4042 6200
179 356 248 414 rasa
562 333 567 345 '
619 349 804 409 exrosmo
822 347 938 407 suren
957 345 1143 403 ιιιιιιιιιι.
1163 375 1197 386 -
1215 345 1279 401 un.
1298 344 1369 402 ιιιιι.
1745 344 1813 401 ιιιι

175 469 308 530 ιιιὶιιτὶι
323 468 488 525 mammone
498 480 552 524 nou
563 466 687 538 despicit,
699 481 752 522 nort
762 465 849 522 solnm
860 461 968 519 reniam
983 462 1007 522 Α
1021 458 1109 514 loram
1121 456 1253 528 scriptum
1266 464 1310 513 ιιι
1320 456 1389 530 (det.
1405 457 1462 529 ml:
1479 473 1488 505 ι
1505 452 1624 511 Verbum
1636 453 1743 512 Domini
1756 471 1815 514 ιιι

175 563 352 623 delictorum,
375 558 423 615 scd
439 571 466 615 et
480 572 628 630 supernum
647 557 788 628 praemium
804 570 819 610 a
834 569 899 611 vcro
913 552 968 609 sal·
1022 548 1134 613 scebat,
1147 557 1176 604 et
1190 547 1422 620 multiplicabatur
1434 561 1565 603 numerus
1579 545 1770 616 discipulomm
1785 548 1812 605 in

175 661 270 708 satore
287 648 541 706 etclemeotissimo
553 646 645 716 iudice
665 661 777 719 sperare
790 645 909 711 debebit,
923 643 969 715 qui
1021 641 1171 699 Jerusalem
1193 640 1290 708 valde,
1319 642 1403 698 multa
1428 640 1511 697 etiam
1538 638 1616 695 turba
1642 640 1813 698 sacerdotum

174 755 270 800 omncs
284 740 409 797 homines
421 739 479 793 vult
499 738 588 794 salros
611 752 672 794 esse
695 745 724 793 et
746 737 780 793 ad
804 736 969 807 agnitionem
1021 734 1164 790 obediebat
1177 733 1249 791 lidei.
1265 753 1275 786 ι
1295 733 1328 787 Ει
1342 748 1449 789 rursum
1460 733 1596 805 (Acurrlr
1611 751 1621 785 a
1635 732 1815 791 llvdtitudinis

173 832 318 907 perretrire
331 831 474 887 veritatis:
489 849 500 883 ι
513 830 668 887 liisericors
680 837 708 886 et
723 829 866 884 miserator
880 825 970 882 Domi·
1021 824 1190 880 credentium
1204 831 1296 880 ιιιιιιι
1308 833 1367 881 erat
1377 841 1423 880 cor
1437 840 1530 892 ιιιιιιιιι,
1541 834 1570 882 ιι
1582 826 1673 881 anima
1688 843 1750 893 uua,
1762 843 1815 885 ιιι

172 944 237 993 nus,
251 927 359 997 patiens
371 933 399 980 ιι
415 924 529 981 meltum
546 923 703 981 misericors
719 919 819 995 (Esou.
834 919 939 990 xxxtv).
957 940 967 972 ι
1020 916 1163 987 quisquam
1176 931 1271 973 eorum
1286 932 1347 987 quae
1361 916 1515 987 possidebat
1533 917 1635 988 aliquid
1653 934 1732 975 ιιιιιιιι
1751 936 1814 978 esse

175 1019 238 1075 lileo
251 1027 279 1074 et
298 1016 430 1089 propbeta
444 1016 515 1071 hanc
528 1012 743 1085 investigabilem
758 1010 969 1083 prolanditatem
1020 1004 1141 1069 dicebat,
1159 1006 1206 1061 sed
1220 1014 1300 1061 erant
1314 1005 1367 1061 illis
1381 1006 1473 1061 omnia
1487 1009 1650 1064 communia.
1669 1009 1702 1065 Et
1715 1010 1816 1067 virttrte

175 1106 305 1163 bonitatis
325 1104 375 1161 Dei
397 1104 585 1169 considerans,
602 1110 628 1159 et
642 1101 734 1174 populi
753 1102 796 1159 sui
815 1109 921 1157 reatum
942 1107 971 1156 ct
1020 1113 1119 1169 magna
1134 1098 1282 1154 reddebant
1294 1096 1417 1168 Apostoli
1434 1097 1618 1156 testimonium
1638 1103 1817 1159 resurrectio-

173 1197 338 1267 proterriam
352 1211 405 1251 non
419 1195 559 1267 ignorans,
574 1209 638 1250 mox
651 1192 780 1260 subdidit,
794 1192 907 1249 dicens:
1020 1187 1064 1244 nis
1077 1186 1141 1244 iesu
1155 1188 1256 1246 Christi
1269 1189 1376 1245 Domini
1390 1190 1486 1256 nostri,
1500 1197 1528 1246 el
1543 1192 1631 1263 qratia
1646 1208 1743 1266 magna
1756 1204 1817 1253 erat

210 1285 291 1342 lietb.
306 1303 316 1339 t
330 1285 522 1343 Misericordiae
533 1286 641 1342 Domini
653 1285 717 1356 quia
729 1299 783 1341 non
797 1299 893 1340 sumus
905 1298 969 1339 cun-
1021 1276 1049 1334 ln
1066 1278 1194 1334 omnibns
1211 1277 1280 1344 illis,
1303 1294 1393 1350 neque
1414 1280 1487 1337 euim
1502 1281 1647 1352 quisquam
1664 1299 1747 1356 egens
1758 1296 1818 1342 erat

176 1395 186 1429 ι
200 1376 322 1447 sumpti,
344 1376 479 1448 quianon
494 1375 652 1433 deiecerunt
666 1375 856 1432 miserationes
869 1373 938 1445 ejus.
956 1394 966 1426 ι
1020 1366 1175 1425 interillos.
1194 1367 1333 1440 Quotquot
1346 1369 1418 1425 enim
1432 1386 1603 1442 possessores
1622 1388 1748 1444 agrorum
1769 1386 1816 1432 ιιιι

175 1467 268 1525 Totius
280 1467 354 1524 enim
371 1482 438 1540 qens
453 1482 537 1538 praua
559 1474 587 1523 et
606 1464 735 1539 peruersa
748 1465 903 1522 iudaeornm
917 1464 970 1521 Do-
1020 1458 1163 1515 domorum
1174 1468 1243 1526 erat,
1258 1461 1406 1516 rendentes
1418 1458 1569 1518 afferebant
1586 1464 1702 1534 pretium
1722 1479 1817 1520 eorum

174 1558 279 1615 minum
296 1559 330 1615 ad
349 1558 515 1615 iracundiam
538 1557 712 1629 provocando
733 1557 869 1622 irritavit,
893 1565 924 1611 ut
945 1555 968 1611 si
1019 1566 1080 1622 (ιιι
1090 1551 1287 1618 vendebant,et
1298 1553 1435 1622 ponebant
1444 1562 1507 1607 arttc
1516 1553 1598 1623 pedes
1609 1553 1816 1626 discipulorum,

173 1663 235 1705 catu
249 1648 397 1705 secuudum
409 1645 541 1718 judicium
557 1647 638 1704 vellet
648 1646 784 1719 judicare,
806 1655 834 1703 et
851 1660 905 1701 non
921 1659 970 1715 per
1020 1644 1193 1701 dividebatur
1203 1655 1294 1703 ιιιιιιι
1308 1645 1421 1718 singulis
1433 1654 1515 1717 prout
1537 1647 1636 1719 cuique
1647 1665 1715 1720 opus
1727 1659 1814 1707 erat.»

174 1742 388 1801 misericordiam
399 1742 511 1821 eligeret
519 1742 657 1813 patienter
665 1738 787 1805 sufferre,
796 1739 853 1811 jam
867 1737 967 1795 dudum
1023 1736 1099 1793 Unde
1112 1737 1169 1808 ipsc
1183 1747 1381 1807 consequenter
1393 1738 1479 1795 dicit:

173 1835 263 1906 poenis
275 1832 425 1900 deficeret,
441 1849 492 1889 ιιιι
507 1831 717 1888 restaurationis
730 1846 806 1902 spem
820 1830 902 1885 ullam
918 1829 967 1885 ha·
982 1816 1006 1875 Β
1055 1824 1136 1882 lietb.
1154 1844 1164 1877 ι
1179 1826 1247 1883 Ριιι
1261 1843 1319 1885 ntea
1334 1828 1474 1895 Dominus,
1487 1831 1556 1887 dixit
1567 1830 1658 1888 anima
1673 1848 1744 1900 ntea,
1756 1849 1817 1905 pro-

174 1931 260 1985 beret.
279 1926 357 1995 Quod
376 1934 405 1983 et
418 1925 502 1982 isaias
516 1924 651 1990 ostendit,
673 1924 786 1979 dicens:
804 1941 814 1975 ι
830 1921 877 1978 vae
895 1921 969 1991 genti
1024 1939 1034 1972 ι
1049 1928 1146 1999 pterea
1156 1919 1320 1991 exspectabo
1328 1935 1401 1976 eum.
1416 1922 1572 1996 miliaton.)
1585 1924 1653 1980 Natu
1662 1927 1751 1997 portio
1763 1927 1816 1982 Do-

173 2016 336 2088 peccatriel,
350 2015 450 2088 populo
464 2015 541 2087 gravi
555 2015 709 2085 iniquitate,
724 2012 822 2070 semini
836 2025 967 2083 nequam,
1021 2011 1088 2067 mini
1103 2009 1307 2067 ecclesiasticus
1322 2020 1364 2067 est
1378 2013 1494 2085 populus
1511 2014 1666 2086 redemptus
1684 2016 1817 2087 sangiune

174 2109 238 2166 liliis
255 2107 412 2165 sceleratis!
433 2105 639 2176 Dereliqucrunt
657 2103 820 2168 Dominum,
845 2101 970 2174 blasphe-
1019 2101 1139 2169 Christi,
1155 2102 1189 2158 de
1204 2116 1258 2173 quo
1272 2103 1299 2158 in
1315 2104 1421 2159 canuno
1436 2104 1637 2162 Deuteronomii
1654 2105 1742 2165 lioscs
1754 2109 1814 2172 ait:

173 2207 447 2257 marerumsanctum
458 2196 551 2265 lsmel,
570 2195 715 2253 abalienati
726 2202 791 2250 sunt
799 2202 966 2250 retrorsum:
1022 2212 1032 2246 ι
1047 2191 1115 2249 Pars
1129 2202 1218 2250 aumm
1234 2194 1356 2262 Deretini,
1372 2196 1488 2267 populus
1501 2196 1560 2268 ejas
1570 2196 1664 2265 iacob,
1680 2200 1816 2259 itaniculns

173 2290 330 2363 Superque
343 2290 492 2361 percutiam
505 2303 555 2345 vos
569 2288 641 2344 ultra
655 2287 786 2344 addentes
805 2285 969 2358 precarios·
1020 2285 1185 2342 haereditatis
1207 2286 1266 2358 ejus
1289 2286 1372 2342 lsrael
1388 2286 1479 2359 (Dent.
1494 2287 1601 2361 ratu),
1625 2307 1635 2341 ι
1660 2290 1703 2346 rel
1726 2291 1816 2363 potius

174 2381 275 2437 donem
285 2396 380 2438 :omne
391 2387 472 2452 caput
483 2379 639 2452 languidum
649 2387 825 2434 etomnccor
837 2390 966 2433 moerens.
1020 2378 1078 2449 ipse
1095 2378 1226 2454 Dominps
1238 2395 1302 2452 pars
1317 2379 1386 2451 eitra,
1402 2380 1480 2453 cujus
1492 2396 1587 2439 amore
1599 2384 1690 2440 omnia
1707 2393 1815 2444 terrena

173 2488 189 2527 a
204 2471 296 2544 planta
310 2472 387 2543 pedis
401 2486 487 2541 usqne
505 2470 541 2527 ad
555 2469 685 2525 verticem
698 2484 753 2524 non
768 2476 809 2524 est
824 2467 926 2523 sanitas
940 2468 967 2521 in
1019 2468 1145 2540 despicit,
1160 2479 1189 2527 et
1202 2470 1289 2542 ipsum
1302 2471 1389 2527 solum
1403 2487 1459 2544 prae
1470 2473 1596 2531 omnibus
1607 2475 1709 2532 babere
1721 2475 1814 2550 elegit,

173 2576 226 2618 oo:
242 2560 345 2618 Vulnus
367 2570 395 2619 et
417 2561 486 2619 livor
508 2569 537 2618 et
558 2561 638 2633 plaga
652 2567 771 2627 tumens,
787 2575 841 2614 non
855 2566 898 2615 est
912 2558 967 2614 eir·
1020 2558 1054 2613 ad
1068 2559 1146 2631 ctrjns
1161 2570 1300 2631 aspectum
1318 2560 1439 2618 laturum
1462 2562 1544 2618 etiam
1568 2578 1599 2619 se
1619 2573 1813 2635 perventurum

173 2652 337 2723 eumllqata,
349 2664 402 2710 nec
415 2661 510 2709 curata
524 2652 718 2718 medicamine,
738 2667 826 2722 neque
838 2651 893 2707 iota
907 2651 968 2707 olco
1020 2660 1121 2721 sperat.
1141 2652 1180 2707 Dr
1200 2653 1277 2725 cujus
1292 2669 1406 2725 persona
1426 2653 1560 2726 Propheta
1580 2656 1608 2711 in
1625 2656 1741 2715 Psalmis
1752 2658 1809 2714 ait:

173 2746 241 2820 (lea.
256 2746 286 2820 r).
305 2767 315 2801 t
335 2748 369 2804 Et
382 2755 444 2820 post
458 2746 594 2819 paululum
609 2765 616 2802 ε
633 2767 643 2800 ι
660 2746 718 2803 Nisi
737 2746 868 2802 Dominus
885 2760 968 2801 exer·
1023 2742 1153 2801 «Deiecit
1167 2759 1216 2801 cor
1230 2761 1319 2802 meum
1339 2753 1369 2802 et
1387 2761 1450 2803 caro
1464 2763 1543 2813 mea,
1564 2747 1636 2806 Deus
1654 2749 1746 2806 cordis
1760 2752 1814 2807 moi

173 2840 276 2897 citnum
290 2840 446 2912 reliquisset
462 2839 541 2896 uobis
554 2852 658 2905 semen,
673 2838 750 2910 quasi
765 2835 882 2894 Sodoum
898 2834 966 2894 iuis·
1020 2842 1049 2888 et
1063 2849 1127 2906 pars
1136 2850 1196 2891 mea
1207 2834 1279 2893 Deus
1290 2835 1317 2892 in
1329 2836 1426 2893 saecma
1436 2836 1523 2909 (Ptol.
1533 2839 1630 2911 narrt).
1642 2858 1652 2892 ι
1666 2837 1812 2915 [Comum]

173 2945 282 2997 ιιιιιι,
301 2939 329 2988 ιι
342 2932 420 3003 quasi
435 2930 587 2988 Gomorrha
602 2929 703 2986 similes
716 2944 875 2986 commus.»
896 2927 967 2988 lilne
1020 2927 1148 2987 Deiectus
1164 2929 1254 2987 dictus
1268 2937 1326 2997 ιιι,
1345 2932 1475 3002 quoniam
1491 2930 1568 2987 deest
1582 2930 1620 2987 illi
1635 2929 1761 3000 ellectum
1784 2943 1814 2988 et
1886 3002 1889 3006 ⁴

172 3029 202 3077 et
215 3019 316 3077 Paulus
329 3020 368 3076 ait
387 3019 476 3092 (Rom.
490 3018 551 3093 tt):
568 3039 577 3071 ι
593 3018 671 3087 Quod
689 3019 713 3074 si
730 3017 824 3075 rolens
837 3016 968 3077 Domina
1017 3021 1080 3094 jure
1101 3022 1230 3094 cogitatio
1251 3022 1369 3079 carnalis
1388 3021 1544 3089 deiecerat,
1568 3039 1628 3095 quae
1651 3038 1682 3080 se
1705 3039 1813 3082 errasse

172 3112 319 3169 ostendero
338 3113 408 3168 iram
429 3121 459 3167 et
480 3119 571 3169 nutam
595 3110 685 3167 lacere
710 3109 860 3181 potentiam
876 3127 965 3182 suam,
1020 3115 1149 3173 noscebat
1171 3116 1219 3172 sed
1251 3114 1288 3170 illi
1316 3114 1461 3171 muitetur
1487 3115 1530 3172 cui
1557 3114 1665 3187 culpam
1691 3118 1813 3174 mrolare

174 3202 303 3259 munnit
318 3202 346 3258 in
360 3201 444 3257 multa
462 3201 594 3272 patientia
609 3215 673 3256 rasa
690 3199 739 3256 irae
759 3209 822 3272 apta
836 3201 862 3257 in
880 3202 965 3258 inter·
980 3191 1003 3254 C
1020 3206 1169 3263 remedium
1191 3213 1243 3271 est,
1268 3204 1365 3262 delicta
1389 3202 1512 3261 confiteri
1525 3205 1667 3262 securitas.
1695 3206 1730 3261 Et
1749 3219 1813 3265 nota

174 3294 271 3351 itum:
298 3301 328 3349 ut
348 3292 503 3349 ostenderet
527 3290 634 3348 divitias
658 3291 751 3363 gloriae
771 3306 828 3348 sure
849 3292 877 3347 iu
900 3308 966 3349 rasa
1019 3299 1092 3368 quud
1107 3298 1134 3352 in
1153 3313 1208 3355 utto
1228 3311 1309 3353 versu
1333 3310 1382 3355 eor
1405 3303 1433 3353 et
1456 3296 1484 3351 in
1508 3296 1580 3352 bono
1600 3297 1712 3367 ponitur
1732 3307 1761 3354 ιι
1784 3299 1811 3354 in

173 3382 381 3450 utiscrlcordior,
402 3396 462 3452 quaa
475 3381 635 3451 preparavit
653 3381 681 3436 iu
695 3381 826 3454 gloriam,
847 3400 917 3455 quos
938 3393 967 3441 et
1019 3388 1109 3445 malo:
1126 3406 1136 3440 ι
1151 3388 1255 3445 Deiecit
1266 3401 1323 3452 cor,
1340 3406 1350 3440 t
1366 3387 1460 3457 utique
1475 3386 1544 3441 mala
1559 3387 1698 3460 cogitatio.
1714 3406 1724 3442 r
1740 3388 1811 3445 Deus

173 3472 280 3530 vocavit
293 3487 343 3529 nos
357 3488 410 3528 non
424 3470 511 3528 scium
526 3486 559 3527 ex
571 3470 682 3537 ludaris,
697 3473 840 3530 sedetiam
854 3474 888 3530 de
901 3491 966 3546 qen·
1018 3490 1109 3536 autem
1121 3479 1221 3543 cordis,
1234 3499 1244 3532 ι
1257 3479 1309 3535 lroe
1323 3486 1375 3545 est,
1388 3487 1485 3535 auctor
1495 3477 1558 3533 boui
1571 3465 1734 3545 intellectus,
1747 3480 1810 3551 quia

173 3563 256 3628 libus,
266 3571 320 3619 etc.
337 3582 348 3609 ι
373 3561 451 3619 Hunc
464 3561 553 3617 ¹⁰⁰le
567 3571 733 3618 memmius
747 3564 885 3635 aposlolus
897 3564 966 3619 Pau·
1017 3586 1079 3628 cunt
1092 3570 1151 3627 sinc
1162 3568 1222 3640 ejus
1233 3569 1320 3641 qratia
1333 3584 1412 3626 nemo
1425 3569 1516 3625 habet.
1530 3568 1603 3626 lilius
1614 3573 1680 3626 redo
1693 3571 1812 3627 bominis

173 3655 234 3722 ¹¹¹⁶,
259 3656 294 3712 ad
309 3656 419 3712 eosdem
436 3653 575 3716 nonanus
593 3653 698 3725 plenius
714 3656 825 3712 disserit
842 3657 966 3713 scribens
1017 3664 1089 3720 Dens
1103 3671 1233 3733 estpars,
1249 3662 1340 3734 quise
1359 3660 1493 3731 majestati
1508 3661 1593 3731 ipsius
1608 3669 1636 3717 et
1649 3661 1812 3718 credulitate

173 3747 261 3820 (iiam
274 3745 313 3819 ιιι)
328 3755 335 3801 2
349 3766 359 3800 ‹
374 3747 441 3803 Dico
455 3761 540 3818 erqo:
556 3745 683 3817 Nunquid
704 3747 803 3819 repulit
821 3747 893 3804 Deus
914 3763 964 3819 pu·
1017 3755 1155 3812 consociat
1175 3763 1204 3809 et
1217 3752 1350 3825 probabili
1377 3751 1484 3809 actione
1503 3751 1685 3808 commendat.
1705 3752 1735 3808 ln
1757 3768 1809 3809 sar·

172 3840 265 3912 pulum
279 3840 381 3897 suuml
406 3838 484 3895 abste
502 3857 510 3893 :
535 3854 599 3895 nam
617 3847 645 3894 et
659 3854 710 3912 eqo
723 3839 844 3896 israelita
855 3855 916 3896 sunt
931 3856 963 3896 ex
1016 3846 1077 3900 cula
1094 3859 1176 3908 vero,
1198 3844 1271 3914 quod
1286 3842 1405 3908 addidit,
1428 3855 1536 3912 semper
1554 3857 1585 3898 se
1604 3842 1655 3913 ipsi
1670 3841 1811 3899 adhaerere

173 3934 277 3989 semine
298 3931 432 3997 hbrabae,
457 3932 581 3988 detribu
606 3931 758 4002 Denjamiu.
785 3930 843 3988 Non
868 3930 966 4001 rettulit
1017 3937 1159 4008 promisit,
1184 3936 1256 4006 qnod
1278 3949 1373 3990 reuera
1387 3932 1569 4005 perfecturum
1583 3943 1645 3999 est,
1669 3950 1808 4005 nunquam

174 4028 246 4083 Deus
258 4024 365 4097 plebem
379 4040 466 4090 suant,
481 4039 563 4094 quam
575 4023 745 4094 praecinier
770 4023 803 4079 Et
822 4031 882 4093 post
899 4038 965 4093 pau·
1017 4028 1051 4083 ab
1068 4027 1115 4083 illo
1133 4026 1201 4081 telle
1221 4024 1378 4091 discedere,
1401 4024 1460 4080 sinc
1477 4038 1532 4095 quo
1549 4024 1683 4097 contingit
1701 4041 1810 4100 sempor

172 4118 277 4174 iulum:
294 4135 304 4169 ι
321 4116 367 4173 Sic
388 4131 454 4189 erqo
476 4125 503 4172 ιι
526 4115 553 4172 in
573 4116 626 4173 isto
645 4124 767 4188 tempore
786 4117 906 4186 reliquiar
920 4132 963 4172 se-
1016 4135 1121 4176 errare.

173 4214 292 4268 cundum
304 4212 463 4267 electionem
483 4211 578 4282 gratiae
596 4210 677 4267 saluae
701 4210 779 4266 iacta
801 4219 873 4267 sunt.
890 4230 900 4264 ι
925 4210 963 4264 lix
1053 4211 1145 4266 lietb.
1163 4229 1174 4262 a
1190 4210 1280 4266 Bonus
1298 4217 1341 4266 cst
1357 4207 1488 4264 Dominus
1501 4208 1673 4280 sperantibus
1689 4210 1715 4265 in
1729 4225 1808 4272 cum,

173 4317 228 4373 quo
241 4301 394 4358 ostenditur
407 4301 564 4371 superiora,
583 4315 642 4370 quae
656 4308 751 4357 contra
765 4299 916 4357 ierusalem
938 4306 966 4355 ιι
1020 4304 1143 4360 «atrimae
1162 4301 1295 4373 querenti
1315 4300 1400 4356 illum.
1416 4320 1426 4352 ι
1452 4299 1599 4373 (Daunus.)
1615 4300 1706 4358 Βιιιιιι
1719 4302 1810 4373 itaque

171 4391 270 4450 iudam
284 4408 374 4449 sermo
395 4393 533 4464 prophetae
549 4392 626 4448 isaim
640 4391 821 4450 comminatus
833 4399 891 4457 ost,
911 4406 965 4447 nou
1017 4395 1147 4452 [ιιιιιίιιιιι
1171 4392 1342 4464 sperantibus
1365 4391 1392 4447 iu
1415 4406 1498 4458 eum,
1525 4392 1589 4462 quia
1611 4391 1808 4463 beneplacitum

173 4486 209 4541 ad
222 4483 375 4557 Babylonia
389 4483 557 4554 captivitatis
570 4481 712 4540 reicrenda
728 4490 844 4554 tempus,
866 4481 914 4537 sed
931 4483 965 4537 ad
1017 4497 1060 4544 osc
1073 4486 1188 4543 Domino
1204 4500 1286 4555 super
1297 4484 1435 4551 timentes,
1448 4491 1475 4539 et
1490 4484 1517 4539 ln
1532 4484 1640 4553 eosqui
1654 4494 1765 4555 sperant
1781 4485 1808 4541 in

172 4575 297 4632 ultimam
320 4572 519 4641 R⁰m³¹l⁰i1¹ll¹2
542 4575 651 4645 quando
674 4573 701 4628 ln
725 4572 862 4644 Apostotls
884 4572 965 4628 salvar
980 4541 1004 4600 ⁰
1017 4575 1203 4634 misericordia
1218 4575 1286 4646 ejus.
1309 4573 1393 4641 Quem
1408 4575 1454 4644 qui
1470 4573 1583 4644 requirit
1598 4574 1717 4632 inveniet
1729 4591 1808 4642 eum,

173 4668 329 4726 factasunt
342 4669 464 4740 reliquia
487 4668 578 4739 populi
600 4667 773 4733 iudaeomm,
797 4676 824 4722 ct
848 4683 901 4723 una
922 4667 966 4723 die
1016 4681 1044 4728 et
1054 4672 1087 4727 ad
1099 4672 1207 4728 beatam
1219 4670 1300 4725 vitant
1313 4670 1464 4740 perveniet.
1481 4666 1559 4726 Unde
1569 4669 1635 4725 dicit
1646 4668 1806 4726 Psalmista:

173 4763 349 4818 erediderunt
362 4762 413 4818 tria
427 4761 511 4818 millia
527 4770 556 4817 et
570 4761 688 4832 quinque
705 4759 798 4822 millia,
818 4768 846 4815 et
864 4760 891 4815 in
908 4766 965 4816 toto
1019 4781 1029 4815 ι
1048 4762 1166 4831 Qttaerite
1189 4761 1331 4816 Dominum
1357 4767 1385 4815 et
1400 4759 1471 4816 vivet
1493 4759 1583 4815 anima
1606 4769 1696 4816 vestra
1720 4759 1806 4832 (Ptol.

173 4857 240 4912 orbe
254 4853 427 4926 Erartgelium
447 4854 610 4910 seminatum
630 4862 683 4910 cst.
707 4852 756 4910 Cui
771 4853 854 4908 etiam
872 4852 965 4909 sensui
1016 4856 1122 4926 trun).
1139 4874 1148 4906 ι
1174 4853 1319 4923 Deqtmet
1333 4850 1416 4907 isaias
1431 4850 1488 4906 ait:
1504 4869 1514 4903 ι
1528 4848 1621 4908 Sancti
1636 4850 1809 4922 quisperant

174 4961 292 5016 saltuem
303 4946 436 5001 ιθιῑθῐιῑὶι
451 4945 533 5002 lavel·
549 4944 616 5001 Nam
631 4945 772 5002 subditur:
1017 4954 1043 5007 in
1062 4952 1186 5014 Domino,
1202 4948 1346 5003 mutabunt
1365 4944 1567 5010 fortitudinem,
1587 4951 1727 5000 assument
1742 4958 1809 5013 pen·

211 5036 291 5093 lietb.
307 5056 318 5088 ι
334 5036 401 5093 Noti
416 5036 543 5101 diluculo,
561 5037 645 5092 millia
665 5045 707 5092 08!
725 5037 793 5093 fides
810 5046 865 5093 tna.
883 5057 893 5090 ι
914 5037 966 5092 ¹00·
1020 5059 1069 5098 nas
1084 5051 1113 5097 ut
1127 5040 1227 5110 aquila,
1244 5037 1376 5093 volabunt
1388 5043 1416 5090 et
1430 5049 1483 5092 non
1497 5033 1624 5090 delicient
1638 5030 1706 5103 (lae.
1722 5031 1777 5104 ιι).
1795 5051 1804 5083 ι

173 5129 268 5198 quitur
283 5143 349 5198 ergo
366 5129 497 5200 propheta
520 5128 554 5184 ad
576 5128 740 5200 primitivam
765 5129 792 5184 in
816 5126 965 5186 Jerusalem
1020 5133 1073 5188 Sed
1089 5132 1151 5202 quia
1168 5132 1268 5185 bonum
1282 5137 1324 5184 cst
1339 5127 1394 5192 illi,
1418 5126 1463 5196 qui
1486 5132 1578 5196 sperat
1596 5124 1623 5178 in
1642 5123 1763 5188 Domino,
1780 5131 1809 5179 ct

174 5222 333 5288 Ecclesiam,
345 5220 658 5292 landansspcciemelus‚
668 5237 738 5292 quae,
748 5230 809 5293 post
818 5223 965 5278 diluculum
1020 5224 1054 5277 ad
1066 5222 1182 5276 iuturam
1193 5219 1340 5290 ejusritam
1352 5213 1507 5288 [visionem]
1519 5213 1670 5283 peruenire,
1684 5220 1808 5268 certatut

175 5313 382 5368 resurrectionis
405 5312 516 5378 Christi,
541 5321 660 5368 ueterem
681 5311 816 5368 bominem
841 5328 965 5376 eruens,
1019 5314 1152 5385 patienter
1166 5311 1257 5366 omnia
1271 5309 1385 5365 adversa
1398 5307 1545 5370 sustineat,
1566 5313 1594 5362 ιι
1610 5303 1670 5360 sine
1685 5302 1807 5359 molestia

173 5404 237 5461 aovi
259 5404 377 5460 bominis
396 5403 624 5475 pulchritudinem
645 5413 706 5458 ortu
727 5418 777 5460 sno
797 5403 963 5459 declarabat.
1019 5405 1134 5459 aliomm
1151 5409 1311 5471 praesentem
1326 5399 1410 5453 vitam
1428 5398 1529 5462 ducat,
1554 5397 1665 5451 imitans
1684 5393 1759 5450 illum
1774 5395 1808 5450 de

172 5491 257 5564 Cujus
268 5494 350 5549 etlam
365 5492 448 5548 multa
462 5502 503 5550 est
517 5492 595 5559 tides,
608 5494 671 5562 quia
685 5507 734 5563 per
748 5494 863 5565 qratiam
877 5496 963 5550 sancti
1017 5493 1214 5567 proscriptum
1233 5501 1293 5546 cst:
1311 5507 1321 5541 ι
1339 5489 1407 5544 licce
1427 5504 1522 5544 sert'us
1540 5503 1635 5552 meus,
1659 5486 1805 5558 suscipiam

174 5586 293 5657 Spiritus
307 5586 466 5649 matonam,
487 5585 570 5642 rerba
583 5585 782 5657 predicationis
795 5593 823 5641 ct
835 5584 964 5642 virtutum
1017 5586 1109 5649 illnm;
1127 5587 1228 5637 electus
1246 5595 1333 5645 meus,
1354 5579 1516 5649 complacuit
1530 5578 1581 5635 sibi
1606 5578 1633 5633 in
1655 5578 1701 5633 illo
1715 5578 1806 5635 anima

174 5681 260 5752 signis
275 5680 405 5751 plurimos
430 5680 464 5735 ad
489 5680 645 5735 societatem
671 5679 733 5734 tldci
756 5687 784 5733 et
807 5669 964 5747 religionem
1017 5689 1097 5731 mea:
1126 5671 1187 5726 dodi
1210 5670 1335 5742 spiritum
1358 5684 1446 5725 mcum
1471 5685 1552 5740 strpcr
1572 5684 1655 5735 eunt,
1674 5668 1806 5739 judicium

173 5773 356 5830 Christianam
368 5771 542 5828 munerabat.
561 5770 637 5828 Darde
652 5780 679 5826 et
694 5771 721 5826 iu
733 5769 845 5825 dotibus
858 5776 966 5840 aposto·
1017 5762 1141 5842 pentibus
1155 5761 1282 5834 proieret.
1298 5758 1356 5816 lton
1372 5759 1500 5816 clamabit
1512 5774 1600 5828 neque
1616 5760 1731 5831 acc'piet
1746 5775 1806 5834 per-

418 5867 556 5927 Ptrnut.
583 5863 668 5927 cxl.
1548 5852 1587 5914 39
