4042 6200
148 242 219 298 libb
343 300 345 304 ,
590 238 773 297 EXPDSleO
791 236 905 297 sllrett
919 237 1105 293 renbtltttt.
1121 268 1156 279 -
1175 238 1240 295 Lttl,
1261 237 1318 296 ΧΥ.
1717 238 1789 298 titt

147 350 188 404 tta
202 355 231 405 et
239 361 322 418 super
332 356 489 419 peccatores
499 348 567 420 pluit
584 349 654 421 ignit
668 357 696 404 et
709 348 831 419 sulphur,
846 355 875 404 et
888 348 943 418 spi-
956 363 981 425 Λ
995 349 1072 415 titur,
1087 366 1148 421 qua
1162 358 1189 407 et
1204 350 1262 422 ipsa
1275 351 1372 424 regatis
1381 351 1516 423 qnondam
1531 353 1627 410 civitas
1641 352 1691 411 fnit
1700 397 1709 423 ‚
1719 368 1749 414 et
1762 360 1790 416 in

148 437 412 509 ritusprncellarum
429 454 492 510 pars
504 439 715 495 cadcisemum
996 442 1070 496 omni
1095 442 1172 515 Syria
1197 442 1284 498 ιεεείι
1313 443 1506 515 principatum,
1537 442 1656 501 blccdnm
1678 448 1791 505 tlorebat

187 548 197 583 ε
218 530 289 587 Ecce
306 531 384 601 quasi
402 530 447 587 leo
463 533 593 587 ascendet
608 532 642 588 de
673 532 801 602 superbia
822 529 947 589 lordonis
996 529 1140 587 Antiochia
1155 542 1185 588 et
1200 532 1338 600 Laodicia,
1361 542 1389 589 et
1405 534 1538 605 Apamia,
1559 551 1626 606 quas
1646 539 1728 595 nrbes
1742 556 1791 611 per

149 636 165 675 r
186 622 220 677 ad
236 620 464 690 pulchritudinem
479 622 628 685 robustam,
647 621 711 691 qnia
731 622 822 679 subito
836 636 948 678 currere
996 621 1180 679 Alexandrum
1200 632 1228 680 et
1250 622 1424 681 Macedonum
1449 626 1591 696 imperinm
1617 636 1710 685 auctas
1731 646 1792 687 csse

149 725 246 767 reum
263 710 361 766 faciam
378 710 412 765 ad
432 711 516 777 illam,
531 722 559 766 et
579 712 640 782 quis
656 712 710 768 erit
728 712 947 783 clectus,quem
997 714 1184 784 cognorimus.
1208 712 1276 780 Quia
1298 713 1382 786 igitur
1412 730 1520 786 semper
1551 716 1644 772 decern
1669 718 1793 776 tribubus

151 820 165 857 e
187 818 335 875 proponam
350 803 394 858 eit
408 803 475 870 Quis
485 804 556 859 enim
571 803 669 860 similis
681 805 753 860 mei?
767 805 801 860 lit
815 804 876 875 qnia
889 820 948 861 sus·
996 808 1094 857 contra
1108 800 1204 857 ludam
1219 803 1359 874 prebebat
1380 804 1520 872 auxilium,
1535 814 1563 861 ct
1580 805 1682 878 llegnm
1698 818 1725 865 et
1744 809 1794 864 Pa-

152 910 165 947 e
186 894 284 950 tinebit
294 894 356 949 moi
368 894 403 950 iit
412 894 474 964 quis
485 895 584 950 cstiste
597 906 700 965 pastor,
711 896 757 965 qui
767 895 875 951 resistet
890 895 949 951 rul-
997 892 1184 965 ralipomenon
1197 901 1290 948 narrat
1302 894 1427 961 historia,
1439 897 1521 949 etiarn
1532 897 1583 967 ipsi
1596 898 1747 954 vastitatem
1760 901 1793 955 ab

153 1005 164 1040 r
186 984 949 1056 tuimeot»igitursicutbonrtnmcasttgarttsnperbiam
998 982 1117 1053 Assyriis
1131 983 1349 1054 appropinquare
1369 983 1523 1054 significat,
1542 986 1649 1043 dicente
1662 1004 1725 1060 rcgc
1741 991 1793 1045 As-

150 1075 316 1142 ludaeornm‚
330 1090 399 1147 quos
416 1074 542 1131 iordanis
562 1075 671 1132 nomine
692 1084 769 1132 notet
786 1094 794 1130 z
812 1077 850 1131 ita
867 1076 949 1132 etiam
998 1074 1134 1145 syriorum
1152 1074 1236 1145 :Cepi
1265 1075 1392 1130 Ambiam
1417 1085 1445 1131 ct
1470 1076 1631 1133 damascum
1653 1086 1681 1134 ει
1701 1078 1794 1136 Sama-

151 1173 181 1227 et
207 1166 385 1222 idumaeorum
410 1164 551 1236 perfidiam
584 1158 667 1237 atqu'e
690 1166 841 1231 invidiam,
867 1178 949 1237 qrraro
1000 1166 1080 1222 riam.
1104 1166 1264 1222 Sicutenint
1287 1168 1348 1222 illas
1366 1170 1440 1239 cepi,
1463 1177 1491 1223 et
1510 1171 1636 1225 uniuersa
1652 1188 1733 1243 regna
1748 1189 1786 1229 ca

152 1266 334 1317 marcuerant
349 1267 446 1314 contra
465 1258 564 1314 fratres
581 1274 665 1324 suos,
681 1273 730 1330 per
749 1259 889 1313 ministros
902 1258 951 1313 irae
999 1256 1083 1327 piam.
1101 1255 1167 1312 ltcm
1182 1256 1209 1310 in
1228 1255 1333 1329 Regum
1355 1258 1492 1314 uolumine
1512 1258 1626 1330 legimus
1642 1279 1649 1313 ε
1665 1260 1796 1317 Ascendit

153 1363 210 1406 auae
225 1347 303 1420 plena
318 1347 436 1402 vindicta
450 1347 590 1416 corripiet,
606 1358 656 1401 nec
673 1356 716 1402 est
729 1346 800 1401 nllus
819 1347 865 1417 qui
892 1344 951 1415 ejus
999 1362 1048 1404 rex
1058 1347 1232 1419 Assyriorum
1244 1347 1418 1413 damascum,
1428 1350 1533 1418 ctccpit
1546 1366 1606 1406 eam
1621 1358 1648 1405 ει
1660 1354 1798 1407 transtulit

153 1440 268 1498 oonsilio
280 1438 452 1496 acroluntati
465 1439 594 1494 resistere
604 1439 701 1510 possit.
716 1438 847 1495 Similiter
859 1439 952 1494 elhae·
1000 1438 1029 1493 ln
1049 1439 1181 1512 Cyrenen.
1205 1438 1289 1494 Rasin
1310 1455 1416 1512 quoque
1437 1438 1582 1507 interfecit,
1605 1442 1650 1511 qui
1673 1451 1732 1497 erat
1749 1460 1797 1499 rex

155 1531 236 1588 retici
252 1538 279 1586 ει
292 1530 387 1586 hostes
399 1529 529 1585 Ecclesiae
539 1530 586 1584 Dei
602 1544 656 1583 non
671 1529 787 1585 eradent
804 1536 948 1591 tormenta,
1002 1530 1136 1587 Damasci.
1150 1529 1215 1598 Qua
1225 1532 1316 1587 omnia
1330 1531 1446 1587 Ezecbia
1460 1530 1654 1604 il'erosoiynris
1668 1547 1798 1606 regnante

156 1622 257 1692 iniquis
272 1622 400 1691 operibus
423 1628 451 1675 et
471 1616 650 1691 dogmatibus
663 1620 720 1675 suis
735 1619 879 1691 condigna.
896 1618 950 1674 Sed
1001 1634 1130 1691 perpessa
1146 1630 1218 1676 sunt.
1233 1621 1329 1676 Emath
1343 1636 1407 1693 crgo
1420 1620 1591 1693 etArpbath,
1604 1640 1664 1693 quse
1679 1623 1705 1678 in
1717 1624 1798 1680 Esaia

156 1712 199 1769 teo
224 1710 390 1769 sanissimus
409 1716 438 1765 et
455 1708 648 1779 rapacissimus
670 1707 793 1764 diabolus
814 1707 842 1762 in
864 1714 951 1761 tarta-
965 1714 990 1775 Β
1003 1719 1031 1766 ει
1045 1713 1071 1767 in
1087 1712 1223 1768 llicrcmia
1238 1713 1373 1784 leguntur,
1392 1712 1473 1770 nrbes
1488 1722 1551 1769 sunt
1564 1714 1699 1782 Damasci,
1718 1726 1799 1788 atquc

159 1819 219 1860 rom
253 1818 301 1858 cos
332 1801 468 1874 perpetuis
493 1799 640 1856 laniatibus
668 1798 829 1855 cruciandos
859 1806 950 1855 retru-
1002 1801 1118 1864 Arabia.
1131 1819 1199 1874 quas
1208 1803 1435 1877 rexAssyriorum
1444 1807 1572 1862 vastarit.
1595 1806 1649 1863 Sed
1660 1809 1799 1865 scicndnru

157 1892 209 1951 dtr.
1003 1894 1074 1964 qarod
1094 1893 1128 1948 ab
1141 1895 1220 1950 Esaia
1234 1896 1322 1950 ticina
1340 1896 1484 1967 captivitas
1506 1898 1691 1968 Assyriorum,
1705 1915 1720 1952 a
1735 1898 1800 1955 llic·

196 2005 206 2039 ε
228 1986 375 2058 Propterea
395 1985 488 2041 auctae
503 1984 645 2041 consillum
658 1983 785 2051 Domini,
799 1983 872 2054 quod
892 1982 955 2038 iniit
1004 1985 1090 2040 remia
1100 1982 1378 2056 quoqueBabylonica
1389 1986 1534 2056 captivitas
1544 1987 1716 2044 Damascene
1726 1990 1801 2046 urbis

161 2098 171 2128 ι
193 2078 227 2134 do
248 2077 395 2143 Edom‚et
414 2076 592 2149 cogitationes
609 2074 668 2145 eins
686 2089 754 2146 guas
771 2073 900 2146 mgitarit
920 2073 954 2130 de
1005 2073 1180 2140 describitur,
1200 2073 1226 2129 id
1245 2083 1304 2140 est,
1321 2091 1469 2145 pancorum
1483 2093 1552 2147 ortos
1565 2078 1737 2150 Assyriorum
1753 2095 1802 2136 ret

161 2184 173 2221 r
193 2166 392 2223 habitatoribus
401 2165 539 2233 'flrcman3
555 2166 578 2221 si
592 2181 646 2221 non
664 2165 813 2237 dejecerint
824 2178 873 2220 cos
893 2179 956 2234 par-
1005 2165 1152 2236 rcliquerat
1175 2165 1203 2221 in
1217 2181 1259 2221 ca.
1279 2167 1332 2222 Alii
1346 2168 1482 2224 aestimant
1501 2170 1535 2225 de
1548 2155 1670 2225 Domana
1686 2172 1802 2242 captivi·

161 2279 173 2311 r
194 2257 249 2313 ruli
264 2258 363 2329 gregis,
371 2257 427 2325 pist
437 2256 631 2327 dissipaverint
642 2270 704 2312 cunt
719 2256 759 2311 eis
770 2254 954 2313 habitaculum
1006 2266 1062 2313 tate
1078 2256 1208 2328 praedici,
1223 2258 1331 2328 mando
1345 2266 1372 2314 et
1386 2257 1539 2314 ludaeorum
1553 2272 1648 2332 captus
1661 2270 1703 2317 cst
1718 2278 1802 2332 popu·

162 2370 173 2403 r
195 2365 300 2407 eorunt.
326 2349 351 2403 A
370 2364 437 2405 roca
451 2349 641 2404 minaeorum
655 2356 790 2403 contmota
809 2354 849 2403 est
865 2358 953 2413 terra,
1006 2346 1070 2413 lus,
1094 2355 1122 2402 ει
1138 2347 1301 2423 Damascus,
1321 2348 1364 2403 cui
1378 2348 1531 2420 imperabat
1553 2350 1665 2416 Aratha,
1684 2352 1802 2407 similem

163 2441 300 2498 «clamor
319 2442 346 2497 in
372 2442 442 2497 mari
459 2440 552 2498 Rubro
569 2441 677 2495 auditus
695 2447 737 2496 cst
755 2440 830 2495 vocis
849 2454 954 2495 eorum.
1008 2437 1139 2493 sustinuit
1158 2439 1341 2505 servitutem,
1365 2447 1396 2493 ut
1413 2447 1536 2504 cuncta,
1561 2455 1621 2510 quta
1644 2455 1726 2514 super
1755 2457 1804 2497 cas

163 2556 173 2588 ι
195 2535 265 2591 Ecce
278 2535 355 2604 qnasi
369 2534 458 2606 aquila
474 2533 602 2590 ascendet
614 2540 642 2588 ct
654 2532 765 2598 volabit,
780 2540 809 2588 et
821 2533 957 2604 expandet
1008 2531 1109 2599 scripta
1123 2537 1196 2596 sunt,
1214 2532 1247 2585 ad
1263 2530 1364 2588 Christi
1384 2540 1490 2603 tempus
1502 2540 1529 2588 et
1543 2532 1732 2603 Apostolomm
1746 2551 1805 2607 my-

165 2645 174 2675 ι
197 2623 538 2696 atassuassuperttosram.
550 2624 583 2679 lit
592 2624 645 2680 erit
657 2624 823 2680 cortorulum
833 2623 958 2680 Idumam
1009 2620 1093 2674 steria
1110 2620 1319 2676 transferantur.
1337 2622 1498 2679 Draedicitur
1511 2623 1583 2679 enim
1601 2624 1733 2681 Dammoo
1746 2640 1806 2681 rer·

165 2737 175 2767 ε
198 2717 227 2772 in
241 2716 286 2773 die
299 2715 344 2771 illa
358 2716 437 2787 quasi
459 2731 507 2772 eor
526 2716 646 2772 tnnlimis
663 2716 848 2788 parturientis.
873 2735 883 2770 ι
904 2716 958 2774 tla-
1009 2710 1074 2765 bum
1098 2710 1206 2767 crudele
1227 2713 1414 2784 captivitatis,
1435 2713 1508 2784 quod
1526 2715 1659 2786 propheta
1682 2714 1805 2770 auditum

162 2815 267 2863 statmo
288 2806 414 2863 veniente
432 2820 514 2877 super
532 2806 675 2862 idumaeam
691 2816 718 2863 et
741 2823 822 2878 super
835 2808 957 2874 Bosram,
1008 2802 1157 2872 pessimum
1180 2812 1335 2875 nuncupat,
1354 2805 1479 2876 quodque
1499 2806 1592 2875 uigore
1610 2807 1740 2863 dissoluto
1757 2822 1806 2878 ap·

163 2912 245 2970 «poem
259 2896 357 2968 aquito
373 2897 535 2969 expandenti
547 2896 606 2953 alas
621 2912 704 2964 suas,
727 2899 779 2953 boc
791 2910 852 2964 cst,
865 2898 901 2953 ad
912 2914 959 2954 ra-
1010 2893 1159 2963 prebendet
1172 2907 1232 2949 cam
1252 2894 1333 2950 timor
1348 2903 1376 2950 et
1391 2895 1497 2951 dolores
1514 2895 1591 2967 qtrasi
1610 2897 1806 2967 parturientem

164 2988 292 3060 piendum
311 2996 423 3059 paratae,
442 2997 593 3059 comparat,
607 2990 757 3044 vpxrnipae
772 3004 866 3044 eorum
881 2989 960 3061 longa
1011 2982 1158 3053 exagitent,
1185 2998 1332 3054 titulosque
1354 2983 1480 3042 Damasci
1509 2994 1536 3041 el
1556 2987 1657 3042 tttoenia
1679 2987 1805 3044 Benedab

163 3080 273 3154 lneque
284 3080 401 3148 ωε,
421 3088 450 3137 et
463 3088 594 3138 mmm
610 3080 708 3137 ricims
723 3080 871 3152 provincis,
883 3072 995 3138 juppe
1011 3072 1082 3144 ignis
1098 3071 1218 3129 devoret.
1243 3071 1369 3130 Damasei
1388 3076 1506 3147 primum
1529 3090 1628 3132 nomen
1656 3077 1683 3133 in
1705 3076 1807 3135 Genesi

166 3173 199 3228 gp
213 3190 221 3227 :
237 3173 299 3243 (με,
313 3171 391 3243 jugg,
413 3172 555 3229 compium
574 3172 682 3230 pomynp
702 3189 769 3246 gem
783 3175 900 3246 superb,
915 3175 963 3230 de.
1013 3164 1127 3235 legimus
1151 3164 1228 3235 (Gen.
1244 3163 1311 3236 xv),
1333 3167 1378 3236 qni
1402 3173 1466 3222 ante
1485 3165 1561 3223 lsaac
1581 3166 1629 3223 fuit
1649 3168 1808 3225 vernaculus

164 3266 237 3322 bitae
257 3280 352 3337 poenas
373 3266 432 3320 luit.
457 3265 568 3337 llystiee
590 3274 700 3332 εειεεε,
721 3265 798 3338 juxta
820 3265 962 3321 consitium
1013 3253 1148 3310 menam
1163 3263 1191 3309 et
1209 3256 1355 3326 putabatur
1374 3256 1470 3324 haeres,
1489 3258 1542 3313 uisi
1556 3268 1629 3314 esset
1649 3256 1723 3313 Sarac
1738 3259 1808 3315 dlius

165 3356 282 3423 Domini,
295 3358 398 3430 parrnli
416 3371 540 3430 gregatur,
560 3356 963 3429 bocest‚l1uruilesdcpopnlo
1013 3361 1045 3402 ex
1063 3347 1242 3417 promissione
1259 3356 1413 3421 generatos.
1431 3348 1628 3421 interpretatur
1647 3360 1739 3406 autern
1761 3362 1809 3408 aut

165 3447 453 3504 conspiramentum
477 3458 505 3504 aa
520 3448 609 3503 vernei
628 3449 764 3520 pompare,
784 3447 912 3516 dejiciunt
930 3461 963 3502 ac
1014 3440 1153 3513 sanguinis
1181 3439 1324 3511 poculum,
1351 3449 1399 3495 aut
1423 3443 1582 3510 sanguinem
1609 3444 1731 3508 bibens,
1760 3454 1809 3501 εει

165 3536 302 3608 dissipant
328 3539 445 3608 superna
467 3537 594 3607 dogmata
621 3537 822 3593 hereticorum.
840 3556 851 3590 r
868 3535 965 3593 Eterit
1014 3533 1125 3604 salignis
1134 3531 1232 3600 cilicii,
1253 3533 1807 3604 qttaeomniapnpulooonreniuntEtlrni-

166 3642 217 3684 eor
230 3626 341 3683 fortium
354 3626 478 3684 idumaea
500 3626 527 3681 in
547 3628 590 3682 die
609 3626 667 3692 illa,
687 3627 823 3696 quasicor
842 3625 964 3681 maberie
1014 3639 1118 3690 corum,
1145 3623 1190 3694 qui
1212 3635 1275 3680 ante
1301 3623 1380 3680 fidem
1406 3624 1507 3682 Christi
1532 3628 1635 3685 amicus
1661 3636 1722 3683 erat
1748 3643 1807 3683 satt-

167 3719 364 3791 parturientls:
382 3718 560 3787 ronioomnis
571 3717 658 3773 fastus
668 3717 845 3774 contumacia
856 3716 963 3773 hareti-
1014 3713 1104 3785 guinis
1115 3722 1143 3767 ct
1156 3711 1342 3781 crudelitatis,
1358 3722 1387 3770 ct
1404 3715 1483 3787 digna
1494 3731 1576 3786 opera
1593 3717 1701 3787 planctu
1714 3718 1812 3789 agebat

167 3825 264 3868 eorum
279 3810 385 3866 Domini
398 3820 464 3865 nutu
477 3809 652 3874 conteretur,
670 3817 698 3866 et
720 3809 753 3865 ad
766 3808 880 3865 nibilum
893 3808 965 3865 redi·
1015 3813 1043 3860 ct
1064 3820 1153 3860 εεεεε.
1175 3803 1203 3859 fn
1222 3803 1330 3860 Dicrnm
1344 3806 1414 3861 libro
1434 3815 1528 3861 narrat
1550 3807 1663 3864 historia
1687 3808 1729 3880 (fl
1744 3810 1809 3865 Por.

167 3908 258 3971 getur,
270 3898 462 3971 qnandoiuxta
473 3898 644 3954 Psalmistam
657 3916 664 3953 r
679 3916 688 3951 r
705 3898 840 3970 Exsurget
853 3897 926 3954 Deus
938 3908 965 3953 et
1011 3895 1071 3948 irxrt
1080 3891 1107 3963 ),
1120 3894 1191 3961 qnod
1207 3892 1317 3962 impleto
1335 3908 1406 3947 anno
1420 3896 1572 3950 ascenderit
1585 3905 1680 3953 corttra
1694 3898 1758 3954 lons
1770 3915 1812 3953 rc·

168 3991 372 4063 dissipabuntur
385 3991 486 4046 inimici
500 3990 579 4058 cius,
599 3991 645 4061 qni
658 3992 775 4047 oderunt
794 4004 866 4045 cum.
888 3989 966 4046 Sicut
1015 3999 1076 4055 gem
1102 3982 1255 4040 iudeorum
1274 3987 1411 4043 exercitus
1436 3987 1533 4059 Syrias,
1550 4001 1579 4045 et
1594 3993 1699 4047 tenerit
1715 3991 1813 4049 ilioru-

169 4081 263 4138 deicit
276 4080 366 4135 fumus
380 4081 515 4147 deficient,
534 4081 607 4135 sicut
620 4078 678 4135 fluit
692 4095 754 4136 cera
768 4096 783 4135 ε
797 4079 867 4137 facie
884 4079 963 4152 ignis,
1016 4074 1124 4139 etiem,
1152 4083 1180 4129 et
1206 4090 1301 4132 omues
1326 4076 1463 4148 principes
1492 4079 1584 4150 populi
1618 4081 1809 4151 interfecerit,

169 4163 215 4229 sic
227 4174 351 4244 peribunt
361 4180 517 4244 peccatores
534 4188 550 4226 a
565 4171 633 4227 facie
647 4172 695 4228 Dei
709 4192 716 4227 :
729 4171 764 4227 Et
777 4172 844 4244 lusti
856 4171 967 4243 epulen-
1017 4173 1197 4236 cuneumque
1211 4166 1330 4237 praedam
1347 4169 1452 4224 miserit
1467 4171 1523 4242 regi
1540 4171 1675 4237 Damasci,
1688 4174 1734 4244 qui
1748 4189 1811 4231 erun

171 4273 229 4330 our,
243 4263 417 4320 exsultanti„
432 4271 579 4334 conspectu
596 4262 656 4330 bei,
675 4263 922 4320 conplectebantur
937 4262 965 4317 in
1016 4256 1110 4326 paucis
1126 4255 1193 4311 viris
1213 4268 1346 4323 uenerat,
1368 4267 1396 4313 ει
1420 4260 1491 4315 Deus
1509 4261 1658 4316 tradiderat
1677 4262 1704 4317 iu
1729 4279 1812 4320 marm

171 4353 268 4410 latim
280 4369 312 4408 ac
323 4353 494 4408 multitudine
506 4353 581 4422 pacis
589 4350 676 4425 (Prot.
693 4352 788 4423 urm).
810 4371 820 4404 ›
1016 4359 1110 4400 eorum
1128 4345 1326 4402 mutitudinem
1345 4364 1469 4419 magnam
1488 4351 1579 4432 urinis,
1599 4366 1633 4408 ro
1653 4354 1726 4424 cuod
1747 4355 1811 4411 reli-
1894 4383 1896 4386 v

213 4464 224 4496 ι
245 4444 286 4501 Ad
303 4446 463 4501 Damascum
478 4464 485 4499 ι
499 4444 617 4501 Confusa
635 4455 677 4500 cst
691 4445 788 4500 Ematb
803 4453 831 4500 ct
844 4444 964 4516 Arptnd,
979 4441 1004 4504 D
1017 4434 1526 4510 quissentbomtunmpauumsuomm.
1537 4442 1613 4509 Quod
1619 4441 1699 4511 iuxta
1711 4461 1814 4518 anago-

176 4555 187 4589 ε
208 4536 272 4606 (prtia
284 4535 406 4590 anditum
417 4535 565 4605 pessimum
578 4534 731 4599 audierunt,
747 4533 848 4588 turbati
863 4544 927 4589 sunt
942 4533 969 4588 in
1019 4545 1071 4601 gen
1093 4540 1120 4586 et
1131 4527 1285 4586 futurorum
1298 4540 1389 4605 typum
1403 4534 1628 4591 considerandum
1643 4545 1704 4593 est:
1721 4548 1811 4596 utrum

177 4647 188 4681 ε
211 4627 292 4691 mari,
306 4628 333 4681 in
345 4625 526 4683 sollicitudine
538 4626 678 4696 quiescere
696 4640 748 4680 non
769 4626 865 4696 potuit.
878 4624 969 4680 Disse
1020 4622 1072 4677 boc
1083 4621 1117 4676 ad
1133 4628 1241 4691 tempus
1251 4623 1383 4681 Dominici
1396 4625 1527 4683 adrentus
1542 4628 1645 4685 referre
1664 4630 1811 4688 valeamus.

177 4738 188 4772 ε
211 4716 319 4773 tuaest
331 4715 495 4782 Damascos',
510 4730 589 4770 versa
610 4723 652 4770 est
671 4715 698 4769 in
713 4713 813 4785 fugam,
830 4713 970 4783 timorap-
1020 4711 1084 4768 Post
1094 4711 1176 4768 finem
1188 4714 1260 4769 enim
1274 4716 1336 4771 anni
1346 4717 1529 4787 acceptabilis,
1544 4719 1572 4776 in
1583 4720 1813 4790 quoaSaltatore

178 4830 188 4862 a
210 4807 353 4879 prehendit
363 4822 434 4874 eam,
452 4807 577 4878 augustia
590 4805 737 4861 etdolorcs
750 4812 895 4860 tenuerunt
907 4819 968 4859 eam
1019 4805 1194 4878 Evangelinm
1208 4807 1383 4878 predicatum
1400 4817 1453 4876 est,
1481 4810 1604 4865 ascendit
1623 4813 1657 4866 de
1679 4810 1812 4866 Damasco

179 4918 189 4950 ε
212 4898 290 4970 mrasi
307 4898 511 4969 parturientem.
533 4896 673 4965 Quomodo
688 4896 887 4967 dereliquerunt
904 4895 969 4951 ciri·
1021 4893 1141 4962 gentium
1160 4893 1306 4959 exercitos,
1323 4895 1348 4948 in
1364 4896 1457 4964 paucis
1473 4896 1550 4961 viris,
1564 4908 1658 4950 mrttra
1674 4895 1771 4951 ludant
1785 4906 1813 4952 ct

178 5009 190 5041 r
213 4995 298 5043 tatem
321 4988 505 5054 laudabilem,
532 4989 625 5042 urbem
649 4985 765 5041 lactitiae?
788 4985 850 5041 ldeo
871 4987 969 5040 cadent
1022 4979 1208 5047 Hierusalem,
1232 4998 1292 5052 qua
1309 4982 1476 5053 reliquerunt
1493 4985 1657 5051 Dominum,
1677 4993 1813 5043 etomnes

180 5097 191 5131 r
211 5077 324 5149 juvenes
336 5077 395 5147 ejus
409 5077 437 5133 in
456 5078 554 5147 plateis
567 5076 647 5146 cjtrs,
667 5085 696 5131 ct
709 5092 805 5132 omnes
818 5076 870 5131 tiri
885 5074 969 5147 praelii
1022 5090 1115 5131 eorum
1132 5075 1204 5145 leges
1227 5093 1259 5131 ac
1274 5078 1476 5146 prophetarum,
1495 5077 1631 5133 abstulere
1645 5077 1765 5146 divinas,
1784 5088 1812 5136 ct

180 5191 192 5225 ε
213 5169 397 5227 conticescent
411 5169 438 5223 in
459 5169 503 5224 dic
522 5169 576 5233 illa,
590 5168 630 5223 ait
642 5167 771 5223 Dominus
784 5167 969 5232 exercituum,
1022 5165 1156 5221 miserunt
1176 5172 1232 5237 regi
1256 5166 1390 5232 Damasci,
1413 5167 1480 5222 uiris
1500 5167 1692 5224 ecclesiasticis
1705 5179 1733 5225 et
1749 5169 1812 5225 doc·

182 5279 192 5313 r
213 5267 243 5316 et
256 5261 416 5316 succendam
428 5259 515 5330 ignem
526 5260 552 5314 in
560 5273 637 5314 muro
651 5258 787 5324 Damasci,
798 5266 826 5313 ct
834 5258 974 5315 devorabit
1022 5255 1278 5327 trinaecvangelicae,
1287 5255 1332 5324 orti
1345 5255 1614 5327 adcomparationem
1627 5260 1708 5314 ιειίεε
1719 5260 1812 5315 ntundi

184 5373 195 5407 r
217 5354 317 5410 moenia
330 5354 464 5410 benedad.
478 5353 520 5410 Ad
539 5351 664 5410 Cedaret
678 5351 712 5406 ad
728 5367 809 5424 regna
822 5353 899 5414 Asor,
912 5366 973 5423 qnae
1024 5346 1113 5401 aalide
1126 5353 1191 5401 tunc
1205 5344 1308 5412 fideles,
1327 5354 1355 5401 et
1373 5347 1398 5402 in
1413 5355 1469 5402 toto
1487 5347 1553 5405 orbe
1564 5349 1745 5418 dispersorum
1762 5349 1812 5406 Ju-

185 5468 197 5502 ε
219 5446 352 5519 percussit
370 5446 616 5502 Nabuchodonosor
639 5459 686 5500 rex
704 5442 857 5514 Babylonis.
876 5462 886 5495 t
908 5442 972 5498 Post
1023 5436 1159 5502 divitium,
1182 5436 1260 5505 Daiei
1284 5444 1375 5502 elini,
1397 5446 1425 5493 ⁰1
1446 5447 1534 5493 libito
1554 5440 1684 5496 Dominus
1702 5442 1813 5498 tradidit

182 5538 335 5597 Philistaeos
354 5546 383 5593 et
403 5535 544 5601 iloabitas,
563 5534 734 5590 Ammonitas
747 5547 853 5602 quoquc
873 5531 972 5587 etldu-
1024 5527 1191 5584 liicrusalcm
1216 5526 1338 5583 manibus
1363 5543 1474 5596 eornm,
1494 5545 1527 5586 en
1547 5531 1619 5601 guod
1643 5532 1814 5603 reliquissent

184 5646 278 5696 rotans,
293 5630 326 5685 ad
339 5629 510 5697 Damascum,
525 5627 551 5684 id
563 5637 607 5682 cst
619 5624 747 5682 Arabiam
759 5637 849 5680 sermo
860 5637 973 5679 conver·
1024 5621 1071 5677 Dei
1092 5619 1199 5687 Filium,
1220 5621 1266 5690 qui
1287 5636 1334 5692 pcr
1348 5623 1493 5693 propbetas
1506 5633 1569 5679 aute
1582 5625 1743 5695 predicatus
1758 5637 1811 5708 εει
