4042 6200
159 275 210 333 stt
477 261 509 317 li.
528 256 654 314 bsbnb't
673 251 782 312 ttsbttt
799 247 957 306 ancillet).
979 235 1284 302 abduntortsttuu
1306 226 1395 284 latis
1414 228 1456 281 tlt.
1739 218 1795 276 9ῗῖ

159 394 346 456 inproperum
364 391 418 433 rron
436 375 528 437 babet,
546 369 618 442 qnod
640 368 677 423 sit
700 362 824 422 incendio
844 375 934 432 prepa
964 357 1149 425 ,lambitione
1159 349 1346 424 ingrediemini
1359 338 1633 412 portasllieruraiem.
1644 335 1693 393 Sin
1702 347 1793 394 auten

161 486 245 535 ratus.
260 470 429 538 Pulchreque
440 463 537 519 vobem
548 458 663 531 appellat
678 461 869 527 campestrem,
879 449 950 521 quod
1001 447 1092 505 iacere
1103 441 1383 508 nolueritis,odornns
1401 432 1546 504 repimnoo
1561 440 1614 485 tam
1623 428 1729 484 Domini
1739 426 1797 484 erit

160 567 252 643 pervia
274 563 311 620 sit
333 559 467 620 hostibus,
489 562 517 609 et
535 565 590 607 non
611 555 728 604 montem
744 543 890 608 excelsum,
904 539 952 613 qui
1001 536 1179 601 crudelitatis,
1192 547 1274 605 quam
1293 540 1345 587 ωε
1369 523 1525 590 rotonam,
1545 529 1577 577 ut
1590 520 1680 579 omnis
1699 520 1797 575 cirists

160 643 621 718 didrmtterasoendipotost,juita
636 637 709 710 quod
724 632 951 698 inlsaiadieitur,
1003 630 1141 700 redigatur
1165 627 1194 683 in
1221 622 1404 679 solitudinem·
1437 612 1574 684 Quidquid
1597 612 1679 683 regiae
1703 609 1797 667 domui

163 769 173 803 a
191 748 266 807 Visio
277 744 355 799 uallis
367 740 432 796 Sion
444 737 512 810 (iro.
527 731 607 804 xxm).
624 751 634 784 r
650 727 784 798 Quidquid
796 723 830 779 ad
841 723 952 779 domum
1003 722 1106 778 dictum
1132 728 1190 786 est,
1217 715 1368 787 intelligant
1390 705 1529 780 episcopi,
1554 704 1675 774 sociique
1700 717 1797 757 eorum

161 844 276 913 regiam,
289 846 317 894 et
336 835 431 893 urbem
452 825 621 897 metropolim
646 822 833 893 prophetatur,
854 813 954 871 reicio-
1003 808 1154 882 presbyteri
1172 816 1253 876 atque
1268 802 1386 868 diaconi,
1404 808 1433 856 et
1447 794 1538 852 omnis
1549 793 1616 851 ordo
1631 791 1798 848 ecclesiasti·

162 950 223 991 ntus
244 932 280 988 ad
300 923 514 985 ecclesiasticum
528 919 650 975 ordinem
665 924 692 971 et
711 911 846 983 principes
861 906 954 964 Eccle-
1004 917 1063 957 cus.
1085 899 1161 968 Quod
1184 897 1207 953 si
1228 895 1342 952 iecerint
1366 906 1427 963 qum
1447 881 1798 962 preceptasnn1,etimer

161 1026 275 1087 siarum,
296 1034 345 1075 eos
366 1018 498 1072 duntaxat
524 1008 571 1079 qui
598 1022 628 1062 se
650 1003 783 1075 snperbia
804 1008 832 1055 et
853 997 955 1054 diuitiis
1005 1000 1104 1046 cetera
1124 989 1296 1043 innocentem
1318 982 1479 1053 sangninem
1505 989 1559 1028 uort
1580 970 1708 1036 iruerint,
1723 986 1800 1026 sran-

161 1115 332 1182 lasciriaeque
347 1104 517 1166 tradiderint,
538 1116 589 1157 nec
602 1097 705 1161 station,
718 1094 780 1164 quia
796 1092 894 1148 domus
910 1104 955 1144 ro·
1006 1078 1154 1135 delirantes
1178 1075 1305 1131 minimos
1332 1083 1454 1142 quosque
1466 1057 1500 1123 ‘et
1526 1060 1709 1130 remetientes
1732 1076 1800 1117 oon-

162 1211 205 1282 gia
220 1215 263 1263 est
283 1205 318 1259 ab
343 1199 454 1257 interitu
474 1193 643 1250 liberabitur.
666 1184 807 1256 Quomodo
819 1190 847 1237 et
860 1181 906 1253 qui
922 1179 956 1234 de
1007 1152 1799 1239 scientiassingulorumobtineanttraditamsibialiomi·

163 1303 248 1372 stirpe
276 1297 352 1353 luere
366 1291 466 1356 David,
487 1285 566 1358 pauci
589 1282 734 1338 admodum
757 1284 820 1333 sunt
840 1270 956 1335 intenti,
1007 1279 1042 1319 no
1056 1257 1282 1333 dignitatemsin
1294 1265 1384 1311 arimin
1397 1252 1487 1308 iacere
1495 1246 1634 1306 noluerint
1645 1253 1726 1315 atque
1737 1259 1802 1299 ron·

163 1395 209 1467 qui
224 1388 375 1462 placuerint
398 1383 522 1445 dommo.
536 1386 566 1433 ut
584 1377 641 1447 ipse
661 1370 756 1436 llarid,
780 1365 911 1423 Ezechias
929 1370 957 1417 ot
1008 1351 1178 1424 tempestiue
1196 1349 1247 1419 ipsi
1267 1345 1391 1417 redigant
1407 1341 1556 1397 Ecclesiam
1569 1337 1620 1393 Dei
1634 1334 1662 1391 in
1676 1331 1800 1387 solitudi-

163 1484 263 1549 losias,
286 1488 439 1551 magnaque
455 1486 518 1542 pars
539 1465 691 1539 principum
708 1471 738 1517 et
754 1457 847 1528 stirpis
866 1454 957 1526 regiae,
1009 1460 1082 1502 netu.
1094 1440 1284 1515 ingrediuntur
1294 1448 1385 1493 autem
1398 1436 1541 1507 degenere
1550 1432 1635 1487 David
1646 1443 1695 1501 per
1706 1433 1801 1499 portas

165 1576 192 1631 in
207 1572 363 1630 universum
377 1561 505 1637 pupulum
518 1559 588 1614 iram
602 1553 707 1610 Donnini
719 1545 885 1624 provocaris
1010 1532 1190 1597 Hierusalem,
1211 1537 1239 1584 et
1260 1527 1355 1583 sedem
1372 1540 1454 1596 super
1472 1524 1599 1578 dirorum
1615 1520 1688 1591 eius,
1701 1516 1747 1589 qui
1759 1516 1801 1571 in-

1010 1634 1178 1696 torpretatur
1200 1620 1279 1677 lortis
1301 1632 1394 1684 marin,
1419 1626 1448 1672 et
1471 1614 1620 1671 ascendunt
1650 1626 1748 1668 currus
1772 1616 1802 1666 et

369 1816 371 1821 ,
455 1717 569 1777 CAPUT
589 1712 669 1768 ΠΗ·
972 1716 995 1775 B
1008 1731 1103 1786 equos,
1116 1712 1224 1785 quando
1236 1709 1375 1766 refrenant
1390 1715 1416 1762 et
1433 1721 1499 1762 tuas
1515 1713 1544 1762 et
1557 1703 1648 1776 populi
1659 1703 1802 1774 perunte-

169 1843 283 1900 bertier
306 1836 432 1909 propbeta
452 1830 486 1885 od
512 1842 597 1898 repent
622 1820 768 1900 praecipere
788 1814 927 1893 jectitione
947 1824 957 1861 .·
1009 1807 1148 1871 tiones‚et
1160 1800 1310 1873 composito
1325 1801 1352 1855 iu
1368 1795 1488 1853 Ecclesia
1501 1794 1689 1867 ingrediuntur
1704 1792 1802 1864 pradia,

200 1910 323 1967 toreliis
340 1923 385 1960 rus
397 1902 470 1958 iuda
487 1895 632 1953 insepultus
650 1898 791 1963 proponat
802 1895 876 1939 estro
892 1882 958 1936 lire·
1009 1908 1037 1955 01
1050 1897 1196 1953 „luparum
1212 1895 1341 1948 virtutum
1355 1891 1450 1956 epm-0,
1465 1887 1571 1958 simque
1583 1900 1617 1942 ex
1635 1884 1709 1941 omni
1725 1894 1803 1955 pap-pe

204 1979 330 2035 ruentem.
1010 1976 1804 2047 concinnentiumdtutbocrerumessecredamusjurat

207 2134 216 2168 a
237 2112 300 2169 ileo
314 2107 381 2165 dicit
393 2103 544 2161 Dominus:
560 2091 699 2152 Descende
715 2089 742 2144 in
763 2088 872 2143 domum
888 2080 961 2152 rogis
1010 2096 1060 2151 per
1073 2093 1113 2144 se,
1131 2077 1194 2149 qnia
1210 2075 1288 2149 juxta
1309 2072 1478 2145 Apostolum,
1500 2070 1631 2141 maiorem
1649 2066 1733 2122 alium
1754 2080 1804 2137 per

158 2227 182 2288 a
202 2205 283 2270 mun,
296 2209 324 2257 et
341 2195 461 2268 loqueris
475 2192 511 2247 ibi
528 2188 640 2245 verbum
658 2185 721 2247 boc,
735 2188 763 2235 et
779 2178 854 2232 dices
868 2191 875 2228 ι
891 2170 961 2227 dudi
1011 2186 1092 2243 qoem
1103 2167 1196 2239 jurare
1209 2166 1295 2237 possit
1311 2179 1366 2219 non
1385 2162 1468 2218 babet
1486 2158 1581 2234 (licii.
1600 2158 1651 2228 m).

172 2319 182 2351 r
203 2295 315 2353 verbum
330 2286 445 2352 bomini,
460 2278 598 2340 texturis,
616 2272 661 2345 qui
679 2271 758 2328 sedes
771 2280 852 2337 super
863 2262 962 2319 solium
1051 2281 1061 2314 r
1084 2260 1152 2328 Quia
1171 2258 1229 2313 hmo
1244 2256 1310 2311 dicit
1323 2253 1453 2309 Dominus
1469 2265 1552 2322 super
1565 2249 1677 2307 domm
1692 2247 1755 2318 (rim
1770 2251 1805 2303 at

173 2410 183 2441 a
205 2384 383 2450 boaid,tuet
399 2371 577 2441 semilaici
596 2363 709 2437 populns
728 2369 800 2423 tuus,
811 2354 857 2425 qui
873 2352 963 2422 ingre·
1015 2367 1026 2402 r
1049 2342 1170 2415 mnium)
1188 2341 1258 2413 regis
1276 2338 1356 2405 tuda,
1375 2335 1487 2401 nataae,
1509 2345 1537 2391 tu
1559 2334 1627 2390 milii
1648 2341 1731 2405 caput
1743 2334 1806 2405 (dre

174 2501 183 2533 a
207 2474 302 2533 dimini
317 2487 365 2544 per
376 2465 539 2541 portasbas.
555 2459 618 2515 lieo
631 2455 696 2511 dicit
707 2450 835 2508 Dominus
849 2465 856 2501 ι
870 2443 964 2499 Facite
1016 2458 1027 2494 r
1049 2433 1223 2511 principium)
1240 2431 1346 2497 libani,
1360 2429 1384 2487 si
1398 2443 1451 2484 nou
1465 2442 1581 2497 posuero
1597 2435 1623 2481 te
1639 2425 1666 2480 in
1682 2424 1799 2481 solitudi-

175 2589 185 2622 ε
202 2564 335 2638 judicium
348 2553 533 2630 etjustitiaru,
548 2557 576 2605 et
591 2547 704 2601 liberate
716 2540 741 2595 ri
754 2548 911 2609 oppressum
931 2531 965 2586 tlo
1018 2550 1028 2584 i
1051 2545 1126 2595 nem,
1140 2526 1222 2583 urbes
1235 2519 1434 2581 inhabitabiles.
1448 2516 1668 2573 sisinciacum
1682 2530 1763 2586 super
1781 2522 1809 2569 te

176 2680 186 2713 o
208 2671 290 2713 runnu
304 2643 518 2709 mimoniatoris,
541 2646 570 2694 et
588 2638 731 2696 advenam,
742 2638 771 2685 et
783 2627 923 2701 pupillum,
937 2632 965 2676 ct
1019 2640 1028 2674 t
1051 2617 1259 2676 interficientem
1282 2612 1383 2679 tirum,
1402 2619 1430 2668 et
1448 2625 1524 2666 arma
1538 2607 1614 2679 cium
1627 2615 1656 2664 et
1670 2607 1810 2663 succident

176 2774 186 2805 a
209 2749 318 2805 uiduam
330 2733 693 2798 nolitecontristarc,noque
703 2719 863 2794 opprimatis
874 2717 966 2786 inique
1019 2733 1028 2765 r
1049 2712 1149 2768 eiectas
1159 2709 1256 2764 cedros
1271 2714 1342 2769 tuas,
1354 2710 1381 2759 et
1393 2700 1600 2772 precipiebam
1613 2698 1679 2770 (sire
1689 2697 1809 2767 mittent)

177 2866 187 2900 ,
209 2845 267 2901 pren
281 2837 373 2909 impie,
389 2842 417 2890 et
435 2827 594 2900 sanguinent
611 2822 782 2877 innocentem
799 2827 833 2868 ne
846 2809 967 2869 eliundn-
1020 2820 1030 2854 r
1054 2802 1082 2857 in
1095 2801 1194 2872 ignem.
1210 2795 1243 2851 Et
1256 2792 1459 2866 pertransibunt
1471 2800 1567 2861 gentes
1579 2787 1670 2843 muita·
1685 2802 1734 2858 per
1745 2785 1812 2841 eiri-

177 2959 187 2991 r
210 2937 246 2994 m
259 2933 286 2990 in
305 2932 367 2987 ω
388 2928 451 2982 pm
470 2919 500 2976 gp
520 2916 593 2975 enim
614 2912 745 2969 pappum
764 2903 885 2961 repertus
906 2912 967 2957 rap
1021 2912 1031 2945 r
1054 2903 1136 2949 estem
1156 2891 1237 2951 bano,
1251 2895 1279 2941 et
1304 2883 1377 2939 «iicet
1399 2881 1585 2951 uuusquisque
1603 2876 1728 2949 proximo
1741 2891 1809 2932 sun:

397 3011 581 3087 ingredientur
598 3020 650 3078 per
668 3010 760 3075 portas
779 2998 875 3054 donnus
888 2993 968 3064 btijns
1022 3003 1032 3036 r
1055 2981 1145 3051 Quare
1162 2977 1228 3033 iecit
1244 2974 1374 3030 lionrbttm
1391 2973 1431 3029 sio
1447 2970 1549 3026 civitati
1562 2969 1627 3025 huic
1644 2966 1765 3038 magam
1779 2967 1813 3020 bt

737 3105 820 3163 super
840 3057 1003 3143 chronique
1022 3094 1032 3128 r
1054 3066 1255 3144 respondebunt
1271 3061 1331 3122 :lio
1343 3062 1416 3135 quod
1428 3059 1621 3132 dereliquerint
1633 3066 1742 3130 marm
1758 3058 1810 3115 bo-

896 3176 969 3232 wvr
1022 3181 1031 3215 a
1053 3160 1121 3216 mini
1143 3157 1191 3212 liei
1208 3155 1249 3212 sui
1272 3162 1299 3210 et
1318 3152 1491 3208 adoraverint
1507 3149 1572 3205 deos
1586 3147 1691 3205 alienos
1707 3157 1735 3203 et
1752 3162 1811 3203 scr·

179 3049 189 3082 ι
211 3031 273 3083 bunt
289 3022 371 3087 istud,

179 3142 189 3175 t
210 3132 288 3190 repes
301 3111 428 3170 sedentes
448 3105 483 3160 de
507 3113 607 3174 genere
631 3093 714 3151 band

180 3231 190 3265 a
212 3210 280 3280 ejus,
296 3214 324 3261 et
335 3198 517 3258 ascendentes
527 3204 625 3248 currus
638 3194 667 3242 et
682 3197 777 3255 equos,
792 3179 842 3251 ipsi
857 3187 884 3233 et

181 3321 192 3356 a
212 3308 240 3357 et
259 3293 373 3369 papulus
392 3300 496 3344 eoram.
511 3279 589 3350 Quod
608 3277 631 3334 si
649 3291 703 3330 non
725 3270 866 3327 audieritis
886 3267 970 3321 rerba
1023 3272 1033 3306 t
1055 3251 1154 3308 tieritrl
1169 3246 1220 3304 eis.
1237 3267 1247 3299 r
1263 3244 1375 3308 Galerii,
1393 3257 1475 3313 quam
1496 3239 1616 3312 possedit
1637 3237 1748 3294 dimidia
1767 3236 1815 3291 tri·

181 3412 192 3447 r
211 3390 270 3446 beo
286 3398 335 3456 per
353 3378 540 3444 memetipsum
555 3366 645 3441 iurari
666 3364 733 3419 ‹iicb
748 3360 886 3422 bominum,
906 3354 970 3425 quia
1020 3345 1071 3401 bus
1085 3342 1218 3406 Manasse,
1234 3352 1311 3396 trans
1330 3334 1487 3399 londonen,
1498 3329 1638 3403 Scriptura
1648 3342 1816 3386 nonrmemu-

181 3502 191 3535 r
213 3480 242 3536 in
262 3469 434 3533 solitudinem
450 3464 504 3518 erit
524 3462 621 3517 domm
639 3457 706 3511 lanc
723 3474 734 3507 a
751 3448 886 3524 (liieron.)
909 3448 974 3502 ttae
1021 3446 1066 3493 rat
1076 3431 1152 3509 (Gtu-
1165 3429 1253 3501 xxti).
1269 3430 1296 3485 itt
1309 3444 1362 3499 quo
1377 3435 1469 3482 metite
1481 3423 1574 3480 Labeo
1585 3422 1733 3495 lugientem
1745 3433 1815 3476 con·

179 3571 261 3634 risio,
281 3567 337 3621 imo
354 3559 399 3616 bic
419 3568 510 3612 sermo
531 3548 647 3613 bomini,
666 3544 711 3600 rei
723 3551 787 3599 ante
809 3540 839 3596 itt
854 3541 888 3595 ad
905 3538 973 3594 Pro·
1023 3537 1132 3586 secutus
1154 3533 1196 3580 est
1218 3521 1302 3578 Jacob
1323 3527 1374 3575 :et
1388 3515 1560 3586 monsjurta
1574 3512 1702 3570 Genesim
1717 3525 1818 3567 nomen

180 3662 290 3733 plectam
317 3665 399 3723 quam
422 3642 569 3703 sedechias
598 3638 633 3693 ad
658 3650 720 3693 eum
746 3632 855 3688 nuntios
880 3629 971 3684 mitte·
1024 3616 1127 3687 acecpit
1148 3614 1240 3693 inpie,
1266 3611 1293 3667 id
1313 3616 1366 3676 est,
1388 3606 1507 3663 morulas
1525 3603 1682 3669 testinmnii,
1697 3600 1818 3672 eoquod

182 3759 235 3816 ret,
249 3746 292 3803 tel
306 3751 380 3801 certe
393 3746 537 3811 postquam
558 3728 661 3786 nuntiis
674 3723 812 3798 precepit,
833 3719 898 3791 qnid
918 3716 974 3789 repi
1025 3709 1062 3765 ibi
1076 3706 1159 3763 Jacob
1173 3705 1319 3772 Labanque
1333 3698 1486 3770 iuraverint
1499 3697 1527 3752 in
1541 3710 1669 3752 acervum
1683 3691 1820 3766 lapidibus

184 3842 287 3898 reterre
299 3836 426 3895 debeant,
443 3822 599 3898 precipitur
613 3815 748 3880 leremiae,
762 3821 792 3868 ut
803 3822 974 3881 nequaquem
1025 3798 1205 3873 congregans.
1220 3795 1268 3850 Est
1285 3801 1376 3848 autem
1393 3797 1483 3862 caput,
1505 3789 1563 3844 sire
1576 3785 1758 3859 principium,
1773 3782 1821 3840 bi-

183 3947 231 4006 per
252 3928 361 3986 nuntios
384 3922 509 3991 loquatur
530 3913 681 3983 adceperit,
704 3906 752 3963 setl
773 3906 830 3975 ipse
844 3900 925 3957 vadat
940 3899 975 3955 ad
1024 3892 1088 3948 bant
1112 3887 1211 3944 montis
1232 3881 1345 3949 eaecisi,
1368 3881 1415 3953 qui
1432 3880 1574 3935 universus
1591 3876 1681 3933 cedris
1695 3876 1821 3940 consitus

183 4023 325 4098 palatium,
338 4025 366 4073 et
382 4013 419 4071 ibi
434 4012 560 4080 loquatur
578 4004 615 4060 ei.
631 3999 772 4069 Simulque
788 3994 977 4052 adirimadrer·
1026 3993 1079 4050 est,
1099 3980 1177 4055 iuxta
1202 3977 1268 4034 iliud
1289 3974 1373 4030 liarid
1395 3971 1539 4029 canentis:
1555 3988 1565 4022 i
1581 3968 1616 4025 tii
1637 3964 1823 4024 commovebit

185 4128 278 4173 tainus
290 4110 410 4166 diuinam
429 4096 602 4171 sapientium,
624 4090 698 4162 quod
713 4104 763 4160 per
780 4086 889 4141 nuribus
899 4083 978 4155 jubet
1028 4074 1157 4132 bonaims
1181 4069 1278 4127 cedros
1292 4063 1387 4122 Libani
1410 4060 1503 4137 (Psoi.
1526 4057 1638 4132 rivin).
1653 4076 1663 4109 r
1680 4056 1714 4112 Et
1728 4056 1794 4112 attin
1811 4072 1820 4109 ε

185 4208 273 4266 [rippa
289 4197 419 4263 nunquit,
434 4191 523 4249 mistis
535 4196 563 4245 et
576 4181 725 4257 prosperis,
735 4180 760 4235 si
770 4193 850 4249 agore
864 4173 978 4230 noluerit
1032 4184 1042 4218 i
1060 4162 1121 4218 vidi
1142 4159 1255 4230 impium
1270 4156 1429 4217 exaltatum,
1444 4160 1472 4208 et
1485 4150 1619 4207 elevatum
1637 4149 1708 4203 sieut
1725 4146 1824 4202 cedros

186 4315 234 4357 rex
255 4289 452 4369 poenitentiam.
475 4280 525 4337 llic
545 4291 612 4334 vero
630 4273 694 4344 quia
711 4269 763 4341 ipsi
781 4268 930 4338 imperator
948 4272 979 4319 ut
1029 4255 1123 4313 Libani
1147 4251 1237 4326 (Psoi.
1256 4249 1392 4322 xxxvii.»
1416 4246 1450 4302 Et
1475 4246 1502 4301 in
1525 4242 1655 4299 Zacharia
1680 4240 1823 4312 legimus,

186 4397 289 4463 pergat,
303 4397 357 4441 uon
372 4375 460 4435 tristia
475 4371 590 4434 nuntiat,
603 4375 631 4421 et
650 4363 834 4434 captivitatem
852 4353 979 4426 jamjam·
1033 4346 1152 4419 «Aperi,
1176 4343 1287 4406 Libane,
1311 4351 1403 4413 portas
1422 4346 1491 4404 tuas,
1511 4346 1540 4393 et
1557 4333 1680 4391 comedet
1695 4332 1767 4404 ignis
1777 4346 1826 4387 ee·

187 4493 241 4551 qno
260 4481 414 4533 uenturam,
436 4463 484 4520 sed
504 4466 596 4517 monet
619 4453 684 4525 quid
708 4450 799 4507 lacere
821 4447 927 4510 debeat,
950 4452 979 4499 ut
991 4427 1018 4487 D
1030 4443 1094 4498 dros
1112 4449 1172 4495 tuas
1186 4435 1278 4509 (lecti.
1295 4432 1344 4505 rr).
1360 4453 1369 4485 a
1384 4431 1466 4503 igitur
1479 4427 1604 4500 praesenti
1621 4425 1692 4492 loom
1707 4425 1773 4496 quia
1788 4423 1825 4482 ad

187 4570 255 4625 vitot
268 4560 465 4633 impendentem
476 4539 875 4610 malmundariensem
888 4543 978 4591 autem
1031 4531 1140 4589 domurn
1157 4528 1258 4600 reniam
1271 4525 1440 4596 loquebatur,
1447 4536 1496 4592 per
1507 4518 1692 4589 metaphoram
1703 4514 1827 4586 loquitur

189 4653 330 4730 preprium
349 4656 393 4705 est
416 4645 505 4700 tineo
526 4637 657 4709 iudicium
683 4641 765 4703 atque
785 4627 931 4698 iustitiam,
952 4633 982 4682 et
1032 4626 1067 4682 ad
1081 4621 1219 4694 tempium,
1232 4619 1290 4675 sire
1302 4617 1337 4673 ad
1349 4615 1459 4671 domuin
1473 4607 1659 4681 stripeium,
1678 4606 1752 4679 quod
1766 4605 1827 4676 ipsa

189 4750 305 4806 liberare
324 4742 359 4797 de
379 4750 462 4792 mana
480 4727 705 4788 calumniatorum
728 4722 754 4777 ri
775 4732 929 4792 oppressos,
953 4723 983 4772 ct
1033 4715 1111 4773 sitin
1128 4708 1319 4775 excelso,sire
1334 4702 1405 4776 quod
1424 4703 1459 4758 de
1480 4700 1580 4770 templo
1602 4708 1683 4768 atque
1704 4695 1828 4751 sacrario

190 4836 332 4913 peregrinio
352 4825 506 4901 pupilloque
520 4828 549 4876 et
571 4817 670 4879 riduae,
691 4813 738 4884 qui
763 4809 869 4866 lucilius
891 4804 982 4878 oppri-
1034 4805 1154 4862 omnium
1168 4809 1339 4873 peccatorum
1354 4793 1473 4850 remedia
1491 4790 1680 4863 poscebantur.
1708 4785 1788 4847 Unde
1799 4793 1829 4840 et

190 4935 302 4986 mitetur
315 4914 495 4991 inpotentibus
505 4907 627 4981 prebere
640 4903 780 4958 sutilium.
796 4898 830 4953 iit
847 4904 981 4951 uternam
1033 4896 1078 4952 iiie
1091 4893 1163 4949 idem
1177 4889 1307 4961 propheta
1330 4889 1546 4941 commemorat:
1562 4896 1572 4931 r
1591 4876 1718 4947 linoqrid
1736 4877 1829 4932 resina

190 5021 232 5086 eis
260 5020 456 5090 preoeptorum
480 5003 528 5062 be
551 4996 682 5068 nidorem
708 4992 850 5062 iniceret,
876 4987 981 5043 intulit:
1033 4987 1142 5038 nonest
1160 4978 1187 5033 in
1205 4967 1517 5038 Galaad,autmedicus
1534 4981 1586 5021 non
1605 4962 1720 5020 estitit
1736 4960 1830 5029 Quare

193 5108 313 5167 «bioiits
324 5096 492 5162 ωηιήειεεί,
506 5102 537 5150 ut
554 5103 608 5148 neta
630 5086 717 5145 mun
738 5080 870 5153 eripiatis,
887 5079 935 5134 sed
949 5091 985 5132 no
1034 5087 1089 5130 non
1102 5066 1224 5125 ascendit
1237 5061 1341 5119 curatio
1355 5059 1417 5115 tiliae
1430 5057 1522 5130 popuii
1537 5054 1609 5111 mcii
1626 5073 1636 5105 a
1654 5052 1738 5126 (Sap.
1754 5050 1829 5118 riti.)

193 5197 333 5274 patiarmm
351 5193 462 5266 quidem
480 5201 528 5259 per
547 5189 666 5240 taleme
680 5174 862 5235 mntbentian
877 5168 985 5244 [oouni-
1034 5162 1220 5221 comminatur
1235 5156 1317 5227 igitur
1330 5151 1410 5226 repis
1423 5149 1525 5213 domui.
1537 5155 1565 5203 et
1577 5145 1638 5202 urbi
1655 5141 1830 5198 Hierusalem

195 5282 438 5361 retemptatis
447 5263 985 5340 mordeamrtttsanguineminnocen-
1035 5266 1064 5316 et
1078 5253 1187 5325 templu,
1202 5249 1274 5321 quod
1286 5253 1365 5304 vocat
1378 5251 1459 5316 capnt
1479 5238 1573 5296 Litiani
1590 5256 1597 5292 ε
1613 5234 1684 5307 quod
1705 5233 1832 5303 redigen·

194 5375 442 5440 &domitio
454 5372 515 5429 looo
525 5370 587 5427 isto.
598 5387 609 5420 a
619 5361 774 5421 ilornieidas
785 5351 987 5414 enimetsacri·
1037 5349 1102 5406 dom
1116 5346 1152 5402 sit
1164 5345 1191 5399 in
1206 5340 1378 5399 solitudinem
1396 5350 1459 5390 cum
1476 5330 1611 5387 universis
1628 5327 1741 5384 urbibus
1761 5322 1831 5388 suis,

195 5471 269 5543 legas
278 5478 307 5527 et
319 5464 480 5526 meantes
493 5457 590 5531 punire
603 5467 658 5511 asu
671 5458 713 5508 est
728 5445 825 5504 eiiusio
835 5439 986 5514 menbris,
1037 5454 1092 5500 non
1104 5433 1225 5509 potentia
1248 5429 1320 5503 repis
1341 5416 1490 5499 babylonii.
1510 5421 1559 5477 sod
1574 5417 1681 5475 Domini
1694 5413 1833 5484 jussione,

196 5562 245 5619 seri
261 5561 351 5633 Qum
371 5555 563 5616 mbrbtedum.
584 5547 629 5614 st,
641 5546 738 5617 inquit,
755 5543 814 5597 boec
828 5534 988 5598 leocritiae
1038 5531 1085 5604 qui
1097 5529 1186 5588 dicite
1203 5547 1213 5579 r
1231 5518 1412 5580 smctiloano
1434 5529 1516 5586 super
1533 5521 1560 5569 te
1578 5507 1799 5567 interficientem.
1817 5519 1831 5556 a

197 5665 274 5726 repes
288 5650 368 5711 iuda.
383 5647 508 5712 tenebitis
528 5642 669 5715 pristinam
689 5643 861 5708 potestatem,
877 5636 905 5684 et
926 5642 988 5683 curn
1039 5621 1156 5679 Sanctus
1176 5626 1267 5672 antem
1287 5618 1399 5668 roratur
1421 5601 1679 5664 Nabuchodonosor.
1696 5605 1726 5653 ut
1742 5591 1834 5652 nimiis
