4042 6200
180 219 209 279 li
495 220 525 276 tt.
543 217 672 278 usuum
689 218 799 280 tttutu
816 220 974 279 irretiret).
997 222 1152 284 ttoottrm
1173 222 1315 283 oportuit
1334 220 1423 278 PARS
1442 220 1464 278 ll
1784 224 1820 284 li

179 339 227 395 ttoi
244 352 326 408 uuam
352 335 404 394 illis
427 335 547 407 spiritale
569 336 728 392 exercitium
752 345 833 408 atque
852 337 978 399 eoelestis⁴
985 346 1010 405 Α
1024 342 1110 395 minus
1125 339 1281 394 salomom:
1296 338 1364 405 Qum
1380 340 1520 409 postutasti
1532 339 1641 397 oerlnne
1654 340 1715 411 lnce,
1726 354 1753 402 et
1765 361 1821 404 non

182 427 268 498 {audii
296 428 505 484 incrementum.
530 428 638 484 imitare
665 427 736 483 illius
761 429 892 499 sapientis
917 429 969 484 riri
1020 429 1106 500 petisti
1119 430 1174 483 dies
1187 428 1292 491 multos,
1309 444 1355 482 nec
1368 428 1473 483 diuitias
1486 429 1639 501 onimosqne
1650 431 1821 491 ininnmrem

177 479 341 593 [seriptum
354 520 400 591 qui
413 521 446 576 de
458 520 598 591 sapientiae
611 519 691 576 mode
704 521 817 591 protulit
827 520 880 577 tale
901 537 971 592 pue·
1021 528 1137 584 tuorum,
1151 518 1196 572 sed
1211 516 1352 588 pessulani
1373 517 1419 571 tili
1440 519 1595 589 sapientium
1616 519 1651 574 od
1669 520 1822 581 discernen-

176 613 297 677 couiuur,
312 610 424 666 diceus:
439 609 609 677 lttooooot‘,et
625 613 735 667 nenilln
749 613 910 683 ntesplrt'tns
924 630 969 668 so·
1020 609 1084 663 dnm
1100 607 1233 680 judicium
1254 623 1264 660 .·
1284 624 1342 663 ecee
1365 607 1415 677 feci
1438 608 1485 663 tili
1512 611 1655 665 securtdum
1685 628 1820 669 sermones

176 703 302 774 pientio:
318 712 343 757 et
363 702 494 773 proposui
516 699 589 756 illum
608 703 695 773 repnis
709 714 732 756 et
749 701 869 767 sedilus,·
887 711 911 757 et
926 702 969 756 di·
1020 711 1089 768 tuos,
1102 712 1126 756 et
1141 703 1202 756 dedi
1214 701 1261 756 tilri
1281 717 1326 755 eor
1340 703 1443 771 sopiens
1455 711 1479 754 et
1494 700 1650 771 intellipens,
1662 703 1690 758 in
1705 714 1818 768 toutunt,

177 800 201 849 rt
213 795 254 849 t'os
266 792 332 850 nilril
350 810 405 848 esse
416 792 482 848 duxi
492 794 521 849 in
532 795 727 866 comparatione
739 794 821 850 illius.
836 795 890 851 Nee
901 813 971 851 com-
1020 800 1049 845 ιιι
1066 792 1155 845 nullus
1168 799 1229 845 onte
1244 801 1268 845 te
1285 791 1379 845 similis
1392 791 1430 844 tui
1446 791 1542 861 fuerit,
1556 808 1602 846 nee
1615 805 1672 894 post
1687 804 1713 848 te
1728 813 1821 897 surre-

175 884 320 955 pornuir'lli
338 884 452 957 lapidem
470 885 623 953 pretiosum,
640 886 763 959 quoniam
785 904 860 942 omne
874 903 970 942 ottrum
1020 890 1110 934 cium
1121 881 1165 933 ⁸5¹·
1186 878 1240 934 Sel
1255 889 1279 934 el
1299 880 1355 934 ΜΨ
1374 895 1434 951 ‘luti
1450 897 1502 934 '1⁰¹⁸
1520 880 1669 984 il⁰⁸l¹llss⁸ltr
1682 883 1819 989 (¹⁶4⁸.an

176 977 204 1032 in
215 977 410 1048 comparatione
423 975 495 1031 illius
517 993 597 1031 erenu
614 985 651 1031 est
671 978 782 1047 eeipuo,
801 988 824 1033 et
844 987 970 1048 tunquam
1020 969 1124 1025 diuitias
1138 971 1236 1026 scilieet
1251 980 1276 1025 et
1297 970 1426 1041 plorium,
1445 981 1473 1025 ιιι
1488 988 1562 1025 tremo
1577 971 1657 1043 luent
1672 975 1765 1033 ιιιιιιΙιι
1778 986 1818 1032 ιιιι

174 1067 260 1122 lutum
271 1067 627 1139 testimolriturorpentumin
639 1079 776 1139 conspeetu
791 1067 873 1124 illius.
886 1067 972 1140 Super
1019 1066 1047 1120 iu
1060 1064 1163 1134 sepibus
1176 1067 1277 1119 conctis
1290 1075 1360 1120 retro
1373 1066 1474 1120 dielrus.
1488 1066 1518 1121 st
1536 1078 1623 1121 antem
1643 1069 1819 1128 onrlolneeris

176 1156 322 1212 salutemet
337 1158 446 1228 speeiem
465 1156 545 1211 dilexi
560 1158 651 1224 illum,
665 1169 689 1213 et
703 1161 827 1231 proposui
845 1176 893 1232 pro
912 1159 970 1215 leuce
1020 1156 1049 1210 ln
1061 1157 1109 1211 oiis
1126 1158 1199 1223 oseis,
1216 1167 1240 1211 et
1253 1159 1408 1213 custodieris
1426 1168 1555 1229 prerepto
1571 1177 1639 1225 rnen,
1651 1171 1675 1215 et
1691 1163 1819 1219 murtduta

174 1250 269 1304 holere
280 1248 365 1314 illem,
378 1250 501 1320 quonium
513 1249 725 1321 inesstiupuilr'le
737 1259 775 1305 est
787 1249 874 1305 lumen
885 1250 969 1306 illius.
1020 1264 1087 1315 uteo,
1100 1250 1167 1304 sicut
1182 1249 1324 1304 ambulavit
1342 1249 1427 1304 Dauid
1439 1260 1514 1320 poter
1527 1261 1599 1315 tuns,
1618 1251 1708 1323 lonpos
1720 1253 1818 1323 {odom

179 1338 309 1395 Venerunt
324 1348 411 1394 nutem
431 1340 495 1394 uuili
511 1340 600 1395 omnin
622 1340 689 1395 loun
711 1341 812 1412 puriter
832 1357 892 1396 snut
909 1340 968 1408 illo,
1019 1339 1076 1395 dies
1094 1350 1153 1396 tnos
1175 1340 1236 1413 (lll
1250 1340 1315 1413 liep.
1327 1340 1381 1413 ιιι).
1395 1340 1471 1396 Unde
1492 1342 1664 1398 nrauiiestum
1683 1354 1726 1400 est
1746 1347 1818 1416 uutrd

172 1440 197 1485 et
212 1429 410 1485 lurtnmerolrilis
424 1431 546 1485 lrouestns
559 1447 605 1502 per
615 1448 709 1486 tonans
720 1431 802 1487 illius.
818 1432 852 1487 tn
865 1432 970 1488 letatus
1020 1433 1174 1503 quicunque
1198 1448 1279 1488 uerus
1300 1441 1343 1488 est
1363 1442 1471 1489 uenator
1491 1434 1642 1503 sapientiae,
1654 1444 1681 1490 et
1704 1437 1819 1508 diligens

173 1539 231 1576 suro
245 1523 272 1576 in
284 1522 416 1588 otnnt'ius,
430 1524 554 1594 quondum
567 1524 734 1579 orrtecedeiot
746 1541 787 1579 me
799 1526 851 1581 isto
865 1526 970 1597 sopien—
1019 1532 1112 1578 eustos
1131 1522 1322 1578 mandatorum
1336 1522 1394 1588 Dei,
1415 1531 1443 1577 ct
1460 1522 1547 1577 tidelis
1566 1534 1711 1579 exsecutor
1722 1527 1819 1581 uoluu-

173 1612 220 1666 tio.
235 1611 321 1678 Quom
339 1611 395 1667 sine
407 1613 512 1683 fictione
523 1613 615 1679 didici,
628 1624 652 1668 et
670 1614 726 1670 sine
741 1616 838 1671 iutu'dio
854 1633 970 1672 conemu-
1020 1615 1182 1686 tatisipsius
1196 1615 1321 1686 usquein
1339 1615 1432 1679 linem,
1446 1615 1491 1670 iric
1508 1616 1589 1671 inaltet
1602 1633 1662 1672 enm
1683 1628 1819 1688 protecto-

173 1708 242 1773 nico,
253 1715 277 1761 et
288 1706 448 1761 honestatem
460 1704 532 1760 illius
544 1723 596 1761 non
607 1706 749 1762 olorondo.
762 1706 888 1777 infinitus
898 1710 967 1764 enim
982 1741 1005 1800 B
1021 1721 1089 1770 rem,
1107 1706 1135 1760 iu
1149 1704 1239 1761 lutura
1252 1721 1316 1761 nero
1329 1706 1384 1760 rita
1401 1704 1585 1762 fidelissimum
1601 1708 1663 1763 boni
1677 1710 1759 1765 studii
1775 1727 1820 1768 re·

172 1798 310 1853 tltesuurns
323 1806 361 1853 est
380 1797 549 1853 luminibus:
562 1815 614 1870 qno
627 1800 672 1871 pul
687 1800 729 1854 osi
742 1811 812 1864 sunt,
827 1801 967 1872 participes
1019 1804 1218 1852 muneratoretu
1238 1805 1266 1852 et
1290 1796 1380 1868 gattdii
1400 1797 1495 1852 aeterni
1517 1795 1684 1867 largitorem.
1702 1800 1814 1865 idcireo.

173 1887 236 1946 loeti
249 1897 311 1943 suut
326 1888 450 1944 ornicitioe
470 1887 531 1952 Dei,
549 1890 674 1961 quoniam
688 1890 742 1961 ipse
755 1891 890 1962 sapientior
912 1892 967 1947 dus
1019 1886 1127 1942 dontiue
1143 1887 1179 1941 mi
1195 1902 1253 1953 ros,
1267 1896 1331 1943 uute
1346 1888 1437 1942 omnia
1461 1903 1568 1957 semper
1587 1890 1705 1945 studium
1719 1892 1756 1946 sit
1768 1893 1817 1948 tibi

172 1986 209 2031 est
222 1986 246 2031 et
258 1977 415 2048 sapientium
428 1976 590 2033 emendator.
602 1977 636 2033 ln
648 1995 729 2033 muno
740 1981 808 2034 enim
822 1978 895 2035 illins
907 1991 968 2035 sunt
1018 1979 1051 2032 ot
1067 1978 1225 2033 discendam
1239 1980 1399 2049 sapientiam
1413 1980 1544 2046 divinam,
1560 1980 1748 2054 srtbjectosque
1766 1985 1817 2040 tilu

172 2078 194 2122 ct
209 2084 266 2131 nos,
284 2076 308 2122 et
321 2083 453 2122 sermones
467 2068 559 2133 nostri,
577 2077 601 2122 et
616 2069 700 2123 otnuis
714 2070 854 2140 supientia,
868 2082 891 2125 et
907 2088 968 2143 ope·
1018 2066 1134 2138 idipsum
1150 2084 1230 2139 ogere
1247 2069 1407 2139 praecipias:
1424 2079 1561 2140 quatenus
1581 2072 1679 2127 merito
1701 2089 1748 2128 rex
1765 2092 1815 2130 uo·

172 2171 229 2210 rum
243 2157 353 2211 scientio
364 2166 388 2210 et
402 2155 551 2227 discipline.
563 2156 623 2227 ipse
632 2159 701 2211 enim
713 2158 777 2212 milti
789 2158 859 2213 dedit
872 2159 966 2214 lorum
1018 2155 1114 2210 tniuuri
1135 2157 1233 2226 possis,
1255 2158 1301 2228 qui
1321 2158 1494 2228 temetipsum
1509 2168 1537 2213 et
1560 2174 1658 2216 omues
1681 2163 1729 2219 tibi
1752 2166 1818 2221 rube-

170 2261 229 2315 quo,²
250 2254 311 2300 sont
334 2246 470 2300 scientium
493 2261 596 2311 aeram,
613 2256 641 2300 ut
664 2248 747 2301 selom
770 2249 965 2319 dispositionem
1017 2246 1123 2301 dientes
1135 2248 1282 2301 secuudum
1297 2248 1463 2303 uoluntatem
1478 2250 1525 2304 Dei
1542 2267 1636 2321 regere
1650 2263 1678 2307 et
1698 2254 1724 2307 iu
1743 2256 1814 2310 niatu

173 2335 240 2390 ortis
258 2345 407 2402 arrarum,
423 2347 447 2390 et
462 2340 584 2392 muntem
596 2338 798 2405 elementorum,
818 2341 922 2394 tntttnn
940 2351 964 2396 et
1017 2338 1140 2391 veritatis
1163 2338 1261 2393 ducere
1276 2339 1404 2394 certaris:
1421 2341 1516 2411 stoque
1539 2341 1584 2395 liet
1598 2351 1628 2396 ut
1643 2359 1704 2399 cum
1728 2360 1811 2415 appa-

172 2429 435 2495 ronsnmmntiooem,
454 2438 479 2485 et
501 2430 666 2485 medietatem
688 2442 846 2502 temporum,
863 2434 966 2487 uicissi—
1017 2430 1103 2484 ruerit
1116 2429 1173 2484 ilex
1188 2444 1292 2501 regum,
1303 2441 1331 2486 ct
1345 2432 1474 2486 Dominus
1487 2434 1655 2488 dominorum
1670 2433 1771 2489 sederit
1783 2435 1810 2490 in

170 2519 292 2577 tudinum
313 2522 533 2590 permutationes,
556 2533 581 2577 et
606 2524 845 2578 consummationes
866 2534 966 2594 tempo·
1016 2518 1080 2573 sede
1095 2520 1244 2590 maiestatis
1257 2535 1323 2586 ⁸³18,
1335 2530 1363 2575 ⁰1
1377 2532 1547 2594 <wltreiam
1563 2522 1662 2578 lttffl‘ssl
1674 2532 1735 2579 Mile
1749 2539 1811 2580 culn

171 2623 242 2675 rum,
254 2623 356 2662 morum
366 2609 531 2675 minutiones,
543 2619 567 2664 et
581 2609 721 2666 divisiones
732 2620 887 2683 temporum,
901 2612 965 2667 unni
1015 2618 1228 2681 omoesgeutes,
1245 2620 1275 2665 ut
1294 2611 1426 2681 recipiant
1438 2629 1542 2677 orrtues,
1560 2613 1638 2683 justa
1655 2614 1813 2669 meritorum

171 2711 275 2763 rursus,
285 2705 310 2751 et
323 2696 458 2752 stellarum
470 2699 663 2770 dispositiones,
674 2712 783 2756 noturus
797 2702 963 2771 onirnnlr'nrn,
1016 2699 1130 2770 qualitas
1141 2716 1186 2766 uu,
1208 2710 1254 2755 aut
1276 2702 1417 2770 preminur
1434 2712 1479 2756 aut
1495 2719 1615 2773 poerram,
1630 2713 1694 2760 tuuc
1710 2712 1738 2757 to
1752 2718 1813 2758 cum

169 2795 195 2841 et
208 2786 265 2842 iras
278 2785 430 2851 bestiarum,
451 2788 501 2842 oim
519 2799 669 2856 oetrtornm,
690 2792 860 2862 eopitntiuues
880 2793 965 2849 ltemi-
1017 2792 1069 2848 tois
1082 2808 1098 2846 a
1111 2792 1214 2846 dextris
1226 2792 1284 2861 ejus
1296 2802 1383 2860 stans,
1397 2793 1491 2847 aurlias
1505 2793 1579 2847 illam
1593 2794 1738 2848 amabilem
1753 2810 1810 2848 scm

171 2890 249 2943 uum,
274 2875 435 2945 differentius
458 2877 598 2944 ariorum,
621 2888 645 2933 et
665 2879 771 2937 uirtutes
792 2882 925 2950 ntdr'cnm,
940 2893 965 2939 et
1016 2885 1129 2939 tentiam
1146 2884 1260 2946 Douriui,
1277 2899 1359 2954 optram
1375 2884 1408 2937 ad
1430 2900 1524 2939 ornnes
1546 2884 1648 2939 electos
1663 2900 1727 2975 suos
1749 2901 1815 2955 pru·

170 2979 328 3037 utrocunque
338 2977 397 3021 snrtt
409 2968 535 3023 absconso
547 2981 570 3023 et
583 2971 721 3041 lttrprout'so
733 2973 813 3028 cttdtu
830 2979 965 3032 'etrtrtt'um
1015 2975 1119 3030 laturus
1143 2985 1201 3038 cst,
1222 2976 1338 3030 dioens‘:
1363 2974 1461 3042 lenite,
1484 2976 1610 3029 benedieti
1633 2973 1723 3030 Putris
1743 2977 1795 3029 rutel
1805 3016 1813 3042 ,

170 3055 239 3111 eninr
261 3056 358 3129 ortiles
380 3058 469 3114 docuit
493 3077 534 3116 me
557 3064 685 3133 sternentia
708 3062 782 3137 (Sap.
803 3068 862 3140 ιιι),
890 3070 965 3127 Untle
1016 3068 1144 3138 possidete
1169 3067 1238 3122 eolis
1265 3077 1386 3137 peretum
1415 3084 1521 3138 repnnm
1546 3068 1577 3122 ult
1597 3067 1697 3139 oripine
1719 3068 1813 3124 mnudi

170 3148 253 3204 eliam
275 3149 301 3204 io
324 3150 394 3207 liltro
408 3152 527 3222 genium
545 3162 571 3208 ct
592 3153 693 3226 Regum
717 3156 814 3227 legitur
830 3127 1000 3215 lionrinusC
1018 3157 1125 3222 (ilnttlt.
1147 3157 1221 3227 sur).
1247 3158 1346 3228 Sictpre
1371 3159 1489 3213 insertus
1515 3169 1670 3214 sanctorum
1698 3159 1814 3214 coruum

170 3238 302 3306 probasse
324 3240 482 3309 petitionem
507 3240 669 3311 Salomonis,
688 3245 734 3316 qui
755 3248 833 3318 petiit
849 3251 882 3302 alr
907 3248 965 3319 ipso
1017 3244 1069 3303 iltis
1088 3250 1237 3304 cumcuin
1256 3250 1339 3304 sitam
1353 3260 1492 3314 uternam,
1509 3251 1554 3305 ubi
1578 3250 1731 3305 simulentn
1748 3266 1811 3307 san·

170 3325 221 3380 silui
244 3326 303 3382 dari
325 3344 370 3381 eor
390 3329 516 3396 docibile,
537 3343 565 3387 ut
583 3333 707 3404 judicare
730 3347 821 3407 posset
839 3338 964 3410 populum
1016 3340 1069 3393 etis
1087 3339 1190 3410 anguiis
1206 3341 1340 3396 taetabcris
1355 3341 1381 3394 in
1395 3351 1540 3412 conspeetu
1565 3343 1658 3413 glorie
1678 3342 1762 3413 ipsius
1775 3343 1805 3400 le

170 3431 259 3482 suurn,
273 3427 297 3470 et
314 3416 461 3475 discernere
483 3423 552 3477 iuter
574 3423 671 3480 ionum
684 3436 708 3481 et
729 3428 846 3495 ntnlnm,·
861 3430 906 3485 ubi
927 3430 965 3486 ita
1016 3427 1105 3484 liciter
1116 3445 1201 3500 usque
1214 3432 1240 3487 iu
1254 3432 1346 3486 llneut.
1360 3430 1486 3502 ilajestas
1500 3432 1697 3502 omnipotentis
1709 3432 1756 3488 tici
1767 3431 1818 3487 diu

170 3506 301 3575 scriptum
322 3517 382 3564 est:
398 3509 502 3567 Ploeuit
526 3531 611 3570 sermo
636 3533 725 3571 eornm
751 3519 875 3589 Domino,
894 3522 965 3593 quod
1016 3533 1064 3576 uos
1080 3523 1123 3579 lric
1136 3531 1224 3579 servet
1246 3523 1404 3587 incolumes,
1417 3532 1445 3579 et
1457 3532 1550 3595 postea
1564 3524 1592 3579 iu
1606 3524 1725 3579 coeiestis
1738 3524 1812 3596 regui

171 3593 296 3650 Salomon
315 3614 369 3651 rem
392 3599 574 3670 lrrtjusoemodi
592 3604 758 3674 postulasset.
775 3608 808 3663 Et
829 3611 896 3665 distr
912 3611 965 3666 Do·
1020 3614 1119 3684 gaudio
1133 3614 1267 3669 ltcatiiicet
1281 3614 1456 3685 sempiteruo.

178 3743 739 3772 mm-

736 3867 999 3947 PRAEFATIO
1036 3870 1250 3949 ALTERA.

621 4031 667 4087 ro
693 4032 888 4092 trunnousu
908 4038 1128 4116 tritruonru]
1149 4043 1352 4100 nersoorou.

207 4280 321 4337 liomiuo
335 4285 560 4342 reverendissimo
573 4327 580 4350 ,
605 4295 707 4343 etcum
722 4287 796 4343 oumi
822 4290 964 4346 eharitatis
977 4292 1003 4354 D
1016 4296 1302 4354 commemorationem
1329 4301 1355 4357 iu
1388 4309 1483 4376 paucis
1508 4309 1628 4367 breuiter
1654 4314 1812 4374 adnotatum

171 4371 261 4427 cilicio
277 4371 373 4426 urerito
390 4376 543 4430 reiterando
558 4385 639 4446 atquo
661 4376 774 4432 colendo
792 4376 866 4433 Patri
890 4378 964 4435 ileu·

172 4476 235 4518 nom
251 4461 388 4532 episcopo,
405 4463 541 4526 iisortuus,
560 4464 662 4522 inutilis
685 4481 824 4521 sertorum
842 4466 888 4520 Dei
906 4483 964 4523 ser-

174 4571 242 4618 sus,
259 4554 285 4609 iu
298 4553 407 4609 Christo
421 4563 551 4610 micenam
570 4566 645 4628 optat
660 4557 784 4613 salutem.

207 4645 309 4700 Memor
321 4645 383 4700 botri
399 4647 478 4702 studii
496 4648 543 4714 tui,
558 4659 651 4705 sancte
663 4650 751 4716 Pater,
764 4649 835 4721 quod
848 4650 963 4707 ltaluristi

172 4738 198 4789 io
215 4734 308 4805 prmrili
324 4744 405 4806 atrpre
414 4736 526 4807 juvenili
552 4740 673 4796 retateiu
688 4740 839 4796 litterarum
857 4743 963 4799 exorci-

174 4827 211 4881 tiu
226 4837 254 4882 ct
267 4843 407 4883 sacrarum
423 4827 626 4902 Scripturarum
648 4833 832 4902 meditatione,
856 4837 965 4905 quaudo

175 4933 278 4973 irrecum
291 4918 399 4989 legebas
414 4935 468 4975 nou
493 4921 579 4977 solum
595 4923 700 4981 divinos
714 4924 798 4982 libros
813 4936 842 4983 et
854 4938 964 4985 saucto-

173 5025 232 5064 rum
248 5010 358 5067 Patrum
372 5028 454 5084 super
466 5029 513 5070 eos
525 5017 718 5088 expositiones,
730 5022 778 5077 sed
790 5022 871 5077 etiam
883 5023 968 5096 hujus

173 5101 265 5156 ruundi
278 5103 438 5173 sapientium
453 5104 487 5161 de
502 5123 590 5162 rerum
606 5110 711 5167 naturis
724 5112 837 5170 solertes
849 5114 963 5185 inquist-

174 5191 270 5257 tioues,
284 5209 351 5264 quas
365 5194 391 5250 io
407 5196 557 5253 liberalium
571 5200 670 5254 artium
683 5201 862 5274 descriptione
874 5214 902 5261 et
912 5221 966 5263 ere-

173 5289 292 5338 terarum
307 5299 398 5341 rerum
420 5286 625 5361 investigatione
639 5306 858 5366 composnerunt.
883 5298 960 5356 l‘ost·

172 5386 254 5440 optram
268 5390 310 5430 me
334 5376 424 5433 diviua
434 5381 604 5449 providentia
618 5383 652 5441 ab
665 5387 831 5445 exteriomm
843 5393 963 5463 negotio-

1015 4385 1088 4454 quod
1112 4394 1175 4441 ante
1186 4388 1213 4442 in
1230 4390 1375 4449 multorum
1396 4398 1519 4453 coelicum
1535 4402 1712 4471 amplitudine
1727 4416 1754 4462 et
1770 4409 1805 4462 la·

1015 4475 1102 4529 erunda
1119 4489 1257 4538 oratorum
1281 4483 1417 4543 loeutmne
1434 4491 1565 4548 disertum
1579 4497 1689 4566 copiose
1708 4499 1808 4573 legisti.

1014 4564 1106 4635 Neque
1118 4572 1191 4625 cuim
1205 4574 1272 4629 milri
1286 4576 1406 4648 ignotum
1421 4591 1463 4637 est
1476 4585 1583 4654 qualem
1608 4588 1808 4649 infestationem

1014 4657 1124 4726 italicas,
1139 4676 1193 4718 riou
1214 4667 1302 4723 solnm
1314 4685 1331 4722 a
1343 4674 1456 4743 paganis
1471 4679 1516 4746 qui
1530 4678 1577 4734 tini
1591 4683 1711 4740 oonllues
1734 4697 1809 4752 sunt,

1014 4750 1061 4804 sed
1073 4753 1184 4810 etiuma
1204 4743 1362 4829 populorum
1383 4751 1481 4831 uirbis,
1495 4785 1555 4840 qum
1572 4788 1623 4843 per
1635 4774 1807 4836 insolentiam

1014 4854 1042 4898 et
1056 4845 1254 4916 improbitatem
1269 4870 1375 4912 urorum
1389 4860 1452 4915 luce
1458 4861 1618 4920 Paternitati
1632 4882 1685 4923 uon
1696 4885 1807 4939 parram

1014 4935 1164 4994 molestiam
1179 4940 1314 5013 ingerunt,
1332 4957 1360 5003 et
1372 4951 1407 5006 ob
1421 4952 1477 5007 lroc·
1489 4952 1625 5024 frequenti
1637 4960 1751 5015 orationi
1767 4972 1806 5016 at-

1013 5030 1190 5098 queassidum
1202 5032 1310 5092 lectioni
1327 5047 1353 5094 te
1366 5055 1463 5098 uacare
1482 5060 1535 5100 non
1549 5051 1719 5117 permittunt.
1745 5051 1807 5107 llice

1013 5119 1086 5174 euim
1097 5123 1187 5177 omnia
1202 5125 1268 5182 milri
1284 5129 1399 5188 sollicite
1411 5136 1538 5190 tractanti
1552 5139 1626 5194 veuit
1639 5139 1666 5195 iu
1688 5152 1807 5197 tuentem

1013 5216 1043 5262 ut
1051 5207 1128 5278 justa
1140 5229 1242 5273 morem
1257 5220 1428 5291 antiquorum
1442 5226 1488 5295 qui
1503 5227 1536 5282 de
1548 5244 1638 5285 rerum
1652 5234 1758 5288 naturis
1779 5243 1809 5288 et

1014 5305 1151 5362 nourinum
1170 5317 1251 5379 atqtte
1274 5314 1418 5371 verborum
1442 5318 1612 5391 etymologiis
1639 5321 1716 5392 plura
1740 5339 1806 5382 com

1013 5397 1159 5467 scripsere,
1180 5401 1237 5471 ipse
1250 5403 1297 5461 tilri
1317 5406 1425 5477 aliquod
1444 5412 1601 5480 opusculum
1616 5417 1760 5474 corruerem
1776 5425 1808 5475 iu

175 5479 234 5538 ιιιιιι
246 5480 310 5520 euro
325 5469 455 5537 absoluit,
471 5484 552 5545 teque
564 5475 591 5530 in
606 5479 750 5547 pastoralis
762 5497 834 5538 curm
844 5484 962 5542 officium
1011 5501 1066 5557 eruo
1079 5488 1192 5546 inuberes
1207 5494 1336 5565 seriptum
1350 5513 1403 5552 nou
1416 5500 1502 5554 solum
1515 5502 1548 5557 de
1560 5518 1650 5560 rerum
1662 5509 1766 5564 naturis
1777 5518 1806 5564 ct

174 5553 508 5631 sttltlituavit,cogitabam,
521 5567 806 5635 quidTumSanctitati
815 5584 921 5643 gratum
935 5588 963 5633 et

174 5645 238 5701 mile
250 5647 276 5703 iu
290 5650 432 5709 scrilreudo
443 5655 576 5710 conlisere
588 5674 710 5728 possent:
726 5677 779 5734 qtto
796 5663 911 5723 irrrlrercs
927 5668 961 5724 ol)

1012 5580 1156 5636 uerborum
1171 5585 1400 5656 proprietatibus,
1416 5591 1463 5645 sed
1483 5593 1565 5648 etiam
1582 5595 1615 5650 de
1634 5599 1804 5670 mysticaru-

1013 5669 1134 5746 runnlctu
1150 5690 1238 5731 rerum
1261 5677 1456 5748 sig··itieutioue
1472 5691 1521 5739 :nt
1534 5689 1711 5747 coutiunatitu
1731 5690 1803 5760 posi·
