4042 6200
217 241 272 299 295
545 236 576 293 B.
595 235 722 295 ultani
742 236 852 296 attunt
871 235 1033 294 tuemur.
1051 232 1208 293 nocuus.
1228 230 1373 306 brunuli
1392 228 1484 288 PARS
1503 228 1537 286 ll.
1806 233 1861 293 21¹6

218 347 400 406 introducitur
418 362 499 405 scena
515 347 661 422 [sulicina]‚
673 348 745 419 quod
757 347 855 406 Gnaeo
873 347 1013 420 parabola,
1027 355 1052 418 Α
1065 345 1169 404 ιοιιιι.
1180 346 1247 404 lteiu
1258 347 1353 404 unibrn
1364 354 1391 402 ει
1404 344 1491 419 caligo
1501 343 1645 417 aliquando
1654 356 1765 415 peccata
1779 346 1865 420 signi·

217 439 315 497 Latine
323 441 489 513 comparatio
496 439 722 510 dicitur,quaiido
731 440 783 496 sibi
790 456 875 513 geniis
884 439 1015 496 dissimile
1068 439 1142 506 licat,
1157 440 1231 495 uude
1244 439 1357 495 dicitur:
1373 438 1496 496 Sedentea
1511 439 1539 492 in
1557 437 1669 493 tenebris
1685 448 1709 494 et
1731 438 1758 493 in
1769 441 1864 494 unitim

218 533 245 590 iii
259 532 349 603 eliqua
363 533 574 589 commonitione
585 534 714 588 sociatur.
728 534 855 590 Paternis
869 533 941 590 enim
954 548 1017 605 pro·
1067 532 1160 587 mertis
1172 529 1249 603 (lue.
1259 529 1292 606 i);
1304 531 1450 603 aliquando
1460 530 1667 588 delectationem
1677 539 1863 602 peccatorum,

218 625 381 681 tentionibus
393 624 443 680 alae
453 632 516 681 sunt
531 635 704 696 comparatae.
721 624 904 681 Misericordia
918 624 1018 696 quippe
1066 632 1098 681 ut
1110 632 1152 681 est
1163 624 1229 682 illud
1243 625 1271 680 in
1283 623 1335 681 lob
1348 624 1382 680 de
1395 623 1501 680 diabolo
1514 624 1636 680 dietum:
1661 623 1715 681 Sul
1728 624 1821 679 umbro
1835 626 1865 681 iu

216 725 246 773 et
258 716 379 773 charitas
396 716 472 787 quasi
487 716 536 772 ιιι
549 725 611 771 ειιι
633 715 733 783 Patris,
753 717 851 787 qulbus
863 731 893 772 se
910 715 1016 787 protegi
1067 726 1165 774 secreto
1180 718 1277 774 columi
1296 727 1319 773 et
1332 717 1410 789 junci
1430 727 1455 773 et
1479 717 1543 773 locis
1566 714 1792 790 uirentibusilob.
1804 715 1868 789 xi).

218 820 399 883 congruenter
423 810 585 881 expostulat.
612 810 645 864 Et
673 811 701 865 in
715 809 881 882 Evangelio:
903 808 939 863 Et
958 825 1017 863 erce
1066 808 1102 864 Et
1114 810 1177 880 quia
1190 809 1287 867 umbra
1306 826 1361 867 non
1375 810 1454 882 louge
1467 819 1510 866 est
1522 810 1556 866 ab
1567 823 1641 876 aare,
1656 805 1734 879 cujus
1747 816 1789 864 εει
1801 825 1868 864 um.

218 900 299 956 rieden
313 901 402 956 lucido
418 901 580 955 nunninae-it
599 917 643 955 ees
661 899 770 973 (Metti.
782 900 868 972 xvii);
888 907 915 953 et
929 898 1014 954 alibi:
1066 898 1137 956 bra:
1154 901 1191 957 ita
1205 908 1234 957 et
1248 915 1321 956 mors
1336 913 1390 956 iton
1412 900 1491 971 longe
1511 907 1554 957 est
1570 915 1586 954 a
1607 915 1699 971 prena.
1713 898 1782 955 ilinc
1794 906 1824 953 ει
1834 896 1864 954 in

218 992 273 1048 Sub
285 995 377 1048 umbro
390 993 448 1063 ejus
463 996 577 1049 iuuentus
591 993 753 1064 impetitione
765 992 840 1065 (tur.
850 991 898 1064 iv).
915 991 1017 1048 Unilira
1067 990 1230 1049 subdicitur
1243 1011 1249 1046 :
1271 990 1322 1046 Ubi
1337 989 1429 1046 umbre
1440 990 1543 1056 morlia,
1560 1000 1584 1046 et
1598 985 1687 1044 nullus
1700 995 1738 1044 cst
1749 987 1825 1056 ordo,
1836 991 1862 1038 et

217 1082 420 1140 Testamentum
438 1084 533 1150 Vetus,
549 1092 580 1139 ιι
593 1085 619 1139 in
636 1083 798 1140 Salomone:
814 1083 900 1138 dorice
915 1081 1017 1153 ιιιίει·
1066 1084 1238 1158 sempiternus
1252 1080 1618 1154 renumeratione).

218 1187 255 1232 ret
270 1180 326 1235 dies
341 1188 364 1234 ει
376 1187 545 1233 amoneretur
558 1174 657 1229 umbrie
677 1173 764 1246 (Curat.
777 1172 825 1246 ii).
849 1173 949 1229 Umbra
962 1174 1018 1227 ulta
1374 1191 1489 1250 ssqpuq'
1505 1191 1553 1248 px·

218 1273 345 1334 liooiinis,
357 1280 388 1325 ut
405 1270 432 1324 in
454 1267 523 1323 lob:
549 1266 629 1338 Fupit
653 1265 721 1321 uelut
747 1265 840 1320 unriru
862 1263 934 1335 (lob.
948 1265 1016 1337 sir).
1334 1263 1597 1322 Druelderuudibua.
1883 1338 1888 1342 Π

218 1367 319 1423 liinbra
337 1378 411 1418 mers
423 1360 525 1426 earnis,
540 1368 571 1414 ut
583 1360 609 1414 iu
624 1357 747 1429 psalmo:
763 1355 874 1428 Operuit
898 1373 944 1412 nos
957 1374 1017 1411 unt·
1104 1357 1278 1413 llebdomada
1293 1355 1387 1411 Graece
1412 1372 1428 1410 a
1454 1353 1608 1426 septenario
1627 1366 1741 1408 numero
1764 1366 1866 1408 nomen

219 1461 265 1514 bru
281 1458 374 1511 inertis
390 1453 477 1528 (Parit.
488 1453 577 1522 xuni).
601 1453 678 1507 Tune
692 1461 784 1518 autem
798 1453 824 1508 in
838 1451 909 1506 inalo
922 1452 1017 1507 unibm
1068 1450 1182 1523 aceepit,
1207 1450 1325 1505 humana
1347 1448 1456 1520 quidem
1468 1444 1665 1503 consuetudine
1685 1441 1805 1515 septenis
1820 1456 1867 1498 so·

217 1549 336 1621 ponitur,
351 1545 459 1618 quando
479 1543 521 1599 vel
535 1543 657 1613 corporis
671 1553 786 1598 niortem
807 1542 954 1614 significat,
976 1540 1019 1598 rel
1070 1544 1124 1599 luni
1140 1550 1200 1598 acta
1222 1541 1339 1596 dicbus:
1358 1539 1407 1595 sed
1419 1536 1574 1609 Scriptura
1592 1549 1678 1592 sacrae
1704 1533 1867 1589 auctoritate

216 1653 325 1710 poenani
344 1638 482 1709 gehenna,
502 1643 585 1690 utest
599 1634 684 1688 illud:
700 1633 908 1690 Sinmbuluuero
922 1634 1016 1688 inme·
1070 1633 1162 1690 multis
1189 1632 1332 1703 speciebus
1357 1625 1480 1703 insignis,
1505 1643 1567 1699 quae
1594 1636 1685 1683 tamen
1707 1634 1811 1682 cunctae
1826 1623 1867 1695 (ui

215 1727 260 1781 dio
271 1724 370 1780 umbrie
381 1725 473 1778 mertis
494 1741 547 1778 unu
560 1724 654 1777 timebo
675 1723 757 1788 mula,
779 1723 904 1794 quonium
917 1733 946 1777 tu
959 1741 1015 1779 rne-
1033 1710 1054 1770 Β
1069 1723 1158 1796 lallor)
1170 1723 1204 1778 ad
1220 1737 1303 1778 unuin
1325 1721 1407 1778 dorin
1422 1728 1557 1792 spectant,
1576 1733 1627 1774 nos
1646 1715 1750 1774 scilicet
1767 1715 1866 1771 adnio·

216 1832 276 1870 ιιι
290 1832 316 1869 es
330 1813 416 1887 (Part.
438 1812 517 1885 ssu).
534 1814 568 1868 Et
580 1813 666 1869 alibi·
687 1811 838 1890 Posueruut
856 1818 897 1869 nte
911 1815 940 1869 iu
953 1814 1015 1870 lucu
1067 1825 1164 1873 nentes
1178 1823 1241 1887 post
1262 1828 1376 1886 operum
1390 1813 1523 1869 bonorum
1539 1811 1732 1881 perlectionem
1747 1807 1774 1863 in
1803 1805 1884 1877 Spi--
1904 1807 1914 1830 ⁸

215 1905 335 1976 inferiori
346 1906 373 1959 iu
384 1905 494 1960 tenebris
502 1915 526 1960 rt
536 1904 563 1959 in
575 1903 667 1959 umbra
676 1904 769 1960 mortis
779 1901 865 1977 (Pici.
874 1906 1014 1974 cxxxinil;
1066 1908 1233 1966 ritiissancti
1247 1907 1336 1979 gratia
1355 1914 1514 1978 perpetuam
1531 1918 1643 1975 sperare
1654 1901 1784 1974 quietem.
1802 1898 1866 1955 Pri-

215 2007 390 2068 peceatorum
405 1996 505 2052 indicat
519 1997 619 2064 locuni,
632 1998 696 2067 qnia
710 2012 783 2053 iners
798 1996 1015 2069 delinquentium
1067 2019 1109 2060 ina
1120 2017 1186 2073 ergo
1199 1983 1346 2072 singularis
1366 1997 1411 2054 illa
1433 1988 1612 2062 bebdomada,
1627 2003 1656 2050 et
1666 2010 1682 2048 a
1693 2010 1745 2065 qua
1760 2000 1867 2049 cretenau

217 2090 360 2146 umbrosas
373 2104 407 2144 ac
420 2073 578 2145 tenebrosas
586 2091 689 2162 patitur
700 2105 803 2154 inanes,
819 2092 882 2146 duni
895 2092 936 2147 eis
947 2108 1014 2162 gaii·
1066 2091 1182 2147 lerinam
1195 2097 1350 2161 capessunt,
1366 2087 1457 2166 diuina
1473 2093 1517 2144 est
1536 2075 1702 2157 operatione=
1718 2081 1866 2140 sublimine

215 2182 289 2238 dium
304 2198 357 2237 non
373 2181 485 2249 relucet,
503 2182 549 2253 qui
565 2192 694 2254 perpetua
717 2183 834 2239 tristitiae
846 2199 904 2240 suae
918 2184 1016 2239 obscu-
1066 2184 1130 2256 quia
1145 2182 1277 2240 Dominus
1296 2196 1344 2237 seri
1360 2180 1455 2237 diebus
1467 2178 1560 2234 mundi
1575 2185 1701 2250 ornatum
1715 2173 1866 2248 eomplens,

215 2272 297 2326 ritate
310 2271 427 2327 demersi
447 2280 530 2330 sunt:
553 2281 582 2328 et
603 2272 663 2328 ideo
676 2288 726 2344 pro
740 2274 862 2330 locorum
886 2273 1016 2343 qualitate
1066 2273 1325 2350 septimnreqnievit
1339 2271 1373 2327 ab
1394 2272 1521 2343 operibus
1534 2271 1611 2327 suis:
1634 2270 1681 2326 ubi
1704 2269 1867 2333 notandiiin,

216 2360 328 2415 verbum
347 2361 398 2416 boe
419 2360 566 2416 multifaria
588 2361 787 2433 significatione
800 2363 934 2417 variatur.
960 2361 1014 2418 Ga·
1066 2367 1138 2438 quod
1153 2381 1206 2426 non
1223 2366 1284 2420 ideo
1297 2363 1423 2420 senarios
1437 2378 1567 2419 nuiueriis
1582 2370 1624 2418 εει
1635 2359 1784 2434 perlectus,
1801 2360 1866 2432 quia

215 2450 270 2523 ligo
285 2453 381 2507 umbra
395 2461 438 2508 est
451 2453 485 2508 de
498 2453 672 2523 spissitudine
683 2456 755 2509 aeris
766 2453 880 2511 edecta:
899 2469 928 2510 et
942 2454 1015 2511 dicta
1066 2458 1198 2517 lloiniiius
1211 2458 1238 2513 in
1258 2470 1291 2511 eo
1316 2455 1408 2512 mundi
1431 2469 1514 2526 epeia
1533 2453 1696 2525 perfecerit:
1716 2453 1766 2509 sed
1784 2452 1869 2530 (sient

215 2542 313 2615 caligo,
332 2544 718 2615 quodniaximeaeriscalore
733 2545 871 2617 gignetur.
885 2543 1015 2605 lustral-
1065 2549 1233 2624 Augustinus
1259 2547 1309 2619 ait)
1336 2545 1398 2602 ideo
1424 2545 1567 2623 Dominus,
1594 2544 1641 2616 qui
1667 2543 1759 2602 emnia
1783 2541 1867 2600 siiniil

215 2632 346 2706 legoriam
358 2649 424 2690 vero
436 2635 571 2708 signiticat
585 2635 671 2708 caligo
684 2636 837 2693 dirinomni
848 2649 1016 2696 secretorum
1067 2657 1162 2699 creare
1181 2639 1298 2704 valebat,
1327 2636 1356 2694 in
1377 2652 1411 2693 eo
1439 2637 1566 2710 dignatus
1592 2643 1634 2692 εει
1656 2634 1784 2706 operari:
1801 2633 1869 2706 quia

215 2724 426 2795 operimentum.
442 2726 518 2784 Unde
537 2727 635 2801 legitur
647 2728 674 2784 in
685 2728 796 2785 Exodo:
813 2728 892 2787 Stetit
902 2732 1015 2803 pupulm
1066 2747 1197 2802 numerus
1213 2740 1255 2787 est
1267 2728 1315 2786 ille
1325 2726 1472 2801 perlectus,
1495 2738 1525 2783 ut
1544 2726 1625 2784 etiam
1640 2742 1689 2798 per
1700 2726 1771 2782 bunc
1782 2741 1867 2798 opera

215 2816 566 2890 relinqueremini
583 2821 691 2876 occessit
705 2821 741 2876 ud
758 2821 908 2894 calipinern,
925 2824 953 2877 in
962 2841 1016 2896 quo
1066 2837 1115 2880 siia
1130 2822 1259 2894 probaret
1269 2836 1329 2877 esse
1343 2820 1474 2892 perlecta,
1490 2819 1536 2890 qui
1557 2820 1613 2876 suis
1626 2820 1748 2891 partibus
1761 2819 1867 2890 primus

215 2919 272 2965 erut
292 2910 366 2966 Deus
380 2910 478 2983 (liceri.
492 2911 548 2985 rx).
572 2911 663 2968 Turba
684 2912 785 2983 quiippe
798 2912 889 2983 populi
912 2913 1014 2987 allego-
1067 2911 1207 2982 impletur,
1221 2910 1248 2966 id
1262 2919 1316 2976 εει,
1332 2920 1409 2966 εειιι
1422 2918 1451 2966 ει
1462 2910 1543 2966 tertia
1555 2909 1714 2975 etdimldia,
1728 2925 1788 2980 quae
1801 2920 1867 2966 sunt

216 3001 320 3057 riarum
344 3003 488 3075 caliginem
503 3020 557 3060 aon
571 3003 645 3060 salet
667 3014 831 3075 penetrare:
856 3007 919 3077 quia
938 3005 1016 3064 valde
1067 3018 1163 3068 unuin,
1181 3002 1235 3058 dun
1257 3010 1285 3058 ει
1299 3002 1361 3067 tria,
1386 3008 1414 3056 et
1436 3000 1517 3058 simul
1543 3017 1591 3057 sex
1613 3000 1690 3057 liunt.
1717 3001 1757 3057 lld
1784 3001 1867 3075 bujiis

215 3107 364 3165 paneomm
378 3103 421 3150 est
444 3094 595 3165 spiritalem
616 3093 784 3153 iiucllectuiii
809 3097 914 3155 rimari.
946 3097 1015 3168 Quia
1030 3068 1052 3132 C
1068 3094 1221 3166 exemplum
1245 3092 1345 3150 diuinae
1366 3092 1544 3150 hebdomadis
1568 3081 1867 3150 seeunda‘liorniiiibiis

216 3184 289 3239 ruini
299 3192 404 3240 mentes
413 3185 565 3240 carnalium
577 3186 634 3240 sola
646 3202 717 3258 saepe
727 3188 839 3243 historia
851 3199 1014 3260 pascuntur:
1066 3187 1236 3245 observanda
1255 3186 1410 3253 mandatur,
1431 3185 1537 3242 dicente
1556 3184 1693 3241 Domino:
1714 3202 1760 3240 sea
1773 3185 1869 3241 diebus

215 3273 342 3344 loquente
356 3276 412 3330 Deo
424 3275 500 3331 stetit
523 3275 637 3347 populus
652 3277 686 3333 de
698 3277 776 3350 longe
789 3295 795 3332 :
808 3279 870 3348 quia
884 3295 949 3336 veru
962 3281 1017 3350 spi·
1066 3279 1214 3351 operaberis
1226 3291 1249 3334 et
1259 3279 1341 3350 furies
1354 3277 1442 3335 omui
1461 3293 1540 3348 operit
1561 3286 1630 3355 tun·
1651 3275 1760 3348 septime
1776 3286 1868 3354 nutem

217 3363 420 3437 ritalesquique
434 3365 626 3439 allegoriarum
649 3367 748 3424 niibein
763 3379 906 3439 penetrant
921 3379 950 3427 et
961 3374 1016 3443 spi-
1065 3372 1108 3426 die
1132 3369 1243 3426 Suiloti
1266 3369 1373 3425 domiui
1390 3368 1440 3423 Dei
1460 3368 1499 3422 tui
1522 3384 1575 3423 non
1597 3367 1677 3438 furies
1699 3384 1776 3422 enine
1788 3385 1866 3446 epus·

218 3456 336 3512 ritaliter
353 3459 402 3514 liei
417 3460 498 3514 verba
520 3470 703 3529 cognoscunt:
727 3460 832 3533 lloyses
854 3464 970 3525 accessit
981 3466 1016 3521 ad
1066 3464 1118 3521 Seu
1127 3464 1197 3518 enim
1211 3462 1302 3517 diebus
1312 3461 1372 3532 [crit
1386 3460 1516 3516 Dratinus
1529 3460 1621 3515 roelum
1633 3470 1658 3515 et
1669 3472 1776 3525 terrum,
1788 3479 1863 3517 neure

216 3543 371 3616 caliginem,
382 3547 409 3600 in
423 3560 475 3615 qua
488 3555 548 3601 ciat
563 3546 644 3602 Deus.
660 3545 729 3604 llinc
742 3556 768 3602 et
787 3548 814 3603 in
828 3548 932 3621 psalinn
945 3551 1015 3607 dici·
1065 3564 1090 3611 et
1114 3554 1214 3621 omniu,
1232 3570 1293 3625 quir
1311 3553 1340 3609 in
1362 3553 1400 3607 cis
1416 3558 1498 3606 runt:
1522 3561 1547 3605 et
1566 3553 1688 3627 requierit
1713 3552 1868 3624 inermium

218 3640 281 3688 tur:
300 3632 391 3704 Culipo
407 3634 576 3706 conpedibus
596 3635 653 3705 eius
672 3632 759 3708 (Paul.
778 3637 866 3709 arn);
882 3638 1015 3709 quianon
1066 3646 1165 3717 (Eroti.
1179 3644 1246 3718 xii);
1262 3659 1322 3715 quse
1339 3658 1355 3697 a
1380 3641 1478 3713 populo
1492 3638 1540 3698 bet
1556 3640 1723 3701 hebdomada
1740 3644 1776 3697 iia
1790 3657 1868 3698 mm.

215 3741 248 3781 ea
267 3725 391 3781 claritate
407 3728 477 3783 [leus
498 3726 532 3782 ab
557 3726 731 3784 miserioribus
756 3730 890 3796 cernitur,
919 3746 972 3801 qua
988 3733 1015 3788 in
1065 3734 1400 3808 putabaturaiitiquitiis:
1425 3733 1513 3804 prima
1538 3733 1645 3789 sabbati
1669 3733 1711 3788 uel
1734 3750 1786 3789 ιιι
1807 3738 1870 3790 sali·

124 3838 127 3846 ·
217 3817 401 3887 sirperinribus
413 3816 579 3872 dominatur.
601 3816 666 3885 Qum
688 3820 822 3874 sententia
836 3828 863 3875 et
879 3819 958 3877 aliter
971 3823 1015 3876 iu·
1066 3826 1122 3881 bati
1153 3826 1211 3885 sive
1248 3826 1441 3890 sabbatorum,
1477 3824 1596 3879 secunda
1631 3825 1757 3891 sabbati,
1784 3829 1867 3883 tertia

217 3907 298 3981 telligi
318 3916 426 3981 potest:
442 3907 529 3980 caligo
545 3924 609 3965 iero
622 3909 667 3965 liic
688 3910 816 3967 Diabolus
840 3920 893 3980 est,
906 3913 952 3983 qui
968 3915 1017 3969 bo-
1067 3918 1184 3982 sabbati,
1206 3926 1304 3989 quarta
1330 3916 1447 3983 sabbati,
1467 3916 1559 3987 quinta
1575 3917 1693 3982 sabbati,
1709 3928 1786 3977 sexta
1803 3920 1867 3975 sali-

215 4000 439 4055 iiiinuninientes
459 3999 603 4066 binubilat,
628 4001 692 4057 duni
704 4002 828 4061 veritatis
841 4003 1016 4074 splendorem
1066 4010 1132 4077 bati,
1161 4010 1275 4079 septinia
1300 4007 1415 4071 sabbati,
1443 4007 1487 4063 rel
1511 4004 1680 4064 sabbatum:
1713 4025 1767 4065 non
1791 4012 1866 4081 quod

216 4092 350 4149 noniacit
371 4092 472 4159 ridere,
497 4107 566 4164 quas
585 4094 716 4164 possidet.
737 4093 914 4167 subpeditare
935 4097 1015 4169 ejus:
1065 4116 1160 4158 omnes
1191 4099 1383 4165 sabbatorum,
1409 4098 1462 4155 lioc
1483 4106 1545 4165 est,
1571 4100 1768 4171 requietionum
1785 4102 1856 4157 dies

216 4187 441 4258 quiasinedubio
455 4184 595 4255 majestate
607 4186 716 4244 llomiiii
741 4187 1014 4246 Satraioriseonent-
1064 4191 1311 4269 quoesuenoinine
1325 4200 1353 4246 et
1371 4190 1445 4247 eiiltii
1469 4190 1597 4262 singulari
1636 4193 1794 4259 excellebat,
1810 4196 1866 4268 pri·

216 4285 294 4334 catur
308 4277 505 4334 daemoniomm
520 4279 686 4335 exsecranda
698 4279 830 4351 nequitia,
843 4281 914 4337 sicut
926 4281 954 4336 in
966 4296 1015 4336 on·
1065 4300 1109 4340 rna
1123 4283 1166 4340 vel
1184 4282 1301 4339 secunda
1317 4282 1360 4338 nel
1384 4283 1475 4349 tertia,
1497 4282 1540 4339 rel
1562 4295 1668 4340 materne
1686 4300 1735 4341 suo
1750 4302 1870 4358 quaque

217 4369 356 4438 iiaqesime
370 4368 474 4437 psalmo
484 4369 586 4425 dictum
600 4376 660 4425 est:
677 4367 761 4441 Super
773 4371 892 4438 aspidem
906 4381 930 4427 ει
945 4372 1016 4428 iusi·
1066 4386 1243 4431 censerentur
1253 4390 1287 4429 ex
1300 4374 1404 4429 ordine.
1425 4374 1516 4430 Tertia
1527 4376 1633 4445 species
1646 4377 1824 4435 hebdomadis
1837 4381 1865 4436 in

216 4457 514 4525 lasciuissimarum
535 4459 700 4516 conculcabis
721 4460 822 4517 leonem
833 4472 858 4517 et
871 4463 1014 4519 draconem
1028 4431 1054 4492 D
1066 4468 1247 4525 celebratione
1272 4465 1445 4523 Pentecosten
1470 4467 1558 4539 agitur
1572 4508 1580 4534 ‚
1611 4477 1713 4543 septem
1739 4470 1868 4528 uidelicet
1904 4520 1910 4527 ,

218 4546 306 4618 (Psoi.
318 4552 383 4622 iic);
408 4551 473 4606 iteiii
487 4550 575 4622 caligo
595 4551 731 4620 significat
748 4553 899 4609 cecitatem
924 4546 1016 4612 cordis
1067 4559 1225 4632 septimanis
1237 4559 1351 4625 dierum,
1378 4570 1407 4615 et
1424 4562 1550 4628 meirade,
1578 4562 1630 4619 liuc
1648 4571 1700 4631 est,
1727 4582 1868 4636 quiuqua-

217 4648 431 4709 persecuturum.
446 4639 515 4696 llinc
525 4640 655 4697 ὓοιιίιιε
666 4640 766 4699 ad'lob
779 4643 836 4699 ait:
860 4643 927 4711 Quis
939 4643 1016 4698 cleu·
1067 4652 1142 4722 ginta
1156 4650 1252 4706 diebus
1275 4638 1404 4722 impleta:
1429 4667 1482 4723 qua
1500 4653 1545 4709 die
1562 4662 1590 4710 et
1604 4648 1711 4727 Moyses
1724 4659 1866 4715 ardeiiteui

216 4732 251 4788 rit
260 4732 334 4787 ostiis
347 4748 431 4799 utere,
442 4733 548 4803 quando
567 4734 715 4805 erunpduu
730 4737 806 4807 quusi
819 4737 852 4792 de
864 4736 940 4792 ruluu
952 4754 1016 4808 pro·
1067 4739 1254 4799 conscendens
1267 4740 1294 4795 iii
1313 4750 1445 4809 montem,
1464 4742 1551 4814 legem
1564 4743 1598 4800 de
1621 4745 1691 4802 coelo
1707 4748 1824 4820 aceepit,
1838 4759 1866 4805 et

218 4824 323 4891 cedrus,
338 4840 397 4879 rum
407 4839 529 4894 ponerem
544 4823 638 4879 nubent
649 4825 828 4881 uestimentum
844 4828 915 4898 ejus,
933 4838 957 4882 et
973 4845 1019 4883 ro·
1068 4833 1193 4889 Christus
1207 4832 1235 4888 iii
1255 4832 1355 4905 linguis
1366 4835 1453 4905 igneis
1468 4835 1585 4908 Spiritus
1603 4840 1690 4897 sancti
1702 4843 1819 4913 gratiam
1832 4845 1868 4901 de

217 4919 298 4990 iiqiue
320 4915 387 4972 illud
409 4915 486 4988 quusi
510 4916 605 4987 pannis
630 4915 751 4987 infantie
765 4917 925 4975 obvolverem
941 4917 1014 4990 (tet.
1068 4923 1136 4981 eoelo
1150 4922 1233 4979 misit.
1248 4922 1350 4992 Quarta
1364 4926 1472 4997 septimi
1497 4928 1600 4985 iriensis
1613 4931 1865 4997 eratliebdomada,

218 5010 295 5083 six).
323 5009 398 5065 blare
421 5008 535 5066 saevicns
550 5010 622 5065 nube
644 5009 774 5076 induitur,
791 5009 1015 5081 quiacrudeliias
1068 5016 1113 5087 qni
1141 5016 1357 5075 solemnitatibus
1382 5020 1521 5091 preclaris
1544 5035 1614 5092 petie
1640 5031 1712 5079 totus
1729 5025 1868 5095 expendo

218 5102 440 5177 persequentium
455 5100 576 5157 stultitiae
597 5115 654 5157 suae
668 5100 819 5157 velamento
837 5101 953 5157 vestitur
965 5119 972 5156 :
986 5111 1015 5157 et
1067 5108 1157 5174 baiiir,
1173 5109 1245 5165 inter
1263 5126 1331 5181 quas
1347 5113 1483 5184 praecipue
1504 5113 1565 5170 dies
1576 5115 1778 5186 propitiatione
1795 5119 1868 5173 enit.

219 5197 390 5268 perspicuani
403 5195 528 5251 ueritatis
539 5195 626 5252 lucent
641 5196 732 5252 videre
745 5211 799 5252 non
812 5195 922 5264 sufficit,
937 5206 965 5253 et
974 5198 1013 5266 ιιι,
1068 5199 1160 5264 nebat,
1175 5214 1228 5270 qua
1241 5199 1301 5256 sola
1313 5215 1363 5272 per
1376 5216 1477 5259 sunnin
1496 5204 1631 5276 pontiler,
1645 5205 1775 5263 derelicto
1796 5207 1867 5264 loris

218 5290 291 5358 quod
315 5288 405 5358 antur
424 5304 473 5359 per
495 5287 692 5353 crudelitatem,
712 5303 761 5358 per
784 5288 935 5344 caecitamni
959 5304 1014 5345 non
1067 5288 1177 5361 populo,
1190 5298 1284 5346 sancta
1296 5293 1592 5356 sanemmmintrabat.
1604 5295 1848 5353 annuisantealiii

218 5380 352 5452 agnoseit.
365 5378 433 5447 Quia
447 5394 512 5451 erqo
533 5387 719 5451 persecutores
736 5379 864 5436 Ecclesiae
883 5381 1016 5436 instabili·
1066 5380 1166 5448 ctibus,
1180 5381 1232 5438 bec
1247 5390 1299 5449 est,
1313 5382 1452 5447 lrumenti,
1472 5385 1528 5443 riui
1539 5387 1633 5444 etolei
1647 5404 1681 5445 eri
1693 5389 1788 5445 ordine
1804 5390 1850 5446 eol

220 5477 276 5524 tate
296 5469 386 5526 cordis
409 5469 522 5540 inquieti
546 5480 627 5542 atque
652 5469 716 5527 liiiio
738 5471 839 5526 sacculo
861 5470 944 5526 dediti
960 5486 1014 5527 non
1066 5471 1161 5530 lectis:
1190 5475 1346 5546 significans
1365 5476 1457 5533 lesuin
1483 5479 1638 5549 pontificem
1662 5495 1789 5553 niaqnuiu
1814 5482 1860 5539 im

219 5559 341 5627 grandia,
364 5561 412 5615 sed
425 5560 539 5630 puerilia
557 5563 677 5633 sapiunt,
694 5576 813 5632 superno
834 5559 936 5631 judicio
950 5577 1015 5622 cou-
1066 5565 1137 5637 pleta
1151 5566 1352 5637 dispensatione
1371 5569 1463 5625 carnis
1475 5585 1525 5641 per
1547 5571 1685 5642 proprium
1705 5583 1866 5642 sanguinein

221 5645 401 5718 stringuntur,
423 5665 458 5707 ne
477 5660 581 5709 tantum
602 5653 729 5724 persequi
744 5652 862 5721 ualeant,
883 5662 1013 5723 qnantum
1066 5655 1185 5713 eoelestis
1202 5658 1275 5731 regni
1288 5659 1387 5732 januas
1408 5659 1594 5735 inpressumm
1607 5669 1636 5718 ut
1650 5674 1779 5735 appareat
1792 5674 1883 5717 nunc-
