4042 6200
155 237 185 292 bi
659 235 704 292 DE
722 235 896 295 Dmfttuso
912 237 1001 294 btltltt
1020 236 1101 293 xxti.
1129 268 1156 278 -
1175 238 1239 294 tttt.
1260 237 1305 295 tlt.
1744 242 1780 297 ut

153 355 328 413 namtarum
342 352 486 420 recedant,
501 361 590 409 tamen
610 357 761 411 errantium
784 355 981 422 societatemA
1028 356 1164 422 Aurasius,
1176 352 1223 428 qui
1239 355 1676 428 mummutnrmpuiummttmn
1691 358 1776 429 sisui·

155 456 233 513 atque
260 442 481 499 communionem
504 443 624 515 perfecte
645 459 699 499 non
718 444 849 501 devitant.
866 445 943 513 Quod
995 445 1060 502 fictu
1076 446 1162 503 maias
1177 456 1308 515 rectores,
1325 448 1371 518 qui
1384 447 1510 519 populum
1531 445 1578 502 Dei
1593 447 1673 503 noxio
1684 463 1777 505 errore

156 532 227 589 aa&
249 531 332 588 modo
355 531 415 587 sine
438 531 517 603 culpa
533 547 593 587 esse
617 533 726 603 poterit,
750 535 868 590 manime
882 550 942 590 euru
994 536 1053 592 sire
1066 536 1158 606 pranis
1173 537 1305 610 exemplis
1324 539 1381 594 suis
1405 537 1531 594 tollunta
1547 553 1611 593 nera
1637 538 1776 610 reiigione,

154 623 253 679 Paulus
266 623 304 677 ait
320 621 460 692 apostolus
473 621 629 678 haereticum
640 621 776 678 bominem
790 632 853 694 post
863 639 944 679 unam
993 635 1023 682 et
1035 627 1165 684 inducunt
1177 630 1206 685 in
1226 644 1348 687 errorem
1359 639 1441 702 atque
1462 644 1574 701 pravam
1590 633 1775 688 conversatio·

154 722 182 770 et
191 713 339 768 sacuam
352 713 552 783 eorreptionem
565 713 737 769 devitandum
752 712 817 788 (fit.
828 717 881 788 ιιι).
994 733 1057 775 nem
1068 735 1076 786 ;
1089 719 1136 790 qui
1150 720 1285 789 uidelicet,
1299 722 1369 778 sicut
1384 721 1518 788 Amasias,
1542 720 1670 777 simulant
1684 722 1711 777 in
1724 721 1775 777 aii-

188 801 292 870 loram,
305 802 352 872 qni
371 801 635 874 interpretumque
660 812 698 859 eat
722 804 851 871 medaea,
867 805 945 860 etde
994 808 1092 879 quibus
1105 809 1191 865 bonos
1201 825 1312 878 seesse,
1326 812 1373 867 scd
1387 821 1540 867 tamennon
1555 820 1627 877 stunt,
1643 811 1705 881 quia
1716 827 1778 882 per·

155 894 282 963 religioso
297 900 373 964 patre
386 891 517 961 iosaphat
535 895 643 965 genitus
656 896 690 950 ad
703 895 844 966 perddiam
859 897 943 954 decii·
994 898 1094 955 feetum
1115 915 1163 955 eor
1187 915 1241 956 non
1260 899 1362 957 babent
1384 900 1497 956 incultu
1513 901 1572 968 Dei,
1589 901 1636 956 sed
1651 909 1779 959 nutantes

155 982 414 1048 naritetfomieari
427 981 945 1066 feeitdiiosludn‚imitatusfornieatio·
994 998 1075 1060 atque
1087 991 1244 1048 vacillantes
1266 1006 1374 1061 semper
1388 991 1527 1047 instabiles
1549 992 1628 1058 liunt,
1652 1003 1680 1049 et
1693 996 1781 1065 magis

155 1089 217 1129 nem
224 1072 745 1146 domusbebab‚eospotestsigniDcare
755 1077 800 1147 qui
811 1077 945 1133 catholica
994 1079 1102 1136 diabolo
1116 1096 1196 1152 quam
1215 1082 1270 1138 Deo
1283 1083 1385 1138 seruire
1399 1082 1556 1152 probantur.

157 1168 209 1223 ddc
218 1166 328 1231 imbuti,
342 1165 537 1222 achristiano
549 1168 709 1239 baptismate
717 1171 879 1241 regenerati,
894 1171 946 1227 fic·
1030 1169 1120 1234 Ozias,
1133 1172 1179 1241 qui
1194 1172 1387 1242 interpretatur
1401 1172 1527 1240 fortitudo
1551 1173 1667 1239 Domini,
1681 1175 1777 1246 diony-

154 1260 246 1315 efesinr
263 1257 476 1314 insumebantur
489 1260 686 1323 sacramentis;
702 1259 748 1315 sed
763 1260 946 1331 relinquentes
994 1276 1056 1316 ntus
1067 1269 1145 1327 erat;
1158 1262 1221 1331 quia
1235 1261 1281 1332 qui
1300 1261 1327 1317 in
1349 1262 1571 1332 Paralipomenon
1598 1262 1688 1329 Dnias,
1706 1265 1776 1320 idem

155 1351 217 1430 diei
231 1351 388 1416 ueritatem,
403 1364 512 1405 errores
533 1358 683 1421 sequuntur
703 1350 903 1417 hereticorum,
917 1359 946 1407 et
994 1350 1023 1405 in
1036 1349 1106 1406 libro
1115 1349 1218 1420 Regum
1233 1351 1345 1407 linarias
1364 1351 1530 1408 nominatur.
1545 1352 1626 1409 Ozias
1643 1354 1778 1421 iuterpre-

155 1457 208 1496 non
221 1446 312 1500 solum
326 1441 377 1512 ipsi
394 1456 410 1496 a
425 1441 534 1497 tramite
548 1442 606 1498 sani
622 1441 755 1513 dogmatis
779 1441 943 1510 exorbitant,
995 1447 1069 1494 tatur
1094 1440 1176 1496 uirum
1188 1440 1304 1506 Domini,
1317 1448 1345 1496 et
1368 1440 1482 1497 lauriss
1505 1441 1635 1496 auxilium
1661 1442 1778 1498 Domini.

155 1534 208 1589 ino
222 1536 292 1587 alios
306 1546 399 1587 sectum
423 1546 472 1602 per
485 1545 608 1587 orromm
621 1532 699 1587 deuia
714 1531 813 1588 ducere
826 1539 943 1588 certant.
994 1529 1029 1584 Et
1041 1538 1114 1585 recte
1125 1530 1211 1586 virtus
1225 1531 1330 1586 Domini
1342 1532 1384 1587 uei
1395 1532 1523 1588 auxilium
1537 1533 1643 1589 Dorium
1657 1543 1780 1601 vocatur,

154 1622 230 1678 finde
242 1621 304 1677 ilios
314 1620 398 1686 Elias,
424 1621 476 1676 boc
490 1630 542 1685 est,
554 1636 645 1677 sermo
664 1621 839 1693 propheticus
852 1622 946 1677 redur-
994 1618 1058 1688 quia
1071 1620 1191 1689 quandiu
1218 1629 1291 1676 reeta
1310 1623 1375 1692 egit.
1399 1623 1489 1678 diuina
1514 1639 1564 1693 ope
1587 1622 1705 1693 adiutus,
1720 1626 1780 1696 piu-

154 1714 221 1785 gnit,
235 1713 300 1783 quia
323 1712 576 1769 omnisdirinorum
594 1710 726 1768 librorum
748 1713 852 1768 sanctio
877 1712 945 1767 tates
959 1712 982 1771 D
996 1711 1065 1765 rima
1079 1712 1215 1768 ‘commisit
1228 1712 1343 1768 feliciter
1357 1714 1436 1780 belia,
1460 1723 1488 1770 et
1498 1714 1597 1787 ubique
1611 1715 1778 1773 debostibus

155 1803 343 1876 reprebentdit,
358 1809 391 1858 ac
405 1803 503 1858 merito
517 1816 573 1857 suas
582 1801 768 1871 perversitatis
778 1801 944 1873 gravissimis
995 1807 1179 1877 triumphavit.
1205 1806 1257 1864 Sed
1276 1820 1419 1880 postquam
1443 1825 1491 1881 per
1517 1813 1670 1883 stuperbiam
1686 1812 1778 1867 illicita

156 1894 347 1950 emtionibus
359 1893 494 1961 increpat.
994 1898 1126 1964 tentabat,
1137 1897 1210 1969 lepra
1221 1914 1376 1970 percussus,
1389 1909 1417 1955 et
1431 1901 1548 1957 nominis
1565 1911 1592 1956 et
1606 1902 1718 1960 honoris
1738 1901 1777 1956 si·

186 1985 333 2050 Αώθῑῑίῦι
359 1984 405 2055 dui
430 1983 624 2053 interpretatur
644 1981 837 2054 apprehendent
853 1980 945 2035 bont·
993 1989 1050 2045 nini
1062 1988 1178 2045 fuscavit
1191 1990 1357 2061 dignitatem.
1376 1990 1427 2045 iiic
1454 2006 1511 2053 rex,
1526 1991 1573 2061 qui
1595 1991 1630 2047 ob
1652 1992 1779 2047 meritum

155 2094 224 2144 Μ,
238 2075 378 2147 Sivffiffl‘
390 2074 494 2129 “iim
517 2081 544 2128 0¹
558 2072 710 2128 Phfflffi
729 2071 855 2128 d⁰⁰²⁰f0⁸
876 2073 944 2143 ¹⁰8³ss
994 2082 1125 2139 scelerum
1140 2095 1250 2136 suumn
1264 2081 1291 2136 in
1303 2079 1391 2137 fronte
1408 2083 1533 2152 contagio
1542 2081 1624 2152 leprae
1642 2081 1779 2153 perfundi·

156 2169 262 2233 veteris,
281 2168 329 2239 qui
345 2174 469 2222 tenentes
482 2164 660 2239 scripturam,
675 2164 760 2238 legem
771 2164 877 2222 Domini
890 2181 945 2221 uon
995 2181 1050 2236 tur,
1066 2184 1177 2240 reguum
1205 2169 1305 2226 indicat
1320 2168 1482 2236 iudeorum,
1504 2171 1548 2241 qui
1560 2171 1675 2226 dedecus
1686 2178 1714 2225 et
1723 2184 1781 2224 mn·

156 2270 243 2317 umet
258 2268 451 2316 semlerum.
464 2259 568 2315 idcirco
580 2257 648 2314 lebu
663 2272 743 2328 quem
758 2258 888 2313 Dominus
896 2272 945 2329 per
995 2259 1070 2317 cuias
1081 2259 1200 2332 perfidiae
1215 2261 1242 2316 in
1256 2259 1345 2317 fronte
1368 2269 1475 2333 gerum,
1489 2260 1534 2316 ubi
1561 2259 1667 2329 signum
1690 2260 1780 2316 crucis

157 2352 281 2407 Discum
295 2350 458 2422 prophetam
471 2350 504 2405 ad
517 2349 719 2420 exstirpandam
732 2348 842 2405 domum
852 2347 945 2405 Achab
994 2360 1103 2423 portare
1116 2350 1270 2407 noluerunt.

157 2450 182 2498 et
190 2444 350 2497 sacedotes
359 2441 424 2496 Baai
436 2440 637 2498 interficiendos
650 2441 735 2506 misit,
751 2443 885 2511 percussit
897 2440 945 2498 Jo-
1030 2443 1157 2505 tontum,
1170 2442 1217 2513 qui
1230 2442 1421 2511 interpretatur
1431 2449 1625 2496 emummutttt
1641 2439 1682 2495 tei
1693 2440 1779 2511 perfe-

157 2550 213 2590 ram
225 2550 321 2606 regem
345 2532 440 2598 lsrael,
463 2542 491 2590 ct
501 2532 647 2589 Aebutiam
664 2546 754 2603 regem
769 2530 847 2599 luda,
861 2542 888 2589 et
900 2530 946 2588 Je-
995 2545 1064 2599 (ιιι,
1092 2543 1201 2590 secutus
1223 2540 1265 2588 est
1280 2530 1421 2601 pulchram
1445 2531 1634 2603 etymologiam
1650 2530 1778 2585 nominis.

157 2625 229 2682 tabe!
256 2624 450 2694 impiissimam
480 2622 598 2695 reginam
623 2624 656 2679 de
676 2623 778 2695 palatio
798 2623 825 2678 iu
840 2621 945 2677 leuraei
996 2623 1073 2680 Fecit
1085 2622 1156 2680 enim
1171 2630 1273 2677 rectum
1291 2622 1472 2692 inconspeetu
1494 2621 1610 2684 Domini,
1632 2628 1779 2690 etportam

156 2715 327 2785 praecipitare
338 2711 413 2768 fecit.
426 2710 494 2767 iebu
513 2713 584 2768 euim
596 2713 685 2784 typice
696 2711 839 2782 designare
855 2718 946 2782 potest
997 2714 1088 2785 tempii
1102 2712 1246 2770 edificavit
1256 2711 1400 2768 excelsam.
1414 2710 1495 2766 Juxta
1507 2711 1650 2783 mysticum
1660 2726 1779 2772 sensum,

157 2806 274 2878 gentium
288 2803 485 2875 principatum,
498 2817 578 2875 quom
593 2802 724 2858 Donatum
739 2817 772 2857 ac
783 2801 946 2870 Redemptor
996 2819 1075 2875 qnam
1090 2803 1185 2859 meiius
1207 2819 1256 2860 rex
1276 2804 1328 2859 iste
1352 2803 1477 2867 toatban
1493 2802 1569 2871 cujus
1584 2803 1638 2858 rita
1658 2811 1686 2857 et
1697 2816 1780 2873 opera

156 2905 247 2952 mr
258 2895 418 2957 minavit,
433 2902 463 2948 ug
477 2895 504 2948 ῑῃ
525 2893 653 2967 sacrilega
667 2893 788 2959 civitate,
811 2908 870 2963 φη)
884 2908 946 2963 pm.
996 2883 1150 2949 laudantur,
1161 2887 1273 2947 iudicat,
1286 2898 1368 2950 quam
1381 2884 1585 2949 Redemptorem
1607 2887 1787 2945 prostratique

154 2987 249 3055 phgr„
262 2995 292 3041 01
307 2987 398 3056 ipsum
423 2986 564 3041 Dominum
589 2984 902 3056 prophgqmmocetdig
918 2992 945 3040 et
996 2975 1417 3048 quni‘saimistaaittonaninm
1428 2976 1803 3052 unuqunsDomiuuaetittu·¹

156 3075 293 3146 apostolos
304 3075 366 3145 ejus
382 3084 525 3146 persecuta
551 3083 603 3141 est,
625 3074 726 3145 judicia
750 3082 902 3141 exerceret,
917 3083 945 3132 et
958 3051 980 3116 C
995 3068 1095 3127 dabilis
1105 3068 1184 3125 ntinn
1199 3079 1225 3124 et
1241 3066 1418 3123 terribilium
1431 3084 1510 3140 super
1523 3084 1611 3123 omues
1623 3071 1685 3124 deos
1697 3068 1782 3140 (Paul.

160 3182 217 3221 eam
227 3165 337 3220 uitione
351 3164 426 3234 justa
437 3164 592 3234 perimeret,
607 3174 687 3235 atque
701 3167 881 3222 sacerdotium
894 3179 945 3220 va·
996 3165 1070 3236 xcv).
1085 3163 1167 3233 Cujus
1193 3165 1405 3235 persecutionem
1432 3176 1528 3217 nomeu
1551 3161 1637 3230 ipsum
1661 3158 1776 3216 ioatban

158 3273 231 3322 num,
244 3257 319 3328 quod
330 3262 394 3326 post
404 3254 505 3311 Christi
521 3257 663 3312 adveutum
674 3256 791 3313 inaniter
803 3256 943 3324 habuerat,
996 3254 1132 3326 exprimit.
1146 3252 1424 3325 Interpretaturenim
1433 3259 1638 3312 comsummatus,
1651 3248 1708 3304 sire
1719 3264 1779 3317 per·

160 3351 322 3412 destrueret,
337 3346 521 3418 templumque
534 3348 712 3414 subverteret,
726 3363 844 3405 necnon
858 3355 885 3404 et
895 3348 945 3403 im·
995 3346 1088 3417 semna.
1105 3343 1138 3400 lit
1152 3347 1185 3401 de
1198 3344 1311 3400 Domino
1327 3342 1467 3398 Salvatore
1492 3340 1591 3396 Paulus
1604 3340 1638 3396 ad
1652 3338 1780 3394 llebrmos

158 3441 226 3509 piam
240 3453 409 3512 synagogam
420 3452 480 3507 qnae
493 3437 650 3509 sangninem
668 3445 822 3495 sanctorum
836 3453 945 3509 semper
995 3437 1117 3495 scribens
1130 3438 1189 3494 ait:
1207 3436 1241 3492 lit
1255 3435 1358 3508 quidem
1376 3450 1435 3489 cum
1447 3441 1514 3489 esset
1537 3431 1628 3486 Filius
1637 3429 1696 3496 Dei,
1711 3429 1781 3483 ditii-

161 3532 277 3594 sitiebat,
288 3532 323 3586 de
340 3529 416 3600 regni
443 3526 560 3583 cuimine
573 3527 762 3598 precipitaret,
779 3541 811 3582 ae
826 3536 946 3585 rectores
995 3528 1031 3582 eit
1048 3543 1081 3582 en
1093 3527 1145 3594 fiis,
1165 3543 1223 3599 que
1235 3541 1329 3598 pumat
1347 3515 1395 3589 eit,
1418 3521 1601 3583 obedientium,
1621 3527 1645 3572 et
1660 3532 1780 3572 connum·

160 3623 243 3694 tpsim
256 3621 438 3678 interficeret.
995 3616 1180 3687 mutunfuetus
1198 3624 1235 3671 est
1251 3613 1369 3669 omnibus
1382 3610 1616 3683 obtemperantibus
1635 3607 1686 3664 niti
1699 3623 1779 3661 causa

191 3714 299 3769 bubalis
320 3714 405 3784 igitur
417 3713 485 3778 bac,
499 3727 558 3783 quim
569 3726 660 3768 semen
677 3711 761 3766 David
773 3711 945 3780 exstinguere
994 3706 1088 3761 minu
1099 3716 1203 3761 eterne
1218 3703 1297 3775 (flet.
1316 3704 1355 3775 a).
1376 3702 1435 3773 ipsa
1455 3699 1598 3757 aedideanit
1607 3705 1715 3770 portam
1730 3697 1780 3752 do-

161 3807 323 3861 noiiebatur
337 3814 364 3861 et
380 3804 480 3876 regiam
493 3805 602 3874 stirpem
620 3803 721 3867 delere,
735 3802 803 3858 bene
823 3802 946 3872 impieta-
995 3811 1056 3853 mus
1070 3795 1176 3852 Domini
1186 3793 1331 3859 excelsam,
1345 3791 1407 3863 quia
1428 3805 1477 3861 per
1491 3790 1578 3860 ipsum
1590 3787 1716 3843 introitus
1730 3800 1779 3855 pa·

162 3894 531 3967 temenprimitsyuagogtc,
547 3908 606 3964 quae
623 3908 672 3965 per
687 3892 833 3963 nequitiam
848 3892 946 3946 mentis
996 3896 1036 3942 tet
1061 3884 1184 3942 fidelibus
1214 3882 1289 3953 regni
1324 3880 1467 3938 ccelesiis:
1497 3878 1554 3949 Ego
1583 3892 1650 3938 aum,
1682 3874 1781 3943 iuquit,

162 3985 269 4043 seminis
289 3983 385 4046 David,
411 3983 462 4038 hoc
476 3991 518 4037 est
533 3980 643 4046 Christi,
667 3979 817 4037 insidiatrix
835 3986 903 4044 erat,
919 3987 946 4034 et
995 3977 1112 4032 ostium:
1126 3990 1224 4047 pernae
1235 3974 1258 4027 si
1269 3972 1328 4044 quis
1346 3969 1515 4041 ingredietur,
1528 3964 1672 4021 minabitur
1686 3960 1777 4034 (locu.

161 4078 250 4132 oliam
263 4084 360 4132 contra
382 4089 445 4129 enm
468 4088 575 4143 semper
590 4073 616 4128 in
631 4073 711 4128 eorde
734 4073 856 4142 gerebat,
882 4071 945 4140 quia
995 4069 1035 4138 a).
1049 4068 1168 4122 Etreete
1185 4062 1360 4121 baeceteeisa
1373 4067 1449 4132 porta
1465 4065 1587 4120 uocatur,
1606 4053 1669 4124 qula
1683 4051 1779 4107 deirae

161 4166 304 4238 aananlm
316 4181 432 4238 regnare
445 4166 595 4228 videbatur,
615 4180 674 4220 cum
691 4163 759 4234 legis
772 4160 946 4218 caeremonias
996 4155 1090 4214 eadem
1103 4155 1245 4209 Psalmista
1260 4152 1298 4207 ait
1311 4169 1318 4206 ε
1333 4148 1460 4204 Eneeism
1485 4161 1563 4215 nuper
1583 4157 1671 4197 ouius
1693 4150 1780 4211 penten

161 4257 347 4329 temporaliter
363 4255 536 4312 observabat.
552 4253 746 4324 Interpretatur
759 4251 864 4308 dtiraiia
881 4260 946 4305 tem·
996 4255 1034 4300 est
1053 4244 1189 4304 Dominus,
1214 4238 1386 4310 supertectus
1411 4235 1494 4307 gioria
1509 4233 1566 4304 ejus
1585 4228 1680 4336 ¹(Parti.
1701 4229 1780 4299 cxli).

162 4347 257 4418 pratis
276 4345 395 4400 Donum
421 4343 475 4399 Sed
490 4341 616 4398 fosnbetb
638 4341 807 4399 strenuitate.
830 4354 890 4410 quc
902 4338 946 4393 in·
998 4338 1131 4393 Dicuntur
1143 4345 1171 4390 et
1189 4332 1275 4390 sancti
1294 4332 1418 4387 doctores
1430 4335 1526 4399 purim,
1546 4339 1608 4394 (1⁰¹³
1622 4337 1672 4392 per
1686 4335 1780 4425 eorum

162 4443 327 4507 terpretatur
339 4433 465 4487 natantes
478 4431 592 4495 Domini,
606 4430 632 4485 id
650 4428 839 4491 estEceiesiae,
855 4428 945 4498 inqua
996 4428 1218 4501 pmdteatlonem
1244 4424 1307 4479 sits
1333 4420 1461 4477 discimus
1490 4415 1650 4479 introitum
1671 4418 1783 4512 sicutet

162 4541 231 4581 verz
240 4533 305 4582 sunt
315 4523 430 4588 deliciae,
444 4517 653 4584 servatorium,
680 4518 726 4588 qui
752 4517 947 4586 interpretatur
997 4530 1083 4595 poma
1095 4517 1174 4575 inferi
1187 4517 1312 4572 dicuutur
1325 4510 1454 4576 haeretiei,
1471 4507 1517 4578 qui
1527 4513 1621 4572 eontra
1633 4499 1781 4601 Ecclesiam

163 4616 288 4670 marie
302 4614 422 4678 Domini,
445 4612 568 4668 cbristus
581 4608 715 4673 videficet,
733 4608 760 4662 iu
775 4622 947 4678 quomemo·
996 4627 1079 4683 suuper
1092 4616 1197 4681 petram
1210 4600 1475 4671 edificatumipsius
1490 4594 1596 4651 Domini
1609 4599 1782 4648 attestatione
1875 4609 1883 4628 ·

163 4708 204 4762 ria
217 4715 262 4763 est
286 4705 405 4762 nominis
425 4702 541 4766 Domini,
564 4713 598 4758 ne
620 4715 670 4771 per
689 4697 878 4754 credulitatem
897 4712 948 4753 sn-
996 4700 1144 4773 praevatere
1157 4701 1343 4767 nonpossuut.

163 4798 262 4853 viantis
287 4795 377 4854 bostis
404 4793 576 4848 interimatur
590 4790 618 4845 in
644 4788 770 4844 cordibus
789 4787 947 4852 electorum,
1031 4790 1123 4846 debas
1135 4787 1328 4855 interpretatur
1341 4777 1544 4852 apprehendent.
1559 4774 1680 4843 Denique
1691 4768 1781 4870 debas

165 4889 304 4960 magisque
327 4885 464 4941 nutriatur
476 4884 502 4938 in
515 4883 595 4938 domo
617 4877 718 4935 inludat
738 4877 882 4948 pontificis,
903 4877 948 4946 qui
999 4879 1045 4949 qui
1066 4893 1099 4933 ex
1110 4876 1185 4946 iusto
1200 4883 1278 4945 patre
1290 4871 1379 4928 editus
1390 4870 1418 4924 in
1431 4865 1572 4940 perfidiam
1587 4873 1615 4917 et
1625 4858 1713 4916 scelus
1727 4858 1783 4958 udo·

166 4980 274 5035 titensa
284 4977 394 5033 Domini
411 4977 612 5045 interpretatur.
641 4973 679 5028 De
704 4985 759 5041 quo
783 4968 873 5024 Patris
897 4983 949 5023 uox
1000 4967 1113 5023 inflatriae
1136 4965 1260 5035 delapsus
1283 4969 1338 5023 est.
1361 4956 1496 5028 significat
1521 4952 1734 5051 baeretieos,·qut
1749 4960 1780 5000 er

166 5073 222 5127 ait:
239 5071 291 5126 Dic
304 5080 345 5126 eat
358 5068 445 5124 Fiiins
468 5084 541 5123 meaa
565 5067 685 5129 dilectus,
699 5065 727 5118 in
744 5078 795 5134 quo
810 5060 874 5116 milti
888 5059 951 5115 bene
1000 5057 1141 5115 eatboiicis
1164 5055 1285 5126 patribus
1307 5055 1476 5106 sacramento
1500 5043 1560 5099 fidei
1587 5039 1682 5096 imbuti
1707 5044 1780 5138 suant,

166 5162 311 5232 cupium
326 5159 435 5232 (Huni.
447 5158 501 5229 ιιι).
515 5156 597 5227 Cujius
608 5157 704 5211 domm
715 5161 810 5207 saneta
826 5149 949 5206 Ecclesia
1000 5148 1048 5204 sed
1062 5148 1096 5204 ad
1109 5146 1269 5216 apostasiam
1293 5140 1459 5198 declinantes
1484 5134 1586 5191 cultum
1613 5129 1733 5235 divinum
1748 5142 1782 5227 ⁸¹⁰.

166 5261 217 5319 est,
231 5254 277 5307 ulii
287 5252 316 5308 in
330 5250 384 5306 dde
395 5248 543 5305 ctecnmm
556 5260 668 5301 manens
684 5241 805 5314 quotidie
828 5239 895 5295 facit
903 5254 951 5294 au·
1001 5235 1129 5294 malacria
1142 5249 1264 5290 errorum
1282 5244 1391 5288 suorum
1404 5227 1525 5300 prebere
1538 5239 1591 5279 nou
1606 5226 1703 5276 tument
1713 5233 1722 5282 ;
1733 5232 1781 5318 ‘que

166 5355 303 5418 gnatum
329 5342 452 5413 corporis
465 5338 520 5403 sui,
543 5339 629 5394 donee
640 5346 762 5406 tempore
784 5331 880 5404 iudicii
892 5347 952 5388 sce-
999 5328 1118 5383 fructum
1135 5321 1268 5387 traerisui,
1282 5322 1334 5376 boe
1346 5328 1397 5382 est,
1412 5315 1535 5372 effectum
1557 5324 1646 5383 praue
1663 5305 1780 5410 ‘medita-

165 5446 254 5507 μω,
267 5437 345 5510 ψ]
359 5445 389 5492 eq
407 5433 557 5507 pompam
572 5433 702 5487 ,avernus
713 5442 761 5484 ως
774 5424 887 5482 extollat
903 5421 950 5493 qui
1001 5416 1081 5473 donis
1106 5414 1133 5469 fn
1148 5413 1210 5484 igue
1226 5410 1277 5467 zeii
1292 5408 1430 5465 daemoniis
1452 5401 1689 5472 immoiaut;quta
1712 5403 1782 5497 suerat

167 5529 314 5598 deprimre
335 5525 504 5598 cogitabant,
528 5530 555 5579 et
571 5519 781 5577 interfectricem
795 5524 949 5574 sanctorum
999 5506 1098 5571 debas,
1111 5503 1226 5576 spoliata
1237 5499 1317 5554 domo
1326 5494 1432 5550 Domini
1441 5502 1468 5549 et
1480 5492 1560 5547 domo
1572 5503 1664 5562 regum
1674 5493 1701 5542 et
1711 5499 1783 5555 puu-

167 5619 271 5675 ttemis
282 5611 564 5691 deputareritpoenis.
1001 5599 1100 5669 cipum,
1125 5592 1200 5648 dedit
1224 5587 1281 5653 regi
1306 5584 1477 5656 Assyriorum
1502 5596 1625 5648 munera,
1651 5583 1782 5634 ettamen
