4042 6200
131 388 194 448 bt?

602 390 782 449 Ett‘ttstt'to
800 392 911 448 stitdtt
930 391 966 446 ll]
978 388 1114 444 liillldll.
1137 419 1169 428 -
1187 387 1249 442 llll.
1273 387 1325 443 l'll.

1726 390 1781 446 tttt

131 505 288 577 sapientise,
311 503 338 560 itt
360 502 521 574 quibusdam
536 504 596 557 eard
621 519 674 558 nou
698 515 760 559 sant
779 504 929 574 sapientie,
946 509 969 565 A
984 501 1080 569 ceptis,
1095 501 1335 569 conquatientes-in
1350 498 1563 565 tntrrnttautus,
1582 498 1608 552 in
1631 500 1710 555 ruinis
1726 512 1779 557 tet·-

129 609 164 655 et
176 597 276 653 itleiren
290 595 450 648 renium-ad
465 602 560 663 puteos
578 603 606 648 et
620 610 682 651 non-
692 595 834 650 inveniunt
849 610 934 663 aquas

130 704 206 759 qnae
223 685 395 756 patriarchas
415 684 551 739 invenisse
578 693 670 740 narrat
690 685 812 740 historia.
827 676 933 754 ‘ttepnr-

131 786 196 833 tant
210 791 273 830 rasa
298 790 346 829 sua
367 788 463 838 vacua,
483 770 608 842 juniores
630 772 767 837 videlicet,
790 788 841 827 non
859 772 932 843 qnod

129 883 217 939 aqnoe
232 881 286 922 non
307 865 429 928 inerint,
455 866 503 920 sed
515 865 587 934 qtted
607 863 644 918 illl
664 864 785 919 invenire
804 879 857 918 non
882 880 932 935 po·

131 961 248 1017 tuerint.
260 979 269 1011 t
283 958 396 1014 Coninsi
408 969 471 1015 sttnt
488 967 516 1013 et
530 959 633 1019 atttiett,
647 958 705 1014 sive
723 959 891 1012 erubuerunt
903 963 931 1010 ct

129 1062 300 1124 operuerunt
311 1050 487 1121 capitasttm·
498 1050 561 1119 qnia
575 1066 627 1103 non
635 1048 858 1117 poterantdircrc
869 1063 930 1101 ctnn

129 1143 280 1214 Apostolo:
293 1142 368 1197 «Nos
383 1153 473 1199 anteat
488 1158 584 1195 onmes
599 1141 718 1196 revelata
736 1140 804 1194 laeie
815 1139 930 1209 glrrriam

132 1235 243 1290 lJentini
266 1233 482 1303 contemplamur
496 1232 538 1301 (tt
552 1232 614 1287 Cor.
639 1232 680 1301 nl.
698 1252 707 1282 t
725 1231 838 1301 l’rtqvtct·
853 1241 932 1283 terne

130 1325 302 1389 vastitatem,
317 1325 376 1379 sire
390 1334 418 1379 et
432 1332 512 1378 terra·
523 1340 605 1394 opera
619 1323 786 1389 deiecerunt,
805 1340 853 1392 per
872 1338 931 1391 qua¹

131 1420 169 1473 ad
188 1419 235 1474 bei
259 1418 384 1473 notitiam
405 1417 544 1486 pergimus
571 1435 577 1470 τ
604 1432 742 1485 causaque
765 1415 929 1485 perspicua.

130 1509 198 1579 troia
225 1522 279 1560 non
306 1506 380 1561 venit
398 1506 492 1576 pluria
507 1520 589 1575 super
609 1514 719 1558 terram.
747 1524 756 1553 ι
775 1503 929 1557 blandinum

130 1608 177 1654 est
195 1600 296 1669 qnippe
312 1597 438 1658 nubibus,
455 1612 488 1649 uc
504 1596 626 1667 pluerent
640 1610 722 1669 super
742 1610 801 1648 cant
817 1593 929 1648 imbrem

130 1689 204 1761 (lau.
216 1690 254 1761 v).
266 1707 276 1741 t
292 1688 424 1759 dgrieelae
436 1701 545 1757 quoqne
556 1728 563 1749 ‚
576 1701 691 1757 quornm
708 1701 778 1740 unrrs
790 1685 908 1755 loquitur
921 1703 927 1737 :

134 1798 144 1831 ι
164 1779 212 1833 bei
227 1778 411 1847 agricultura,
435 1779 483 1833 liei
500 1777 643 1832 sellisternia
655 1777 722 1830 estis
742 1774 775 1845 (l
790 1773 851 1829 Cer.
866 1775 928 1843 nt);

985 590 1096 653 ribiles,
1122 592 1147 644 in
1168 590 1402 646 exhortationibus
1430 590 1538 655 blandi,
1563 590 1589 644 in
1612 593 1779 648 ostendendo

984 683 1140 754 magisterio
1167 683 1300 749 bttmilcs,
1325 682 1352 737 iu
1386 698 1475 737 rerum
1501 681 1689 751 temporalium
1714 698 1779 739 eon-

984 783 1088 843 tenqnn
1112 775 1289 838 deterrentes,
1328 775 1361 828 in·
1390 772 1537 828 tolerandis
1571 773 1779 830 advers’tatibns

983 864 1062 936 rigidi
1081 872 1234 919 :ettamen
1255 865 1318 919 dont
1344 865 1414 918 vires
1440 880 1504 919 etms
1521 862 1631 918 sibitnet
1657 881 1709 918 urm
1732 864 1778 919 tri

982 957 1070 1010 bnttnt
1090 956 1223 1021 tirmiter,
1246 956 1420 1025 qttantussit
1442 956 1481 1010 eis
1501 954 1597 1021 dolor,
1620 957 1653 1010 de
1678 957 1777 1011 tuden-

983 1049 1055 1104 tilttts
1079 1058 1197 1120 qttantus
1218 1049 1251 1105 de
1265 1049 1401 1105 stantibus
1422 1048 1504 1102 timor
1518 1089 1524 1113 ,
1538 1065 1592 1118 qno
1607 1048 1712 1104 sertore
1727 1049 1779 1104 alin

982 1138 1094 1208 adipisci
1110 1148 1249 1208 appetunt,
1266 1154 1320 1209 qno
1336 1153 1437 1206 [satore
1449 1137 1500 1192 alia
1516 1140 1642 1209 adempta
1665 1154 1777 1194 consm-

982 1241 1055 1285 vant.
1085 1228 1153 1297 Quia
1176 1246 1242 1302 ergo
1271 1246 1467 1301 perpaucorum
1496 1240 1538 1285 est
1562 1232 1613 1285 ista
1640 1247 1775 1300 pettsnm,

982 1321 1085 1374 betacei
1100 1321 1199 1375 dieitur
1213 1338 1219 1374 :
1235 1320 1275 1375 vel
1289 1320 1472 1390 paulinianus
1494 1337 1589 1375 certas
1610 1320 1778 1377 alucinanti?

982 1411 1053 1466 Nibil
1081 1428 1144 1466 vcro
1164 1411 1256 1467 obstat
1278 1412 1349 1481 qnod
1365 1411 1445 1467 verba
1465 1410 1540 1465 licus*
1559 1413 1592 1467 tle
1620 1411 1778 1467 doctoribus

983 1500 1084 1557 farciens
1108 1519 1161 1557 non
1185 1518 1343 1567 eerrortnn,
1370 1502 1417 1556 scal
1441 1516 1583 1556 cervarum
1613 1516 1660 1557 ens
1687 1504 1776 1572 atracio

982 1592 1117 1663 designat,
1130 1592 1193 1662 qnia
1208 1592 1336 1646 aimirtnn
1350 1590 1386 1645 illi
1403 1607 1464 1648 reve
1477 1591 1603 1647 doctores
1623 1604 1686 1647 sunt
1701 1635 1706 1657 ‚
1730 1595 1777 1663 qni

981 1702 1042 1741 etna
1053 1701 1102 1754 per
1113 1683 1232 1756 vigorem
1245 1684 1394 1756 disciplinae
1412 1694 1503 1756 patres
1516 1686 1588 1749 sint,
1605 1702 1653 1755 per
1667 1686 1778 1756 pietatis

981 1780 1085 1833 viscera
1104 1793 1163 1833 csse
1178 1785 1279 1831 matres
1299 1785 1443 1838 novcrmtt.
1466 1792 1529 1846 qua:
1547 1777 1652 1831 labores
1674 1786 1774 1834 evincta:

130 1868 202 1922 etia
219 1867 272 1921 allo
288 1866 370 1921 loco:
389 1886 398 1916 ι
417 1865 464 1921 llei
476 1875 667 1935 coatt'uttut‘es
692 1880 802 1929 sltttttts.
823 1884 832 1917 t
861 1880 927 1934 ope-
945 1858 1164 1939 llcornqnionts
1179 1867 1304 1932 tolerant,
1319 1876 1347 1922 ct
1361 1867 1537 1936 proferendos
1550 1867 1603 1921 [leo
1623 1868 1775 1924 itlius-intra

131 1958 210 2013 rinnt
237 1967 320 2028 caput
347 1972 426 2011 suum
445 1966 472 2011 et
496 1956 717 2018 eottlunduutnr,
747 1956 929 2027 intelligentes

130 2049 193 2103 siae
208 2048 254 2102 liei
266 2047 350 2118 gutna
365 2056 393 2101 et
409 2045 544 2117 adiutorio
557 2046 657 2102 lrttstra
671 2062 701 2102 se
720 2045 842 2100 tendere.

170 2157 180 2190 t
192 2137 259 2192 Nam
267 2147 295 2192 et
306 2153 389 2193 cerva
399 2137 462 2207 (s‘re
473 2138 573 2206 cernel
585 2137 612 2192 in
621 2154 686 2208 agro
694 2137 802 2208 peperit
812 2135 875 2208 (sire
881 2152 929 2207 pe·

130 2230 287 2299 pererrat),
299 2237 331 2283 ct*
340 2229 448 2297 reliquit
459 2229 522 2295 (rae
530 2229 789 2299 reliquerunt-,qnia
804 2243 856 2283 nott
869 2239 930 2283 erat

131 2318 245 2371 beroa.»
256 2317 358 2389 (deep.)
374 2317 437 2373 llaec
450 2318 584 2373 setttentia
601 2319 634 2372 tle.
651 2318 811 2374 doctoribus
825 2318 929 2389 genitos

131 2408 205 2463 ttbos
217 2409 324 2462 itteaute
336 2409 533 2469 «lemmatibus.
549 2408 650 2463 dicitnr
662 2423 670 2463 t
682 2410 750 2465 bene
763 2423 828 2478 ergo
840 2423 929 2465 eervce

130 2500 260 2555 doctores
281 2500 473 2554 assitnilantur.
497 2499 562 2554 liam
578 2502 709 2555 doctores<
728 2502 836 2562 saneti.
855 2515 929 2555 ntore

131 2605 279 2645 cernamur
302 2591 472 2660 interemptis
489 2591 584 2657 vitiis,
604 2590 682 2660 qnasi
698 2591 842 2647 exstitistis
872 2605 929 2647 ser·

130 2681 262 2753 pentibus
276 2682 379 2745 vivunt,
393 2684 469 2737 etde
484 2682 540 2752 ipsa
553 2683 734 2738 exstinctione
746 2682 873 2737 vitiorum
895 2684 929 2736 ad

132 2771 237 2825 iontem
262 2771 326 2827 ritae
348 2772 439 2828 aerius
468 2773 653 2828 inardescunt.
682 2771 760 2828 Unde
785 2773 929 2829 Psalrnista

132 2862 195 2918 ait:
214 2881 227 2914 ι
242 2861 318 2918 Sient
332 2863 471 2919 desilierat
493 2878 590 2919 cervus
607 2863 744 2919 adientes
770 2879 902 2933 aquarum
920 2905 929 2931 ,

133 2954 172 3007 ita
195 2953 334 3009 desilierat
350 2955 439 3009 anima
459 2970 520 3009 mea
531 2955 565 3011 ad
581 2965 617 3021 te,
636 2956 705 3011 lleus
718 2956 805 3028 (Prel.
832 2956 926 3019 autb.»

132 3042 186 3113 lpsi
206 3044 291 3097 etiam
309 3045 374 3100 datu
394 3043 512 3100 labentia
538 3045 621 3117 lntjus
641 3046 851 3117 teutporalitatis
869 3062 927 3103 mo-

132 3143 235 3198 menta,
249 3136 327 3205 qnasi
341 3138 580 3206 qtnrdamllnnrina
592 3147 744 3204 transeant,
757 3139 926 3209 eotnpatiett-

981 1970 1087 2015 nternnt
1108 1959 1249 2016 eharitatis
1271 1966 1390 2028 portant.
1413 1955 1442 2011 ln
1469 1957 1572 2012 edenda
1605 1959 1677 2014 enirn
1699 1961 1776 2037 prole

981 2049 1096 2120 amplius
1112 2058 1213 2104 matres
1232 2047 1426 2115 laborantqnte
1444 2055 1611 2101 crescentem
1634 2049 1702 2104 intra
1717 2060 1774 2106 rate·

982 2155 1041 2194 runt
1062 2139 1265 2208 correcptionem
1290 2137 1370 2208 loago
1390 2140 1525 2191 tnertsinm
1550 2148 1670 2207 tempure
1695 2141 1776 2194 susti-

981 2239 1058 2295 nent,
1069 2238 1097 2285 ct
1109 2246 1169 2299 quac
1184 2245 1217 2285 cr
1229 2238 1306 2284 utero
1321 2228 1513 2298 procedentem
1529 2245 1581 2283 non
1599 2231 1656 2284 sirie
1674 2231 1777 2299 tangatis

982 2323 1120 2378 doloribus
1132 2323 1278 2393 tlepomnrt.

1019 2431 1028 2462 t
1044 2412 1175 2481 litonagvi
1184 2421 1318 2467 steterunt
1333 2412 1359 2466 in
1375 2413 1496 2484 rupibus,
1511 2422 1652 2469 traxerunt
1665 2422 1772 2469 ventum

981 2502 1058 2572 qnasi
1085 2503 1230 2567 dracones,
1259 2503 1416 2559 deiecerunt
1435 2505 1505 2561 oculi
1521 2522 1629 2569 eorum,
1644 2506 1705 2576 qtda
1723 2524 1774 2560 nnn

980 2601 1041 2648 erat
1064 2592 1146 2648 lterba
1169 2592 1232 2664 (sire
1251 2593 1364 2663 letntnt).
1384 2613 1393 2646 ι
1412 2594 1548 2668 (Hieron.)
1567 2596 1684 2651 cramus
1698 2608 1776 2650 stert-

982 2683 1055 2749 litas,
1071 2684 1181 2754 qttando
1204 2692 1229 2739 et
1249 2700 1337 2740 cerva
1361 2686 1387 2739 in
1409 2700 1474 2757 agro
1491 2686 1620 2757 pariunt,
1636 2696 1663 2741 et
1692 2686 1774 2741 telin·

981 2786 1068 2848 quant
1090 2778 1159 2833 ictas
1179 2793 1258 2843 suos,
1281 2778 1410 2846 quianon
1426 2780 1461 2833 sit
1476 2778 1558 2833 berba
1588 2778 1630 2831 vel
1656 2778 1746 2833 lentant
1766 2818 1773 2844 ,

982 2878 1012 2926 ut
1037 2885 1097 2939 qna
1119 2869 1203 2925 odore
1222 2869 1328 2924 nariam
1352 2876 1493 2940 serpentes
1515 2870 1663 2924 extralttmt
1679 2870 1712 2925 de
1726 2886 1768 2927 ezr-

981 2961 1082 3025 rernis,
1098 2969 1125 3016 ct
1141 2971 1271 3016 vettenata
1291 2960 1457 3015 interficiunt
1471 2960 1629 3023 animantia,
1640 2960 1703 3015 cibo
1714 2977 1775 3031 gra-

983 3050 1027 3104 tiae
1042 3064 1095 3104 non
1110 3056 1229 3103 tuantur.
1247 3048 1346 3120 Onagri
1363 3064 1479 3121 quoqne,
1490 3046 1523 3104 de
1537 3049 1635 3120 quibus
1646 3050 1776 3120 scriptum

982 3149 1026 3194 est
1043 3159 1048 3193 :
1068 3158 1077 3189 ι
1094 3138 1161 3206 Quis
1174 3139 1277 3194 dintisit
1300 3140 1326 3193 in
1349 3139 1495 3195 solitudine
1512 3155 1644 3213 onagrum
1661 3140 1775 3195 liberunt

134 3237 176 3282 ter
188 3227 323 3282 charitate
341 3243 424 3282 onera
453 3244 501 3283 sna
516 3229 568 3284 sibi
588 3228 702 3285 invicem
722 3239 906 3300 superponunt
920 3272 928 3294 ,
943 3203 965 3262 C
983 3229 1054 3300 (leb.
1072 3228 1192 3300 'xxrtrll
1209 3248 1217 3283 ι
1236 3229 1314 3299 plana
1327 3238 1355 3284 et
1369 3230 1533 3299 eantpestria
1569 3231 1751 3301 relinquentes
1766 3271 1774 3293 .

132 3316 198 3384 qttia
212 3323 292 3371 cauta
315 3318 506 3374 observatione
534 3319 691 3374 custodiunt
716 3320 742 3374 id
762 3322 837 3390 qnod
861 3337 929 3376 sert-

132 3412 269 3477 ptnm‘est
286 3424 294 3461 z
312 3425 321 3458 t
342 3407 460 3463 laricem
474 3424 559 3463 onera
579 3417 668 3464 vestra
686 3419 793 3480 portate
808 3451 816 3474 ,
838 3420 866 3466 et
889 3411 930 3467 sie

133 3499 318 3570 adimplebitis
332 3501 427 3570 degem
455 3501 555 3556 Gltristi
587 3499 660 3573 (Gal.
689 3502 762 3572 vil.»
787 3502 856 3560 lline
882 3520 930 3574 per

132 3589 186 3645 lob
204 3590 324 3646 dieitur:
339 3611 348 3643 t
366 3591 492 3661 Nnnqnid
507 3591 578 3646 noeti
591 3599 696 3661 tempus
709 3601 804 3662 partus
814 3593 850 3649 ibi
867 3610 929 3650 etun

134 3685 161 3739 in
179 3691 274 3754 petris,
283 3684 324 3738 vel
339 3684 522 3755 parttnientcs
534 3699 631 3740 cervas
642 3686 813 3741 observasti?
828 3706 837 3739 t
856 3685 928 3758 (lob.

133 3774 227 3846 arnt)
256 3773 402 3829 lleridiana
421 3791 485 3844 pars
510 3775 595 3830 ibices
608 3791 672 3830 ares
690 3785 788 3841 vocat,
800 3793 861 3847 quat
877 3776 929 3832 b'ttt

134 3864 247 3918 liuemis
273 3863 445 3918 inltabitant:
462 3864 604 3920 orientalis
623 3881 687 3920 uero
701 3866 930 3937 occidentalisque

132 3951 212 4021 plaga
232 3965 316 4020 parva
336 3952 522 4022 quadrupedia
535 3954 618 4010 ibices
629 3956 770 4019 nominat,
782 3956 881 4023 quibus
902 3965 930 4011 ct

133 4039 221 4095 moris
232 4046 272 4093 est
289 4039 316 4092 itt
331 4041 416 4108 petris
429 4057 543 4111 parere,
556 4044 619 4113 qnia
632 4049 720 4114 neque
729 4045 819 4100 seinttt
834 4045 885 4101 nisi
902 4046 929 4102 in

132 4127 221 4198 petris
234 4127 367 4183 babitare.
389 4129 455 4196 Quae
467 4130 490 4186 si
511 4133 620 4201 qnando
630 4135 714 4188 etiam
728 4134 763 4189 de
775 4135 837 4191 altis
849 4151 930 4192 eacu-

135 4218 256 4274 tninibns
269 4233 398 4274 saxorum
418 4231 516 4286 ruunt,
532 4224 559 4278 in
577 4225 636 4280 suis
654 4241 684 4282 se
704 4227 834 4284 cornibus
846 4228 928 4283 illesa

134 4312 298 4382 suscipiunt,
314 4321 397 4383 capnt
409 4316 509 4386 qnippe
523 4326 634 4371 ruentes
652 4316 762 4382 lerinnt,
778 4317 929 4386 cnjttsdum

982 3326 1056 3372 stent
1073 3316 1100 3371 in
1114 3317 1227 3387 rupibus
1244 3327 1272 3374 et
1291 3331 1402 3374 currere
1423 3325 1574 3388 nequeant,
1590 3326 1618 3372 et
1638 3318 1777 3372 attrahant

980 3416 1092 3464 rentum
1119 3408 1145 3462 in
1174 3409 1322 3464 draconum
1348 3407 1570 3468 similitudinem.
1595 3407 1778 3477 deliciamqne

980 3499 1051 3555 oettli
1078 3515 1189 3564 eorum,
1211 3509 1240 3556 ct
1259 3500 1364 3555 claram
1392 3499 1479 3554 lucem
1497 3514 1610 3554 cernere
1629 3508 1776 3569 neqrtcant,

982 3588 1200 3646 llationabilibns
1226 3589 1373 3645 subtractis
1395 3590 1478 3654 cibis,
1500 3589 1610 3645 siccitas
1630 3590 1687 3645 bere
1706 3605 1776 3659 supe

981 3681 1082 3737 accidit
1101 3681 1129 3736 in
1147 3680 1290 3745 ecelesiis,
1313 3680 1422 3751 qnando
1437 3689 1464 3736 et
1477 3682 1551 3736 cervi
1573 3689 1600 3736 et
1623 3682 1716 3751 orituri
1736 3682 1777 3735 in-

981 3771 1128 3827 reninntnr
1142 3771 1168 3827 in
1196 3771 1312 3842 populis,
1331 3778 1360 3824 et
1376 3770 1567 3840 uragistrorum
1584 3771 1695 3838 penuria
1712 3787 1777 3826 eon·

983 3859 1104 3916 tabescm
1117 3868 1138 3915 t.
1186 3860 1256 3916 Sunt
1293 3859 1340 3930 qni
1351 3866 1465 3928 possunt
1476 3858 1594 3922 discere,
1605 3867 1634 3912 et
1647 3873 1700 3913 nou
1713 3867 1777 3913 sunt

980 3950 1027 4020 qni
1042 3950 1149 4020 possint
1162 3948 1270 4005 docere.

1020 4058 1030 4091 t
1051 4038 1080 4094 Si
1101 4037 1257 4108 iniquitates
1275 4045 1374 4092 nostra
1400 4037 1670 4110 responderimque
1695 4038 1775 4092 resti·

984 4152 992 4182 t
1016 4130 1107 4186 terintl
1120 4129 1218 4194 nobis,
1241 4129 1364 4193 lietuino,
1384 4129 1428 4185 lae
1445 4139 1556 4200 propter
1572 4146 1668 4185 nornen
1688 4139 1775 4195 toturn,

984 4241 994 4276 t
1014 4223 1141 4293 qnoniam
1162 4221 1253 4277 multae
1275 4230 1339 4276 sunt
1353 4222 1512 4277 aversiones
1529 4231 1628 4278 nostrae
1642 4221 1692 4290 (rel
1716 4237 1777 4291 pec·

984 4336 992 4366 t
1016 4324 1077 4369 eata
1092 4313 1205 4385 nostra).
1221 4313 1280 4368 Tibi
1301 4314 1484 4383 peccavimus,
1499 4314 1666 4385 exspectatio
1682 4299 1774 4374 lsmel,

134 4403 223 4471 priora
239 4419 343 4458 eorrtua
357 4413 510 4475 opponunt,
534 4405 656 4461 litomne
674 4424 774 4478 corpus
795 4426 810 4462 a
821 4407 929 4476 jatetnra
984 4424 993 4455 t
1015 4406 1132 4462 salrator
1152 4404 1211 4475 eius
1230 4406 1257 4460 in
1282 4413 1404 4475 tempore
1423 4404 1645 4460 tribulationis.»
1671 4403 1699 4458 Si
1728 4405 1773 4459 dn·

134 4509 216 4549 casus
237 4494 366 4548 aliemtm.
386 4497 536 4551 Cervaront
565 4498 771 4566 qttoqnetnoris
794 4508 860 4565 est,
889 4499 929 4554 in·
982 4483 1774 4564 luterens,qnarenondescenduntpluvitesuperterram.

135 4595 232 4637 veritos
253 4592 393 4653 serpentes
427 4586 621 4656 exstinguere,
636 4602 785 4656 coeuntque
807 4590 928 4643 tnendna
982 4601 1068 4657 quare
1088 4596 1186 4641 etriteta
1203 4587 1330 4642 ariditate
1349 4586 1704 4655 marcescant,andiamus:
1720 4587 1759 4643 lnl

135 4676 272 4730 morsibus
294 4676 436 4731 dilaniare.
456 4675 552 4732 l'ertnr
572 4686 679 4742 autem,
697 4679 759 4746 qnia
776 4679 798 4733 sl
821 4681 931 4750 (qnando
981 4676 1101 4746 quitates
1108 4685 1206 4732 nostre
1213 4677 1371 4732 restiterunt
1385 4677 1473 4745 nobis,
1487 4686 1640 4750 propterea,
1651 4678 1774 4733 llotnine.

135 4762 246 4819 iluntina
272 4773 436 4830 transeant,
457 4766 576 4836 capitum
600 4783 711 4823 suornm
734 4786 818 4825 onera
841 4771 932 4829 dorsis
983 4785 1036 4824 non
1055 4769 1202 4824 secundum
1216 4785 1297 4841 opera
1317 4777 1421 4837 nostra,
1442 4769 1490 4826 sed
1508 4771 1656 4827 seeundum
1678 4786 1774 4826 nomen

133 4857 562 4927 praecedentiumsuperponunt,
577 4859 684 4930 sibique
704 4859 818 4917 invicem
834 4879 929 4919 succe·
983 4871 1107 4918 sanetum
1130 4870 1205 4917 tuum
1229 4862 1307 4918 vinee
1340 4862 1441 4917 mttltas
1470 4864 1627 4919 aversiones
1658 4870 1775 4917 nostras.

135 4948 232 5002 dentes
246 4946 366 5002 laborem
380 4949 508 5018 qtooderis
521 4952 633 5005 omnino
648 4954 844 5010 nonsentinnt.
862 4953 928 5009 Par·
983 4954 1045 5009 Tibi
1066 4953 1139 5010 etaim
1161 4955 1351 5024 percantans,
1375 4970 1457 5026 quern
1479 4954 1569 5010 cordis
1593 4962 1700 5009 secreta
1722 4967 1776 5005 aon

136 5037 269 5092 turientes
288 5038 361 5091 ertitn
385 5055 481 5096 cervas
502 5042 651 5098 observare
664 5053 706 5098 est
722 5061 729 5099 ι
746 5045 806 5100 illos
824 5045 931 5102 labores
983 5045 1089 5111 lallnnt,
1112 5055 1140 5101 et
1152 5055 1177 5100 te
1188 5046 1396 5117 praestolamur,
1411 5047 1457 5117 qui
1472 5062 1536 5102 vera
1552 5061 1614 5117 spes
1628 5053 1656 5099 et
1677 5057 1760 5112 exspe

135 5139 256 5201 patrant,
278 5131 324 5200 qni
346 5132 482 5203 spiritales
501 5134 571 5191 lilios
585 5146 724 5207 generant,
738 5147 817 5194 canta
840 5141 930 5194 consi·
982 5135 1068 5192 ctatio
1080 5151 1109 5191 es
1124 5134 1216 5202 lsrael,
1237 5145 1266 5190 et
1277 5137 1368 5192 salvas
1381 5153 1428 5193 eos
1441 5137 1468 5191 in
1484 5143 1606 5205 tempore
1622 5132 1775 5188 tribulatio·

135 5225 277 5280 dcettione
294 5239 419 5294 pensare.
446 5224 567 5284 Solerter
583 5230 683 5298 qnippe
696 5229 855 5286 intuendum
868 5241 928 5293 est.
982 5228 1037 5293 nis,
1056 5227 1133 5297 juxta
1148 5226 1213 5280 illud
1227 5229 1298 5296 qnod
1323 5228 1452 5298 seriptum
1468 5235 1508 5282 est
1523 5244 1529 5280 ε
1545 5246 1554 5276 ι
1571 5226 1612 5281 dd
1633 5225 1774 5280 botnitunn

135 5317 208 5385 qnod
222 5317 268 5371 bie
278 5333 368 5372 sermo
383 5325 439 5371 tam
454 5318 598 5388 vigilanter
611 5320 786 5391 imprimitur,
801 5332 832 5377 ιιι
854 5323 928 5377 tlica-
983 5334 1045 5373 entn
1057 5316 1202 5374 tribularer
1212 5316 1325 5370 elatnari
1340 5326 1368 5372 et
1380 5316 1518 5372 exaudivit
1532 5311 1773 5386 ntettaateurp..

137 5417 190 5472 tur,
204 5408 375 5463 observasti?
387 5410 457 5476 Quia
476 5411 569 5480 ntique
590 5425 786 5482 perpaucorum
804 5421 848 5470 est
865 5430 930 5484 pen·
984 5411 1111 5466 llieantus
1126 5418 1155 5464 ct
1169 5426 1218 5465 nos
1233 5411 1259 5465 in
1282 5421 1405 5481 tempore
1426 5411 1569 5478 siccitatis
1588 5427 1776 5482 aqummmpm

136 5499 263 5569 sesequi
277 5498 399 5554 laborsit
409 5501 435 5554 in
448 5503 684 5571 predicationibus
694 5516 813 5573 patrant,
822 5507 930 5575 queritis
983 5505 1117 5577 penuria:
1140 5524 1148 5555 ι
1168 5504 1228 5559 Tibi
1255 5507 1426 5576 praecantans
1450 5515 1477 5561 ct
1507 5506 1608 5560 malum
1633 5521 1725 5562 coram
1750 5517 1778 5563 te

136 5589 276 5646 tloloribus
294 5593 371 5661 qnasi
396 5594 577 5663 quilmsqnam
603 5597 749 5654 conatibus
772 5599 877 5655 arrianas
902 5599 928 5653 ia
985 5597 1098 5654 lecimus
1120 5597 1207 5669 (Paul.
1233 5600 1279 5667 ι),
1298 5619 1309 5651 ι
1325 5606 1400 5654 tuum
1421 5600 1595 5672 praetolamur
1618 5601 1774 5666 atlt‘cnttnn,

138 5683 230 5736 litleet
248 5684 455 5741 conversatione
482 5687 637 5753 parturiunt
660 5707 666 5740 ε
692 5705 775 5758 qttatn
797 5698 875 5744 canta
901 5706 930 5745 se
984 5693 1030 5760 qm
1052 5690 1248 5756 sultaslsracl‚
1277 5708 1329 5746 non
1354 5709 1402 5747 sno
1430 5694 1548 5760 ntetitu,
1579 5693 1626 5748 scd
1650 5702 1695 5748 tua
1718 5693 1771 5747 ele-

137 5773 327 5829 obscrvatione
340 5776 571 5846 circumspiciunt,
594 5789 623 5832 nt
644 5780 697 5833 sint
719 5780 803 5837 sortes
819 5779 845 5834 in
859 5796 928 5847 prae·
986 5783 1100 5844 arietatio,
