4042 6200
77 341 148 397 ists
521 332 706 395 niumm
725 335 840 397 seille
857 335 1043 395 intimati.
1063 368 1099 380 -
1116 337 1181 394 litt.
1199 337 1273 396 titt.
1646 339 1717 399 tite

75 452 183 507 ultimas
196 462 308 514 cornum
321 455 350 504 et
363 460 418 502 non
431 445 596 519 derelinquit
618 462 715 505 onnes
732 448 780 519 goi
794 448 823 504 ln
838 461 869 505 se
881 450 907 512 A
920 448 1127 520 dmematiose
1144 449 1310 520 patlehnmr.
1332 445 1404 506 ilinc
1417 447 1517 506 iternni
1531 448 1598 506 dicit
1612 468 1620 506 ι
1636 469 1646 505 ι
1663 453 1716 510 lix·

74 546 267 613 speraverunt.
288 536 466 596 doniessorcs
484 554 549 596 suos
569 539 604 596 ad
623 540 763 598 eoebstam
782 549 872 597 trans·
921 550 1066 615 surgentes
1077 550 1164 599 testes
1184 541 1271 614 iniqui
1293 551 1355 613 gum
1367 541 1529 614 ignorabam
1544 542 1715 615 interrogant

75 632 139 689 tulit
165 631 294 701 gloriam,
321 637 350 686 et
372 640 564 702 persecutores
588 646 683 687 cortun
707 633 734 688 in
762 647 871 704 poenara
921 650 983 702 mc,
997 644 1026 692 et
1040 634 1226 691 retribuebant
1241 633 1306 690 mihi
1321 633 1392 689 mala
1407 648 1458 706 pro
1472 634 1568 702 bonis,
1586 635 1717 694 sterilita-

74 721 203 779 dimersit
226 727 398 791 perpetuam.
425 718 558 790 iniguitas
583 721 657 777 enim
686 721 793 778 illernm
818 724 872 781 boc
922 734 977 785 tom
992 727 1091 784 anirum
1105 741 1183 782 mess.
1200 742 1211 777 r
1227 724 1323 782 Testes
1336 725 1420 798 igitur
1438 726 1485 796 qni
1505 727 1595 783 subito
1612 728 1715 801 impetu

50 809 54 818 '
73 811 227 885 memoraie
242 829 249 866 ι
263 810 329 882 quia
342 809 477 866 tinereet
490 811 624 867 bonorare
636 819 774 869 adcurrens
791 827 872 869 susm
920 818 1042 876 belluim
1055 825 1240 891 consurgunt,
1260 831 1313 876 nec
1331 820 1470 875 moderate
1489 821 1661 879 adducuntur
1680 823 1720 880 ad·

75 901 219 960 temeritas
236 901 338 957 mentis
355 913 452 956 eorum
472 914 521 956 eos
540 915 596 956 non
618 900 753 972 permisit
778 901 871 958 insur-
896 943 900 949 ·
921 909 1056 976 medinm,
1072 917 1135 965 sunt
1148 909 1209 964 sine
1222 908 1391 964 dubitatione
1406 908 1559 976 tahnsimi,
1575 925 1644 981 quos
1660 927 1714 969 uno

75 999 208 1048 rexerant
223 991 297 1047 enim
311 989 430 1063 primum
448 1004 512 1046 enm
530 988 632 1046 irrroris
648 991 694 1046 sui·
711 991 817 1048 insama
841 992 870 1047 iu
920 999 1007 1055 mmo
1023 999 1135 1055 demist
1153 1007 1280 1071 poteram
1294 999 1409 1056 dicens:
1424 999 1512 1071 lnimti
1531 1015 1639 1057 revera.
1658 1001 1715 1058 lni-

73 1083 165 1154 ipsam
185 1090 324 1154 pastorem
346 1080 496 1138 dcenms:
518 1080 569 1137 ilic
588 1089 632 1138 est
653 1082 757 1150 hares,
779 1082 878 1139 venite·
920 1088 968 1161 qud
981 1090 1122 1160 mdcrant
1139 1097 1236 1147 eontra
1256 1090 1412 1162 munimem
1429 1089 1620 1162 justitiamque
1637 1092 1714 1151 iocu-

72 1175 234 1231 oceidamns
248 1188 328 1241 enm,
344 1172 609 1245 ahebebimrsclus
620 1174 826 1264 haereditatem:
841 1185 869 1233 et
921 1181 985 1237 turi.
1006 1180 1100 1254 iungit
1122 1195 1185 1253 grim
1204 1181 1383 1254 ignorabam,
1402 1180 1430 1236 id
1447 1188 1507 1247 est,
1529 1195 1590 1251 qum
1611 1197 1655 1239 me
1674 1183 1716 1241 di·

73 1268 276 1338 apprehensam
292 1281 356 1323 cnm
373 1265 512 1337 eiecerunt
529 1276 608 1325 extra
625 1268 750 1335 vineam,
771 1275 800 1325 et
823 1283 871 1325 oe
919 1275 994 1332 risse
1007 1275 1173 1332 omnimodis
1187 1273 1353 1332 nesciebam.
1368 1271 1415 1329 Sic
1428 1272 1505 1328 eninr
1521 1272 1557 1329 de
1577 1272 1631 1330 illis
1645 1274 1714 1331 dici·

73 1360 219 1426 cilenti,
242 1367 271 1416 01
294 1373 389 1415 ΒΜ
411 1372 479 1415 lili
501 1356 561 1428 liii·
584 1358 671 1414 illim·
690 1358 869 1426 cecidemnt,
920 1380 1000 1433 raus,
1016 1366 1066 1437 qni
1080 1379 1110 1424 sc
1130 1366 1238 1423 homini
1258 1365 1391 1423 hemido
1412 1371 1486 1421 recta
1506 1365 1719 1424 conversatione

73 1449 158 1506 alium
173 1448 350 1514 desiderum,
365 1448 448 1505 ilium
462 1448 650 1520 lapidaverunt
664 1447 773 1519 (datii.
787 1446 868 1518 xxv),
919 1458 1098 1515 custodiunt:
1119 1453 1212 1514 Nescit
1234 1456 1364 1520 mentiri,
1386 1456 1475 1512 nescit
1495 1469 1609 1527 rapere,
1630 1456 1719 1514 nescit

73 1549 103 1597 et
121 1541 163 1600 sic
177 1540 315 1612 dissipatas
333 1548 397 1597 sunt
410 1555 477 1598 oves
490 1540 594 1613 gregis,
609 1544 776 1611 quapropter
796 1553 869 1596 nune
919 1549 1084 1621 opprimere.
1100 1547 1247 1621 ignorabat
1264 1547 1338 1603 enim
1357 1545 1491 1604 Dominus
1506 1546 1714 1619 blasphemare,

73 1631 143 1688 dicit
156 1645 165 1688 τ
919 1642 992 1711 quod
1007 1642 1032 1697 ei
1047 1641 1187 1714 principes
1200 1639 1372 1697 sacerdotnm
1387 1639 1482 1695 scissis
1494 1640 1616 1696 vestibus
1629 1640 1718 1711 impu-

110 1723 172 1780 lies.
190 1723 329 1789 «Vidisti,
349 1721 485 1790 bonane,
500 1722 672 1794 iniquitatem
689 1720 797 1800 illorum
815 1722 868 1780 ad·
921 1723 991 1787 tavit
1006 1721 1122 1803 qnando
1135 1730 1225 1786 dixit:
1249 1728 1409 1786 «videbitis
1427 1727 1513 1785 iiiam
1534 1729 1652 1786 hominis
1671 1745 1716 1787 ac·

75 1825 214 1870 ‘temni
231 1829 291 1878 lile»
308 1812 401 1884 iiidie!
416 1813 554 1886 ltdidim
565 1828 700 1869 milti
881 1822 1036 1887 fidentem·
1053 1822 1088 1878 ad
1112 1822 1253 1879 dexteram
1277 1820 1379 1877 Patris.
1397 1839 1406 1873 r
1430 1820 1465 1876 lit
1488 1821 1648 1877 subsecutus
1671 1830 1715 1878 est

110 1904 173 1962 Rei·
189 1924 200 1958 l
218 1904 333 1971 Vidisti·
349 1905 477 1972 bomine,
496 1915 606 1961 0thOE
624 1903 743 1959 simeln
760 1912 788 1961 θῑ
806 1904 868 1961 uni·
918 1915 1045 1986 princcps
1062 1912 1216 1971 iudaeorum
1239 1913 1355 1969 dicens:
1384 1911 1624 1982 «blasphemavit,
1649 1912 1715 1983 quid

75 2013 86 2050 ι
102 2009 202 2051 versas
211 1994 389 2066 cogitationes
402 2007 497 2049 eorum
511 1992 657 2049 sdrersnn
670 2008 725 2050 me
737 2013 747 2048 r
760 1992 869 2065 Cogita·
920 2004 1008 2061 adhuc
1022 2007 1133 2075 egemus
1147 2002 1262 2060 testibus
1271 2002 1288 2057 i
1298 2002 1308 2075 (
1319 2001 1384 2057 lave.
1401 2000 1492 2075 xxn.)
1507 2000 1562 2058 Sed
1576 2001 1657 2072 quale
1676 2009 1717 2056 te-

71 2086 114 2142 lio
132 2086 207 2142 ellim
227 2085 335 2142 illorum
356 2085 474 2157 millii
493 2093 569 2150 elil,
587 2092 615 2141 il
632 2099 774 2141 milei
795 2084 868 2156 piem
919 2094 1077 2152 stimonium
1099 2093 1182 2150 inerit
1200 2092 1375 2164 subsequenti
1395 2092 1479 2149 verbo
1499 2091 1668 2148 declaravit:
1684 2098 1716 2146 ut

71 2176 192 2241 illunis,
205 2175 417 2233 melotemviioe
429 2174 796 2248 illitissfflleiossilfflehil
810 2181 869 2232 ⁸⁶¹⁶·
918 2199 967 2242 eoa
991 2197 1046 2239 non
1072 2183 1174 2240 diceret
1196 2181 1347 2238 convicisse
1364 2188 1394 2238 st
1412 2181 1612 2253 interrogasse,
1632 2179 1714 2251 qussi

27 2283 28 2314 l
72 2265 202 2323 moribus
221 2265 347 2322 veritalis
363 2264 530 2336 exprobrare
548 2265 677 2323 uilem·
697 2265 737 2322 De
753 2280 808 2336 (ιιι)
822 2279 868 2321 ιι·
919 2288 974 2330 nun
988 2273 1023 2329 da
1038 2287 1086 2329 sna
1106 2272 1263 2345 integritate
1281 2271 1417 2336 conlisus,
1434 2271 1482 2327 ssd
1495 2270 1529 2327 de
1543 2270 1630 2326 aliens
1646 2285 1714 2327 voco

71 2362 189 2432 quitur:
919 2363 1060 2423 sollicitus.
1083 2364 1280 2421 Retribuebant
1301 2364 1377 2421 enim
1396 2361 1435 2419 ilii
1457 2362 1528 2419 maia
1548 2365 1599 2434 pro
1618 2362 1712 2429 bunis,

110 2451 170 2508 Sin.
185 2449 318 2508 ‹Andimi
340 2450 486 2524 opprobria
502 2463 610 2519 comm,
629 2451 755 2520 homine,
773 2465 869 2508 omnes
919 2453 1035 2521 scillcet,
1047 2453 1110 2526 quta
1123 2450 1187 2509 dum
1201 2452 1246 2509 ilie
1257 2453 1341 2508 vitam
1354 2452 1528 2508 credentibus
1540 2451 1710 2516 contulisset,

77 2561 91 2597 ι
105 2543 286 2616 mgistiones
300 2555 395 2599 mmm
409 2543 553 2599 adversum
568 2556 621 2597 me.
639 2561 650 2596 ι
919 2544 965 2601 isti
979 2550 1097 2601 mortem
1112 2542 1227 2600 reddere
1247 2542 1401 2599 maluerunt
1415 2559 1422 2597 ε
1437 2542 1510 2614 quod
1525 2541 1714 2598 retributionis

27 2654 28 2678 t
111 2634 174 2693 Sin.
191 2653 201 2687 ι
219 2633 304 2691 habia
323 2633 521 2706 insurgentium
535 2631 621 2700 mibi,
637 2640 665 2690 et
678 2633 876 2690 meditationes·
919 2645 1006 2705 genus
1018 2631 1151 2689 malorum
1165 2633 1286 2689 onmium
1300 2631 1433 2705 probator
1447 2639 1611 2688 extremum.
1628 2629 1715 2689 Steri·

27 2749 28 2770 t
76 2728 203 2782 reorum
218 2724 361 2781 nummum
376 2739 437 2791 me,
453 2723 578 2781 toia‘die.
595 2744 606 2778 ι
621 2722 874 2796 Principessutem'
919 2723 983 2781 litas
999 2735 1109 2796 quoqm
1121 2725 1219 2781 animm
1233 2724 1299 2791 luit,
1315 2724 1426 2796 quando
1440 2726 1571 2798 magister
1584 2726 1671 2783 bouus
1685 2726 1713 2783 in

73 2816 249 2874 sacerdotum
263 2821 293 2871 et
307 2815 431 2872 seniores
444 2814 536 2887 populi
548 2854 557 2881 ,
571 2809 714 2871 consilum
728 2813 874 2884 iecerunt,
920 2816 987 2890 ipsis
999 2816 1117 2873 iructnrn
1131 2816 1193 2873 lidei
1207 2817 1326 2889 reperire
1339 2827 1392 2873 non
1407 2816 1512 2889 potnit,
1531 2832 1582 2874 nec
1601 2827 1712 2890 pectora

27 2939 28 2966 ι
74 2920 107 2968 ιιι
131 2910 224 2968 iesum
249 2910 311 2968 dolo
335 2916 459 2966 tenerent
480 2915 509 2964 el
531 2908 699 2965 occiderent.
722 2907 756 2963 ht
780 2908 866 2965 item:
919 2921 1014 2967 eoram
1028 2909 1196 2967 credulitatis
1209 2910 1332 2983 genuina
1346 2909 1612 2990 reddidervrnt,jquae
1625 2925 1709 2969 sarco

26 3027 27 3036 ι
76 3002 246 3073 rl‘rilvdpes
258 3002 432 3059 sacerdotum
452 3007 480 3057 et
499 3013 581 3056 omne
601 2994 751 3055 concilium·
764 3013 869 3070 cumre-
920 3007 1033 3070 stupore
1049 3000 1146 3056 durata
1165 3007 1239 3057 sunt.
1260 2998 1315 3056 bad
1334 3014 1369 3056 ne
1381 2997 1467 3056 iudaei
1481 3000 1621 3080 se'lcviter
1634 3003 1710 3059 msti-

74 3095 143 3153 bant
168 3093 264 3153 laisum
291 3091 476 3150 testimonium
498 3099 594 3149 oontra
617 3089 728 3161 lesum,
752 3093 783 3147 dt
805 3106 868 3148 enm
920 3100 996 3149 ment
1019 3090 1145 3150 addictos
1167 3091 1232 3150 baie
1252 3091 1407 3160 sterilitati,
1426 3100 1454 3149 et
1473 3093 1501 3150 in
1520 3091 1637 3151 liculnea
1651 3093 1712 3162 iiia,

73 3185 158 3242 rnorti
181 3185 339 3250 traderent,
361 3190 391 3239 et
413 3197 468 3238 non
494 3181 655 3238 invenerunt
672 3197 679 3235 ι
704 3194 767 3236 cum
790 3179 869 3237 multi
882 3175 906 3240 C
921 3186 1068 3259 Evangelio
1081 3194 1151 3246 teste
1165 3186 1273 3260 (liure.
1287 3203 1316 3244 ιι
1326 3187 1354 3260 ),
1369 3188 1525 3256 maledixit,
1543 3189 1573 3245 in
1588 3206 1643 3263 qna
1656 3190 1715 3248 sm.

72 3277 136 3333 ialsi
149 3283 231 3332 testes
251 3273 447 3339 accessissent,
463 3272 609 3328 novissime
626 3280 718 3326 antem
735 3278 871 3327 venerunt
896 3287 981 3336 murs
993 3280 1106 3336 nurnine
1120 3296 1174 3336 non
1188 3281 1299 3352 reperii.

26 3400 27 3427 l
72 3368 130 3426 (illd
148 3365 208 3422 falsi
232 3373 333 3432 iesies,
356 3373 384 3422 el
405 3363 553 3419 dixerunt:
578 3361 629 3417 Hic
646 3360 735 3417 diiii:
754 3360 868 3417 Possum
956 3368 1017 3426 Sim,
1033 3388 1043 3424 ι
1057 3369 1213 3428 Sessionem
1226 3387 1323 3428 eorunm
1335 3378 1364 3428 el
1375 3374 1607 3431 resurrectionem
1620 3390 1715 3433 eorum

71 3460 217 3516 destrucre
229 3456 357 3528 templum
371 3456 440 3524 hoe,
454 3463 482 3512 et
492 3462 554 3526 post
568 3452 686 3509 miduum
702 3452 870 3510 reedillcare
923 3478 933 3514 ι
949 3461 1013 3518 vide
1028 3480 1036 3517 ι
1052 3476 1103 3534 ego
1125 3477 1185 3519 sum
1207 3461 1329 3534 psalmas
1350 3478 1454 3520 eorum.
1473 3484 1483 3518 ι
1498 3464 1663 3538 (Maurus.)
1685 3465 1715 3523 iu

26 3584 28 3615 ,
71 3549 142 3606 iliud
156 3548 271 3627 (narrt.
285 3548 377 3621 xxm).
392 3545 470 3603 Unde
484 3560 517 3601 so
529 3542 660 3601 crncillxo
670 3550 869 3614 pretereuntes
919 3552 1043 3610 sessione
1065 3554 1195 3626 exprimit
1220 3554 1342 3611 habitum
1361 3553 1520 3625 iudicandi,
1544 3557 1571 3613 in
1593 3573 1715 3615 resurre-

69 3643 337 3715 ¹l¹⁸⁸ll¹¹0m¹limlll
357 3654 437 3705 earu,
462 3645 607 3694 mliii&
626 3635 717 3706 cliiii
739 3648 808 3702 θυι,
828 3634 870 3690 di·
919 3643 1010 3702 ctione
1035 3658 1102 3701 vero
1126 3644 1246 3701 studium
1272 3644 1299 3702 id
1325 3646 1406 3716 qdod
1424 3646 1606 3704 moliebantur
1627 3648 1711 3721 perii·

68 3743 189 3792 oentes:
205 3751 216 3785 ι
232 3731 306 3799 Vah,
323 3730 369 3802 qui
387 3729 509 3786 destruis
526 3727 669 3799 templum,
687 3735 716 3784 ct
734 3726 763 3782 in
779 3724 869 3783 triduo
919 3735 1018 3792 nimii,
1035 3734 1090 3792 Sed
1107 3735 1177 3807 quint
1191 3737 1219 3792 in
1237 3737 1369 3794 cathedra
1387 3739 1549 3809 penitentiae
1568 3740 1712 3811 pugnaees

69 3825 141 3882 illud
155 3822 323 3880 reaedificas:
340 3820 420 3877 Salva
435 3819 618 3892 temetipsum,
634 3818 658 3875 si
669 3816 814 3874 Filius-Dei
826 3832 868 3885 es,
919 3836 949 3883 et
961 3825 1099 3898 principes
1109 3825 1263 3884 iudeorum
1278 3826 1410 3885 sederam
1421 3830 1599 3897 insidiantes,
1620 3840 1653 3887 ιιι
1673 3833 1715 3889 in-

70 3915 213 3972 descenda
229 3912 265 3971 de
281 3928 374 3970 cruce.
398 3910 532 3968 Similiter
547 3920 580 3967 et·
589 3910 727 3982 principes
743 3909 869 3966 sacerdc-
919 3918 1077 3976 sordentem
1097 3919 1270 3976 innocentem
1287 3918 1384 3993 (Pmi.
1399 3921 1431 3994 r)
1446 3938 1454 3978 ς
1471 3922 1506 3978 ad
1521 3922 1573 3979 ime
1586 3937 1714 3980 merera-

70 4018 133 4064 tum
153 4006 298 4063 illudentes
311 4021 375 4063 cum
389 4005 488 4062 scribis
504 4012 532 4060 ct
549 4004 703 4061 senioribus
719 4003 867 4060 dicebant:
918 4019 998 4079 runt,
1024 4019 1060 4067 ut·
1075 4013 1148 4082 qrvod
1170 4013 1298 4083 nsquam
1317 4020 1485 4081 tremui-em,
1504 4016 1587 4086 opem
1606 4016 1721 4073 „omnn-

70 4099 154 4157 lilios
169 4099 259 4156 salros
274 4097 357 4165 iecit,
376 4112 407 4154 se
422 4097 517 4170 ipsum·
529 4111 584 4154 non
599 4103 692 4167 potest
710 4094 814 4151 salvum
830 4092 871 4150 ia·
918 4111 1151 4159 consummarent.
1173 4100 1322 4160 lniclicites
1344 4101 1397 4160 init
1420 4104 1447 4159 in
1472 4104 1524 4161 viis
1547 4119 1661 4171 omum,
1685 4112 1722 4163 et·

67 4202 148 4247 cere.
169 4187 199 4244 Si
218 4203 267 4244 rex
282 4187 366 4245 lsrael
382 4195 444 4252 est,
464 4185 612 4243 descendat
631 4200 705 4241 nunc
723 4185 757 4241 de
770 4199 868 4252 cruce,
918 4195 993 4251 elem
1003 4194 1080 4266 pacis
1092 4210 1146 4252 nm.
1159 4199 1361 4269 mmmmm,
1375 4196 1426 4252 aad
1437 4196 1568 4270 quidquid
1585 4198 1645 4270 50⁸⁰
1661 4213 1709 4255 00-

68 4290 101 4339 ei
114 4277 437 4338 nortmannorum
456 4277 490 4334 in·
505 4277 574 4344 Deo,
593 4277 691 4333 libelii
711 4290 774 4332 eliiti
795 4289 869 4331 nunc
918 4301 978 4342 mm
995 4285 1036 4343 gig
1054 4285 1198 4343 veracibus
1215 4286 1307 4343 vgrffis
1323 4285 1495 4358 properem,
1513 4287 1645 4342 tolum'in
1664 4301 1712 4344 ω.

69 4375 95 4431 si
120 4371 189 4427 ruit
216 4371 291 4428 btxit
311 4371 385 4429 enlm
406 4370 469 4442 quia
492 4369 580 4426 Filius
604 4369 652 4426 liei
673 4383 734 4425 sum
750 4367 867 4441 (allatii.
918 4376 1050 4433 lumniam
1064 4385 1093 4433 et
1106 4376 1134 4432 ia
1148 4375 1326 4447 opprobrium
1340 4382 1448 4433 vertere
1461 4374 1617 4432 studebant.
1637 4375 1715 4433 linda

69 4480 150 4523 trun
163 4462 185 4537 l.
202 4482 216 4518 ι·
227 4463 303 4520 Talis
315 4464 389 4521 enim
403 4463 454 4519 luit
465 4462 607 4520 meditatio
620 4460 813 4528 mrum-tatis
827 4459 869 4517 lh·
920 4480 982 4522 cnm
1016 4465 1120 4521 diceret
1144 4483 1151 4520 :
1176 4463 1308 4521 admodo
1331 4464 1459 4522 ridebitis
1485 4463 1570 4520 illium
1597 4465 1723 4523 hominis·

69 4571 122 4612 ror
145 4562 176 4611 et
200 4554 350 4626 pertinacia
371 4569 483 4622 eorum,
496 4561 526 4609 ut
545 4562 642 4611 contra
662 4554 811 4611 veritatem·
826 4553 868 4608 in·
881 4526 907 4588 ⁰
919 4556 1059 4612 sedentem
1074 4571 1094 4611 a
1105 4554 1212 4613 deruis
1229 4554 1356 4623 dauns,
1375 4560 1404 4612 et
1418 4555 1571 4613 vanientem
1588 4556 1616 4612 in
1632 4557 1714 4615 nubi·
1827 4568 1833 4579 '

68 4648 222 4705 stituerent
235 4653 319 4704 testes
334 4646 478 4712 falsitatis,
492 4645 595 4701 mulum
609 4660 659 4717 pro
679 4645 866 4703 bonoredde·
918 4647 971 4703 bus
995 4645 1073 4711 omli,
1099 4644 1227 4718 princeps
1249 4645 1421 4703 sacerdotum
1447 4646 1529 4703 scidit
1551 4647 1715 4704 vestimenta

69 4746 137 4796 rent
163 4737 249 4811 gratis
270 4754 278 4793 ι
302 4738 382 4810 φιοιι
399 4737 544 4794 Psalmista
571 4738 672 4795 dudam
701 4738 868 4808 praecinebat
919 4753 983 4804 sua,
1000 4737 1114 4794 dicens:
1132 4735 1342 4808 blasphemavit
1359 4736 1616 4808 Tnncesspuerunt
1628 4737 1655 4793 in
1671 4737 1713 4792 in·

69 4831 192 4886 dicens:
208 4847 218 4879 ι
234 4827 367 4896 Quoiam
387 4828 471 4901 gratis
485 4827 686 4884 absconderunt
700 4827 866 4885 mihiiuter·
918 4829 988 4887 cient
1006 4826 1081 4897 dus,
1100 4835 1130 4884 ct
1146 4827 1270 4899 colaphis
1283 4832 1346 4886 edm
1360 4827 1521 4884 ceciderunt
1535 4842 1544 4894 ;
1560 4826 1605 4882 aiii
1621 4833 1715 4882 autem

70 4921 144 4977 itum
171 4920 261 4992 hauri
295 4920 354 4985 sui,
387 4935 464 4976 varrov
482 4920 716 4990 exprobraverunt
745 4920 865 4977 animam
917 4919 1024 4992 palmas
1037 4917 1175 4977 in'iaciem
1187 4920 1212 4976 ci
1226 4919 1375 4986 dederunt,
1390 4918 1512 4976 dicentes
1526 4936 1533 4972 ι
1549 4916 1716 4989 Pmphctisa

69 5025 164 5066 msam
189 5008 285 5084 (Psoi.
299 5010 414 5084 sarrs).
431 5010 548 5068 »Gratis
568 5022 664 5068 revera
685 5012 784 5083 qnibus
801 5012 867 5069 mali
919 5008 1234 5080 summitatum-quis
1246 5018 1290 5067 eat
1305 5008 1353 5081 qul
1373 5017 1399 5065 te
1415 5008 1574 5080 perctrssiti
1590 5005 1715 5079 (dotti.

70 5102 144 5159 nihil
168 5101 280 5159 lecerat.
303 5103 378 5159 iliud
392 5103 540 5174 gratuitum
563 5103 698 5170 diximus,
719 5104 792 5175 quod
812 5120 867 5160 non
917 5100 988 5175 xx.)
1006 5121 1017 5156 ι
1032 5100 1110 5170 Quod
1123 5102 1206 5158 etiarn
1221 5100 1358 5174 Propheta
1372 5101 1473 5158 dudum
1487 5100 1627 5171 iirspiritu
1642 5115 1714 5171 prm·

69 5193 190 5263 altcarius
203 5194 244 5249 rei
256 5194 476 5265 compensatione
489 5194 628 5251 tribuitur.
641 5192 868 5268 (Cossiodlilibs-
916 5195 1014 5252 videns
1026 5194 1146 5251 ostendit
1160 5194 1254 5250 dicens
1270 5211 1278 5250 a
1295 5212 1306 5246 r
1323 5193 1474 5249 hdrersum
1489 5207 1533 5248 mc
1546 5191 1713 5248 exerceban-

67 5288 228 5345 eonderunt
253 5288 320 5344 mihi
347 5297 378 5343 ut
405 5287 442 5343 illi
468 5288 617 5359 putabant,
645 5288 692 5358 qui
717 5287 866 5344 divinitatis
916 5296 972 5355 tur,
990 5287 1041 5359 qni
1061 5286 1193 5343 sedebam
1210 5284 1238 5341 in
1259 5293 1357 5357 porta,
1379 5292 1408 5341 et
1427 5285 1455 5341 in
1475 5297 1521 5340 me
1541 5282 1714 5355 psallebant,

67 5379 134 5450 eiras
147 5377 298 5450 potentiam
313 5393 367 5434 non
382 5377 540 5434 credebant.
561 5376 630 5434 Nam
646 5376 866 5448 quid‘potest‘ab
916 5378 962 5450 qni
976 5376 1108 5435 bibebant
1120 5374 1212 5431 viuum
1227 5373 1320 5447 (Posi.
1334 5373 1463 5445 srmrtln
1476 5373 1547 5431 llicit
1560 5372 1635 5429 enini
1648 5374 1713 5444 pa's·

66 5485 104 5528 eo
124 5466 276 5534 abscondi,
292 5466 337 5524 cui
359 5466 429 5523 nihil
448 5467 586 5524 oecultum
605 5466 670 5523 esti
690 5466 737 5523 llic
750 5466 824 5523 enirn
837 5474 867 5524 et
916 5470 1021 5527 sionem
1047 5483 1126 5526 suam
1147 5468 1222 5540 genti
1247 5466 1366 5525 iudaicae
1388 5467 1472 5523 luisse
1496 5465 1638 5532 inbutam,
1662 5465 1714 5536 qni

66 5561 244 5633 proditorem
257 5573 336 5614 suum
350 5559 378 5615 iu
392 5573 471 5615 corna
484 5557 650 5630 designavit,
664 5565 691 5614 el
711 5558 867 5629 passionem
917 5561 995 5634 qnasi
1016 5558 1311 5631 impleta‘eogitstlone
1332 5562 1382 5615 oda
1405 5556 1440 5614 de
1460 5571 1528 5613 ncee
1548 5555 1655 5613 bomini
1671 5561 1712 5611 te·

66 5662 223 5724 animuum
237 5650 395 5720 pmreniret
412 5649 538 5717 edocuit,
559 5664 611 5705 nee
628 5648 777 5721 qumquam
798 5647 866 5716 tuit,
917 5650 1116 5708 malentisslme
1142 5648 1308 5721 garriebant.
1335 5647 1393 5706 Sed
1417 5647 1483 5721 quia
1511 5644 1716 5720 incorrigibiles

67 5748 143 5821 qnod
165 5746 192 5805 ei
212 5744 444 5802 absconderetur:
459 5744 523 5814 qnia
537 5741 628 5799 omnia
648 5757 705 5800 sue
723 5741 869 5800 voluntis
917 5752 1010 5809 erant,
1026 5750 1055 5800 ct
1075 5741 1165 5815 magu
1186 5752 1363 5815 pomeretam
1383 5741 1412 5799 in
1433 5739 1520 5808 mdo,
1544 5753 1627 5812 quam
1648 5737 1717 5797 lais
