<?xml version="1.0" encoding="UTF-8"?>
<!DOCTYPE html PUBLIC "-//W3C//DTD XHTML 1.0 Transitional//EN"
    "http://www.w3.org/TR/xhtml1/DTD/xhtml1-transitional.dtd">
<html xmlns="http://www.w3.org/1999/xhtml" xml:lang="en" lang="en">
 <head>
  <title>
</title>
<meta http-equiv="Content-Type" content="text/html;charset=utf-8" />
  <meta name='ocr-system' content='tesseract 3.04.00' />
  <meta name='ocr-capabilities' content='ocr_page ocr_carea ocr_par ocr_line ocrx_word'/>
</head>
<body>
  <div class='ocr_page' id='page_1' title='image "./patrologiaecurs164unkngoog_0583.png"; bbox 0 0 4042 6200; ppageno 0'>
   <div class='ocr_carea' id='block_1_1' title="bbox 144 311 1786 546">
    <p class='ocr_par' dir='ltr' id='par_1_1' title="bbox 144 311 1786 546">
     <span class='ocr_line' id='line_1_1' title="bbox 145 311 1785 418; baseline -0.019 -1"><span class='ocrx_word' id='word_1_1' title='bbox 145 346 211 418; x_wconf 84' lang='lat' dir='ltr'>liet</span> <span class='ocrx_word' id='word_1_2' title='bbox 572 311 755 406; x_wconf 77' lang='lat' dir='ltr'>habostrto&#39;</span> <span class='ocrx_word' id='word_1_3' title='bbox 776 333 891 402; x_wconf 79' lang='lat' dir='ltr'>sueno</span> <span class='ocrx_word' id='word_1_4' title='bbox 909 325 1094 399; x_wconf 80' lang='lat' dir='ltr'>leontina.</span> <span class='ocrx_word' id='word_1_5' title='bbox 1116 369 1150 382; x_wconf 73' lang='lat'>-</span> <span class='ocrx_word' id='word_1_6' title='bbox 1167 337 1231 392; x_wconf 83' lang='lat' dir='ltr'>utu.</span> <span class='ocrx_word' id='word_1_7' title='bbox 1253 335 1333 392; x_wconf 80' lang='lat' dir='ltr'>rur.</span> <span class='ocrx_word' id='word_1_8' title='bbox 1717 320 1785 387; x_wconf 76' lang='lat' dir='ltr'>itta</span> 
     </span>
     <span class='ocr_line' id='line_1_2' title="bbox 144 442 1786 546; baseline -0.018 -15"><span class='ocrx_word' id='word_1_9' title='bbox 144 478 220 546; x_wconf 69' lang='lat' dir='ltr'>targa</span> <span class='ocrx_word' id='word_1_10' title='bbox 233 471 355 528; x_wconf 88' lang='lat' dir='ltr'>iaeiuora</span> <span class='ocrx_word' id='word_1_11' title='bbox 367 468 471 529; x_wconf 88' lang='lat' dir='ltr'>eorum,</span> <span class='ocrx_word' id='word_1_12' title='bbox 488 472 517 522; x_wconf 84' lang='lat' dir='ltr'>et</span> <span class='ocrx_word' id='word_1_13' title='bbox 535 462 563 518; x_wconf 93' lang='lat' dir='ltr'>in</span> <span class='ocrx_word' id='word_1_14' title='bbox 586 463 697 532; x_wconf 79' lang='lat' dir='ltr'>dageiiis</span> <span class='ocrx_word' id='word_1_15' title='bbox 722 461 878 531; x_wconf 73' lang='lat' dir='ltr'>iniquitates</span> <span class='ocrx_word' id='word_1_16' title='bbox 898 472 941 513; x_wconf 83' lang='lat' dir='ltr'>eo</span> <span class='ocrx_word' id='word_1_17' title='bbox 955 461 978 519; x_wconf 75' lang='grc' dir='ltr'>Α</span> <span class='ocrx_word' id='word_1_18' title='bbox 994 452 1164 524; x_wconf 89' lang='lat' dir='ltr'>temperarit,</span> <span class='ocrx_word' id='word_1_19' title='bbox 1180 458 1210 506; x_wconf 89' lang='lat' dir='ltr'>ot</span> <span class='ocrx_word' id='word_1_20' title='bbox 1225 450 1284 521; x_wconf 84' lang='lat' dir='ltr'>qnis</span> <span class='ocrx_word' id='word_1_21' title='bbox 1297 452 1392 506; x_wconf 82' lang='lat' dir='ltr'>ridens</span> <span class='ocrx_word' id='word_1_22' title='bbox 1418 449 1543 504; x_wconf 78' lang='lat' dir='ltr'><strong>decorem</strong></span> <span class='ocrx_word' id='word_1_23' title='bbox 1562 447 1636 513; x_wconf 91' lang='lat' dir='ltr'>auri,</span> <span class='ocrx_word' id='word_1_24' title='bbox 1656 442 1719 503; x_wconf 86' lang='lat' dir='ltr'>dum</span> <span class='ocrx_word' id='word_1_25' title='bbox 1739 462 1786 502; x_wconf 89' lang='lat' dir='ltr'>ra-</span> 
     </span>
    </p>
   </div>
   <div class='ocr_carea' id='block_1_2' title="bbox 83 540 1854 5919">
    <p class='ocr_par' dir='ltr' id='par_1_2' title="bbox 83 540 1854 5015">
     <span class='ocr_line' id='line_1_3' title="bbox 146 540 1788 622; baseline -0.014 -4"><span class='ocrx_word' id='word_1_26' title='bbox 146 578 206 618; x_wconf 90' lang='lat' dir='ltr'>rum</span> <span class='ocrx_word' id='word_1_27' title='bbox 226 556 465 616; x_wconf 80' lang='lat' dir='ltr'>:misericordiam</span> <span class='ocrx_word' id='word_1_28' title='bbox 485 562 576 609; x_wconf 85' lang='lat' dir='ltr'>autem</span> <span class='ocrx_word' id='word_1_29' title='bbox 601 568 691 609; x_wconf 86' lang='lat' dir='ltr'>meam</span> <span class='ocrx_word' id='word_1_30' title='bbox 709 567 763 611; x_wconf 91' lang='lat' dir='ltr'>non</span> <span class='ocrx_word' id='word_1_31' title='bbox 789 542 941 622; x_wconf 76' lang='lat' dir='ltr'>dispergam</span> <span class='ocrx_word' id='word_1_32' title='bbox 994 545 1094 601; x_wconf 81' lang='lat' dir='ltr'>diaetis</span> <span class='ocrx_word' id='word_1_33' title='bbox 1117 542 1218 599; x_wconf 89' lang='lat' dir='ltr'>metalli</span> <span class='ocrx_word' id='word_1_34' title='bbox 1240 543 1440 615; x_wconf 84' lang='lat' dir='ltr'>pulchritudine</span> <span class='ocrx_word' id='word_1_35' title='bbox 1467 540 1633 604; x_wconf 88' lang='lat' dir='ltr'>delectatur,</span> <span class='ocrx_word' id='word_1_36' title='bbox 1663 548 1690 594; x_wconf 91' lang='lat' dir='ltr'>et</span> <span class='ocrx_word' id='word_1_37' title='bbox 1715 548 1788 595; x_wconf 89' lang='lat' dir='ltr'>totus</span> 
     </span>
     <span class='ocr_line' id='line_1_4' title="bbox 143 630 1787 723; baseline -0.014 -15"><span class='ocrx_word' id='word_1_38' title='bbox 143 655 179 708; x_wconf 87' lang='lat' dir='ltr'>ab</span> <span class='ocrx_word' id='word_1_39' title='bbox 192 646 331 723; x_wconf 68' lang='lat' dir='ltr'>asperat.</span> <span class='ocrx_word' id='word_1_40' title='bbox 347 643 511 710; x_wconf 67' lang='lat' dir='ltr'>errarint»</span> <span class='ocrx_word' id='word_1_41' title='bbox 537 643 589 698; x_wconf 90' lang='lat' dir='ltr'>ista</span> <span class='ocrx_word' id='word_1_42' title='bbox 609 642 784 698; x_wconf 86' lang='lat' dir='ltr'>considerans</span> <span class='ocrx_word' id='word_1_43' title='bbox 792 640 863 709; x_wconf 81' lang='lat' dir='ltr'>,ride</span> <span class='ocrx_word' id='word_1_44' title='bbox 877 652 944 708; x_wconf 89' lang='lat' dir='ltr'>quo·</span> <span class='ocrx_word' id='word_1_45' title='bbox 992 637 1079 692; x_wconf 92' lang='lat' dir='ltr'>oeuiis</span> <span class='ocrx_word' id='word_1_46' title='bbox 1090 636 1175 691; x_wconf 71' lang='lat' dir='ltr'>haeret</span> <span class='ocrx_word' id='word_1_47' title='bbox 1187 636 1214 690; x_wconf 94' lang='lat' dir='ltr'>in</span> <span class='ocrx_word' id='word_1_48' title='bbox 1230 635 1329 705; x_wconf 87' lang='lat' dir='ltr'>specie,</span> <span class='ocrx_word' id='word_1_49' title='bbox 1349 649 1402 688; x_wconf 94' lang='lat' dir='ltr'>uon</span> <span class='ocrx_word' id='word_1_50' title='bbox 1430 633 1583 689; x_wconf 87' lang='lat' dir='ltr'>consideret</span> <span class='ocrx_word' id='word_1_51' title='bbox 1601 630 1667 703; x_wconf 90' lang='lat' dir='ltr'>quid</span> <span class='ocrx_word' id='word_1_52' title='bbox 1689 632 1787 686; x_wconf 89' lang='lat' dir='ltr'>intrin-</span> 
     </span>
     <span class='ocr_line' id='line_1_5' title="bbox 145 720 1788 809; baseline -0.016 -8"><span class='ocrx_word' id='word_1_53' title='bbox 145 745 226 801; x_wconf 89' lang='lat' dir='ltr'>modo</span> <span class='ocrx_word' id='word_1_54' title='bbox 239 740 354 798; x_wconf 83' lang='lat' dir='ltr'>necdum</span> <span class='ocrx_word' id='word_1_55' title='bbox 368 752 448 809; x_wconf 73' lang='lat' dir='ltr'>prena</span> <span class='ocrx_word' id='word_1_56' title='bbox 471 734 567 807; x_wconf 75' lang='lat' dir='ltr'>dignus</span> <span class='ocrx_word' id='word_1_57' title='bbox 578 735 623 799; x_wconf 89' lang='lat' dir='ltr'>sit,</span> <span class='ocrx_word' id='word_1_58' title='bbox 635 735 680 804; x_wconf 87' lang='lat' dir='ltr'>qni</span> <span class='ocrx_word' id='word_1_59' title='bbox 692 733 813 803; x_wconf 90' lang='lat' dir='ltr'>usquein</span> <span class='ocrx_word' id='word_1_60' title='bbox 824 745 943 800; x_wconf 74' lang='lat' dir='ltr'>praesens</span> <span class='ocrx_word' id='word_1_61' title='bbox 992 741 1071 781; x_wconf 88' lang='lat' dir='ltr'>secus</span> <span class='ocrx_word' id='word_1_62' title='bbox 1083 724 1180 791; x_wconf 87' lang='lat' dir='ltr'>latitet,</span> <span class='ocrx_word' id='word_1_63' title='bbox 1192 732 1219 779; x_wconf 92' lang='lat' dir='ltr'>et</span> <span class='ocrx_word' id='word_1_64' title='bbox 1231 724 1483 792; x_wconf 84' lang='lat' dir='ltr'>accipienscaiicem</span> <span class='ocrx_word' id='word_1_65' title='bbox 1494 723 1581 787; x_wconf 86' lang='lat' dir='ltr'>bibat,</span> <span class='ocrx_word' id='word_1_66' title='bbox 1595 720 1788 777; x_wconf 70' lang='lat' dir='ltr'>treseicnscaii</span> 
     </span>
     <span class='ocr_line' id='line_1_6' title="bbox 146 810 1789 911; baseline -0.016 -16"><span class='ocrx_word' id='word_1_67' title='bbox 146 851 252 911; x_wconf 88' lang='lat' dir='ltr'>tempus</span> <span class='ocrx_word' id='word_1_68' title='bbox 279 829 425 891; x_wconf 88' lang='lat' dir='ltr'>committit</span> <span class='ocrx_word' id='word_1_69' title='bbox 451 827 580 893; x_wconf 86' lang='lat' dir='ltr'>scelera,</span> <span class='ocrx_word' id='word_1_70' title='bbox 603 842 653 883; x_wconf 89' lang='lat' dir='ltr'>nec</span> <span class='ocrx_word' id='word_1_71' title='bbox 673 826 794 897; x_wconf 90' lang='lat' dir='ltr'>punitur.</span> <span class='ocrx_word' id='word_1_72' title='bbox 816 821 943 877; x_wconf 82' lang='lat' dir='ltr'>i&#39;isitatio</span> <span class='ocrx_word' id='word_1_73' title='bbox 996 830 1053 874; x_wconf 71' lang='lat' dir='ltr'>cent</span> <span class='ocrx_word' id='word_1_74' title='bbox 1071 810 1330 873; x_wconf 85' lang='lat' dir='ltr'>Nabuchodonosor.</span> <span class='ocrx_word' id='word_1_75' title='bbox 1345 814 1480 886; x_wconf 81' lang='lat' dir='ltr'>intelliges</span> <span class='ocrx_word' id='word_1_76' title='bbox 1499 827 1590 871; x_wconf 84' lang='lat' dir='ltr'>attttnn</span> <span class='ocrx_word' id='word_1_77' title='bbox 1611 815 1724 870; x_wconf 77' lang='lat' dir='ltr'>calicem</span> <span class='ocrx_word' id='word_1_78' title='bbox 1741 830 1789 868; x_wconf 90' lang='lat' dir='ltr'>au·</span> 
     </span>
     <span class='ocr_line' id='line_1_7' title="bbox 144 909 1788 1002; baseline -0.012 -20"><span class='ocrx_word' id='word_1_79' title='bbox 144 932 246 1002; x_wconf 90' lang='lat' dir='ltr'>qnippe</span> <span class='ocrx_word' id='word_1_80' title='bbox 269 925 317 982; x_wconf 87' lang='lat' dir='ltr'>Dei</span> <span class='ocrx_word' id='word_1_81' title='bbox 341 939 391 999; x_wconf 80' lang='lat' dir='ltr'>per</span> <span class='ocrx_word' id='word_1_82' title='bbox 409 919 513 977; x_wconf 81' lang='lat' dir='ltr'>visitati</span> <span class='ocrx_word' id='word_1_83' title='bbox 537 926 670 975; x_wconf 88' lang='lat' dir='ltr'>tormenta</span> <span class='ocrx_word' id='word_1_84' title='bbox 688 923 863 972; x_wconf 87' lang='lat' dir='ltr'>monstratur.</span> <span class='ocrx_word' id='word_1_85' title='bbox 890 912 974 985; x_wconf 51' lang='lat'>0¹¹³&amp;</span> <span class='ocrx_word' id='word_1_86' title='bbox 993 913 1110 967; x_wconf 85' lang='lat' dir='ltr'>reontio</span> <span class='ocrx_word' id='word_1_87' title='bbox 1127 912 1255 983; x_wconf 69' lang='lat' dir='ltr'>praesenti</span> <span class='ocrx_word' id='word_1_88' title='bbox 1276 910 1459 995; x_wconf 77' lang='lat' dir='ltr'>norninatum,</span> <span class='ocrx_word' id='word_1_89' title='bbox 1476 910 1498 965; x_wconf 89' lang='lat' dir='ltr'>si</span> <span class='ocrx_word' id='word_1_90' title='bbox 1513 909 1713 975; x_wconf 70' lang='lat' dir='ltr'>animadvertas</span> <span class='ocrx_word' id='word_1_91' title='bbox 1725 922 1788 978; x_wconf 84' lang='lat' dir='ltr'>pes-</span> 
     </span>
     <span class='ocr_line' id='line_1_8' title="bbox 147 999 1790 1090; baseline -0.015 -12"><span class='ocrx_word' id='word_1_92' title='bbox 147 1033 237 1078; x_wconf 89' lang='lat' dir='ltr'>antem</span> <span class='ocrx_word' id='word_1_93' title='bbox 250 1032 368 1090; x_wconf 87' lang='lat' dir='ltr'>peccans</span> <span class='ocrx_word' id='word_1_94' title='bbox 378 1012 534 1083; x_wconf 86' lang='lat' dir='ltr'>corripitur,</span> <span class='ocrx_word' id='word_1_95' title='bbox 549 1010 641 1066; x_wconf 88' lang='lat' dir='ltr'>neseio</span> <span class='ocrx_word' id='word_1_96' title='bbox 655 1009 721 1081; x_wconf 85' lang='lat' dir='ltr'>quid</span> <span class='ocrx_word' id='word_1_97' title='bbox 731 1008 756 1063; x_wconf 88' lang='lat' dir='ltr'>ei</span> <span class='ocrx_word' id='word_1_98' title='bbox 768 1015 897 1064; x_wconf 77' lang='lat' dir='ltr'>excurrat</span> <span class='ocrx_word' id='word_1_99' title='bbox 909 1020 943 1061; x_wconf 81' lang='lat' dir='ltr'>ex</span> <span class='ocrx_word' id='word_1_100' title='bbox 993 1002 1124 1058; x_wconf 90' lang='lat' dir='ltr'>simorum</span> <span class='ocrx_word' id='word_1_101' title='bbox 1136 1003 1291 1073; x_wconf 81' lang='lat' dir='ltr'>tiognratum</span> <span class='ocrx_word' id='word_1_102' title='bbox 1304 1001 1543 1066; x_wconf 64' lang='lat' dir='ltr'>restauraturum,</span> <span class='ocrx_word' id='word_1_103' title='bbox 1555 999 1660 1070; x_wconf 89' lang='lat' dir='ltr'>qualem</span> <span class='ocrx_word' id='word_1_104' title='bbox 1673 1000 1790 1055; x_wconf 90' lang='lat' dir='ltr'>habeant</span> 
     </span>
     <span class='ocr_line' id='line_1_9' title="bbox 147 1090 1790 1185; baseline -0.013 -18"><span class='ocrx_word' id='word_1_105' title='bbox 147 1130 238 1185; x_wconf 80' lang='lat' dir='ltr'>qroena.</span> <span class='ocrx_word' id='word_1_106' title='bbox 250 1112 311 1166; x_wconf 74' lang='lat' dir='ltr'>liaeo</span> <span class='ocrx_word' id='word_1_107' title='bbox 321 1107 492 1180; x_wconf 88' lang='lat' dir='ltr'>propterhoe</span> <span class='ocrx_word' id='word_1_108' title='bbox 505 1103 577 1175; x_wconf 90' lang='lat' dir='ltr'>quoti</span> <span class='ocrx_word' id='word_1_109' title='bbox 587 1103 688 1159; x_wconf 91' lang='lat' dir='ltr'>dietum</span> <span class='ocrx_word' id='word_1_110' title='bbox 698 1109 762 1157; x_wconf 88' lang='lat' dir='ltr'>est:</span> <span class='ocrx_word' id='word_1_111' title='bbox 777 1099 862 1169; x_wconf 90' lang='lat' dir='ltr'>tquia</span> <span class='ocrx_word' id='word_1_112' title='bbox 876 1106 943 1154; x_wconf 90' lang='lat' dir='ltr'>tem·-</span> <span class='ocrx_word' id='word_1_113' title='bbox 993 1094 1217 1165; x_wconf 88' lang='lat' dir='ltr'>compositionem</span> <span class='ocrx_word' id='word_1_114' title='bbox 1241 1108 1417 1157; x_wconf 87' lang='lat' dir='ltr'>scrmoaurn,</span> <span class='ocrx_word' id='word_1_115' title='bbox 1443 1090 1549 1161; x_wconf 88' lang='lat' dir='ltr'>qualem</span> <span class='ocrx_word' id='word_1_116' title='bbox 1578 1092 1704 1146; x_wconf 89' lang='lat' dir='ltr'>decorem</span> <span class='ocrx_word' id='word_1_117' title='bbox 1731 1090 1790 1146; x_wconf 92' lang='lat' dir='ltr'>eio-</span> 
     </span>
     <span class='ocr_line' id='line_1_10' title="bbox 146 1183 1790 1276; baseline -0.012 -17"><span class='ocrx_word' id='word_1_118' title='bbox 146 1204 331 1276; x_wconf 84' lang='lat' dir='ltr'>pusrindictm</span> <span class='ocrx_word' id='word_1_119' title='bbox 339 1197 542 1270; x_wconf 73' lang='lat' dir='ltr'>eiusabomino</span> <span class='ocrx_word' id='word_1_120' title='bbox 554 1202 622 1263; x_wconf 76' lang='lat' dir='ltr'>ests</span> <span class='ocrx_word' id='word_1_121' title='bbox 636 1193 780 1265; x_wconf 67' lang='lat' dir='ltr'>Sequitur}</span> <span class='ocrx_word' id='word_1_122' title='bbox 797 1189 944 1246; x_wconf 83' lang='lat' dir='ltr'>tlletribn-</span> <span class='ocrx_word' id='word_1_123' title='bbox 993 1185 1125 1256; x_wconf 72' lang='lat' dir='ltr'>qrrentiue,</span> <span class='ocrx_word' id='word_1_124' title='bbox 1151 1186 1257 1254; x_wconf 90' lang='lat' dir='ltr'>qualern</span> <span class='ocrx_word' id='word_1_125' title='bbox 1284 1200 1374 1240; x_wconf 89' lang='lat' dir='ltr'>rernm</span> <span class='ocrx_word' id='word_1_126' title='bbox 1395 1183 1573 1249; x_wconf 85' lang='lat' dir='ltr'>tiirisionem,</span> <span class='ocrx_word' id='word_1_127' title='bbox 1596 1192 1624 1237; x_wconf 90' lang='lat' dir='ltr'>et</span> <span class='ocrx_word' id='word_1_128' title='bbox 1643 1198 1790 1255; x_wconf 82' lang='lat' dir='ltr'>cognosces</span> 
     </span>
     <span class='ocr_line' id='line_1_11' title="bbox 147 1277 1791 1364; baseline -0.013 -12"><span class='ocrx_word' id='word_1_129' title='bbox 147 1307 250 1352; x_wconf 82' lang='lat' dir='ltr'>taonem</span> <span class='ocrx_word' id='word_1_130' title='bbox 261 1294 318 1364; x_wconf 81' lang='lat' dir='ltr'>ipse</span> <span class='ocrx_word' id='word_1_131' title='bbox 326 1290 456 1348; x_wconf 80' lang='lat' dir='ltr'>tatriiutet</span> <span class='ocrx_word' id='word_1_132' title='bbox 466 1287 490 1342; x_wconf 88' lang='lat' dir='ltr'>ei</span> <span class='ocrx_word' id='word_1_133' title='bbox 500 1301 507 1341; x_wconf 73' lang='grc' dir='ltr'><strong>ι</strong></span> <span class='ocrx_word' id='word_1_134' title='bbox 518 1302 528 1340; x_wconf 83' lang='lat' dir='ltr'>t</span> <span class='ocrx_word' id='word_1_135' title='bbox 541 1301 595 1341; x_wconf 92' lang='lat' dir='ltr'>nou</span> <span class='ocrx_word' id='word_1_136' title='bbox 608 1300 656 1356; x_wconf 90' lang='lat' dir='ltr'>per</span> <span class='ocrx_word' id='word_1_137' title='bbox 666 1282 805 1338; x_wconf 83' lang='lat' dir='ltr'>ministros</span> <span class='ocrx_word' id='word_1_138' title='bbox 815 1280 945 1335; x_wconf 84' lang='lat' dir='ltr'>retribuet</span> <span class='ocrx_word' id='word_1_139' title='bbox 995 1286 1133 1349; x_wconf 89' lang='lat' dir='ltr'>quomodo</span> <span class='ocrx_word' id='word_1_140' title='bbox 1149 1279 1335 1348; x_wconf 73' lang='lat' dir='ltr'>uniusquisque</span> <span class='ocrx_word' id='word_1_141' title='bbox 1345 1289 1497 1347; x_wconf 87' lang='lat' dir='ltr'>poetarum,</span> <span class='ocrx_word' id='word_1_142' title='bbox 1514 1277 1559 1347; x_wconf 92' lang='lat' dir='ltr'>qui</span> <span class='ocrx_word' id='word_1_143' title='bbox 1575 1285 1705 1347; x_wconf 90' lang='lat' dir='ltr'>putantur</span> <span class='ocrx_word' id='word_1_144' title='bbox 1720 1278 1791 1348; x_wconf 89' lang='lat' dir='ltr'>apud</span> 
     </span>
     <span class='ocr_line' id='line_1_12' title="bbox 148 1370 1790 1462; baseline -0.011 -20"><span class='ocrx_word' id='word_1_145' title='bbox 148 1387 274 1462; x_wconf 66' lang='lat' dir='ltr'>babyloni</span> <span class='ocrx_word' id='word_1_146' title='bbox 294 1385 380 1449; x_wconf 87' lang='lat' dir='ltr'>Deus,</span> <span class='ocrx_word' id='word_1_147' title='bbox 401 1381 449 1437; x_wconf 83' lang='lat' dir='ltr'>sed</span> <span class='ocrx_word' id='word_1_148' title='bbox 471 1380 528 1449; x_wconf 85' lang='lat' dir='ltr'>ipse</span> <span class='ocrx_word' id='word_1_149' title='bbox 554 1377 688 1433; x_wconf 83' lang='lat' dir='ltr'>retribuet</span> <span class='ocrx_word' id='word_1_150' title='bbox 709 1375 783 1445; x_wconf 81' lang='lat' dir='ltr'>qarod</span> <span class='ocrx_word' id='word_1_151' title='bbox 813 1379 942 1426; x_wconf 89' lang='lat' dir='ltr'>meretur.</span> <span class='ocrx_word' id='word_1_152' title='bbox 994 1370 1496 1435; x_wconf 84' lang='lat' dir='ltr'>snosdisertissirni‚eaiieenraureum</span> <span class='ocrx_word' id='word_1_153' title='bbox 1509 1371 1790 1440; x_wconf 61' lang='lat' dir='ltr'>tetrametram</span> 
     </span>
     <span class='ocr_line' id='line_1_13' title="bbox 148 1459 1791 1549; baseline -0.012 -14"><span class='ocrx_word' id='word_1_154' title='bbox 148 1478 215 1535; x_wconf 74' lang='lat' dir='ltr'>Volo</span> <span class='ocrx_word' id='word_1_155' title='bbox 229 1476 356 1549; x_wconf 86' lang='lat' dir='ltr'>quiddam</span> <span class='ocrx_word' id='word_1_156' title='bbox 371 1472 463 1529; x_wconf 80' lang='lat' dir='ltr'>dicere</span> <span class='ocrx_word' id='word_1_157' title='bbox 484 1471 511 1525; x_wconf 89' lang='lat' dir='ltr'>in</span> <span class='ocrx_word' id='word_1_158' title='bbox 529 1467 713 1524; x_wconf 79' lang='lat' dir='ltr'>additamento</span> <span class='ocrx_word' id='word_1_159' title='bbox 732 1462 900 1533; x_wconf 79' lang='lat' dir='ltr'>pronominis</span> <span class='ocrx_word' id='word_1_160' title='bbox 915 1461 943 1517; x_wconf 91' lang='lat' dir='ltr'>in</span> <span class='ocrx_word' id='word_1_161' title='bbox 994 1460 1079 1517; x_wconf 90' lang='lat' dir='ltr'>calice</span> <span class='ocrx_word' id='word_1_162' title='bbox 1096 1475 1179 1515; x_wconf 90' lang='lat' dir='ltr'>aureo</span> <span class='ocrx_word' id='word_1_163' title='bbox 1193 1476 1324 1517; x_wconf 80' lang='lat' dir='ltr'>sertennm</span> <span class='ocrx_word' id='word_1_164' title='bbox 1340 1460 1463 1530; x_wconf 83' lang='lat' dir='ltr'>injecerit</span> <span class='ocrx_word' id='word_1_165' title='bbox 1487 1459 1655 1525; x_wconf 75' lang='lat' dir='ltr'>nitidante,</span> <span class='ocrx_word' id='word_1_166' title='bbox 1666 1470 1694 1515; x_wconf 90' lang='lat' dir='ltr'>et</span> <span class='ocrx_word' id='word_1_167' title='bbox 1710 1474 1791 1515; x_wconf 86' lang='lat' dir='ltr'>vene·</span> 
     </span>
     <span class='ocr_line' id='line_1_14' title="bbox 147 1546 1794 1637; baseline -0.009 -14"><span class='ocrx_word' id='word_1_168' title='bbox 147 1567 264 1637; x_wconf 89' lang='lat' dir='ltr'>eoquod</span> <span class='ocrx_word' id='word_1_169' title='bbox 282 1564 468 1635; x_wconf 88' lang='lat' dir='ltr'>scriptumest</span> <span class='ocrx_word' id='word_1_170' title='bbox 479 1560 533 1630; x_wconf 78' lang='lat' dir='ltr'>ipse</span> <span class='ocrx_word' id='word_1_171' title='bbox 548 1572 555 1611; x_wconf 91' lang='lat'>:</span> <span class='ocrx_word' id='word_1_172' title='bbox 573 1575 583 1609; x_wconf 89' lang='lat' dir='ltr'>t</span> <span class='ocrx_word' id='word_1_173' title='bbox 598 1556 657 1627; x_wconf 88' lang='lat' dir='ltr'>lpse</span> <span class='ocrx_word' id='word_1_174' title='bbox 672 1554 782 1620; x_wconf 83' lang='lat' dir='ltr'>clettim,</span> <span class='ocrx_word' id='word_1_175' title='bbox 798 1546 846 1620; x_wconf 72' lang='lat' dir='ltr'>ai&#39;t,</span> <span class='ocrx_word' id='word_1_176' title='bbox 863 1551 943 1608; x_wconf 90' lang='lat' dir='ltr'>retri-</span> <span class='ocrx_word' id='word_1_177' title='bbox 994 1569 1059 1609; x_wconf 89' lang='lat' dir='ltr'>nuto</span> <span class='ocrx_word' id='word_1_178' title='bbox 1075 1552 1251 1626; x_wconf 86' lang='lat' dir='ltr'>turpiloquii:</span> <span class='ocrx_word' id='word_1_179' title='bbox 1266 1569 1399 1610; x_wconf 84' lang='lat' dir='ltr'>renerum</span> <span class='ocrx_word' id='word_1_180' title='bbox 1422 1566 1591 1625; x_wconf 73' lang='lat' dir='ltr'>eorumquae</span> <span class='ocrx_word' id='word_1_181' title='bbox 1612 1554 1730 1608; x_wconf 88' lang='lat' dir='ltr'>aniuram</span> <span class='ocrx_word' id='word_1_182' title='bbox 1745 1555 1794 1609; x_wconf 89' lang='lat' dir='ltr'>ito·</span> 
     </span>
     <span class='ocr_line' id='line_1_15' title="bbox 147 1645 1793 1718; baseline -0.007 -6"><span class='ocrx_word' id='word_1_183' title='bbox 147 1659 286 1714; x_wconf 82' lang='lat' dir='ltr'>bulionem</span> <span class='ocrx_word' id='word_1_184' title='bbox 314 1654 446 1713; x_wconf 80' lang='lat' dir='ltr'>retribuet</span> <span class='ocrx_word' id='word_1_185' title='bbox 471 1651 508 1706; x_wconf 87' lang='lat' dir='ltr'>ei.</span> <span class='ocrx_word' id='word_1_186' title='bbox 527 1669 538 1703; x_wconf 83' lang='lat' dir='ltr'>r</span> <span class='ocrx_word' id='word_1_187' title='bbox 568 1649 628 1705; x_wconf 80' lang='lat' dir='ltr'>Nou</span> <span class='ocrx_word' id='word_1_188' title='bbox 655 1648 780 1707; x_wconf 91' lang='lat' dir='ltr'>omnibus</span> <span class='ocrx_word' id='word_1_189' title='bbox 801 1647 872 1703; x_wconf 79' lang='lat' dir='ltr'>ileos</span> <span class='ocrx_word' id='word_1_190' title='bbox 887 1661 943 1702; x_wconf 63' lang='lat' dir='ltr'>tre</span> <span class='ocrx_word' id='word_1_191' title='bbox 995 1646 1079 1713; x_wconf 84' lang='lat' dir='ltr'>ruinis</span> <span class='ocrx_word' id='word_1_192' title='bbox 1094 1645 1255 1702; x_wconf 91' lang='lat' dir='ltr'>interimunt</span> <span class='ocrx_word' id='word_1_193' title='bbox 1269 1648 1436 1718; x_wconf 80' lang='lat' dir='ltr'>ungarorum,</span> <span class='ocrx_word' id='word_1_194' title='bbox 1448 1660 1581 1701; x_wconf 85' lang='lat' dir='ltr'>venenum</span> <span class='ocrx_word' id='word_1_195' title='bbox 1596 1646 1659 1702; x_wconf 79' lang='lat' dir='ltr'>taisi</span> <span class='ocrx_word' id='word_1_196' title='bbox 1673 1647 1793 1702; x_wconf 90' lang='lat' dir='ltr'>nominis</span> 
     </span>
     <span class='ocr_line' id='line_1_16' title="bbox 148 1737 1793 1816; baseline -0.005 -14"><span class='ocrx_word' id='word_1_197' title='bbox 148 1747 253 1803; x_wconf 86' lang='lat' dir='ltr'>tribuet</span> <span class='ocrx_word' id='word_1_198' title='bbox 271 1759 331 1816; x_wconf 78' lang='lat' dir='ltr'>qum</span> <span class='ocrx_word' id='word_1_199' title='bbox 349 1749 498 1807; x_wconf 87' lang='lat' dir='ltr'>uterentur,</span> <span class='ocrx_word' id='word_1_200' title='bbox 517 1740 564 1796; x_wconf 89' lang='lat' dir='ltr'>sed</span> <span class='ocrx_word' id='word_1_201' title='bbox 582 1746 646 1799; x_wconf 88' lang='lat' dir='ltr'>sunt</span> <span class='ocrx_word' id='word_1_202' title='bbox 657 1739 767 1811; x_wconf 83' lang='lat' dir='ltr'>quitiam</span> <span class='ocrx_word' id='word_1_203' title='bbox 784 1738 882 1809; x_wconf 88' lang='lat' dir='ltr'>quibus</span> <span class='ocrx_word' id='word_1_204' title='bbox 896 1751 945 1807; x_wconf 86' lang='lat' dir='ltr'>per</span> <span class='ocrx_word' id='word_1_205' title='bbox 996 1737 1127 1804; x_wconf 80' lang='lat' dir='ltr'>scientim,</span> <span class='ocrx_word' id='word_1_206' title='bbox 1139 1738 1187 1793; x_wconf 87' lang='lat' dir='ltr'>sed</span> <span class='ocrx_word' id='word_1_207' title='bbox 1199 1753 1274 1794; x_wconf 90' lang='lat' dir='ltr'>meus</span> <span class='ocrx_word' id='word_1_208' title='bbox 1286 1737 1365 1794; x_wconf 87' lang='lat' dir='ltr'>lesus</span> <span class='ocrx_word' id='word_1_209' title='bbox 1386 1747 1498 1794; x_wconf 85' lang='lat' dir='ltr'>econtra</span> <span class='ocrx_word' id='word_1_210' title='bbox 1516 1737 1589 1794; x_wconf 86' lang='lat' dir='ltr'>iecit.</span> <span class='ocrx_word' id='word_1_211' title='bbox 1608 1739 1703 1796; x_wconf 86' lang='lat' dir='ltr'>Sciens</span> <span class='ocrx_word' id='word_1_212' title='bbox 1720 1740 1793 1795; x_wconf 88' lang='lat' dir='ltr'>enirn</span> 
     </span>
     <span class='ocr_line' id='line_1_17' title="bbox 147 1812 1794 1901; baseline -0.006 -7"><span class='ocrx_word' id='word_1_213' title='bbox 147 1837 215 1894; x_wconf 88' lang='lat' dir='ltr'>alios</span> <span class='ocrx_word' id='word_1_214' title='bbox 239 1835 365 1897; x_wconf 83' lang='lat' dir='ltr'>restituit,</span> <span class='ocrx_word' id='word_1_215' title='bbox 387 1832 445 1889; x_wconf 85' lang='lat' dir='ltr'>sire</span> <span class='ocrx_word' id='word_1_216' title='bbox 460 1831 577 1901; x_wconf 90' lang='lat' dir='ltr'>puniens</span> <span class='ocrx_word' id='word_1_217' title='bbox 599 1845 656 1896; x_wconf 62' lang='lat' dir='ltr'>eos,</span> <span class='ocrx_word' id='word_1_218' title='bbox 674 1845 721 1887; x_wconf 90' lang='lat' dir='ltr'>seu</span> <span class='ocrx_word' id='word_1_219' title='bbox 743 1828 882 1884; x_wconf 85' lang='lat' dir='ltr'>medicans</span> <span class='ocrx_word' id='word_1_220' title='bbox 895 1840 944 1898; x_wconf 89' lang='lat' dir='ltr'>per</span> <span class='ocrx_word' id='word_1_221' title='bbox 958 1812 983 1871; x_wconf 78' lang='grc' dir='ltr'><strong>Β</strong></span> <span class='ocrx_word' id='word_1_222' title='bbox 996 1842 1109 1883; x_wconf 85' lang='lat' dir='ltr'>aureum</span> <span class='ocrx_word' id='word_1_223' title='bbox 1123 1827 1237 1884; x_wconf 88' lang='lat' dir='ltr'>calicem</span> <span class='ocrx_word' id='word_1_224' title='bbox 1251 1828 1364 1893; x_wconf 87' lang='lat' dir='ltr'>diaboii,</span> <span class='ocrx_word' id='word_1_225' title='bbox 1379 1838 1405 1884; x_wconf 91' lang='lat' dir='ltr'>et</span> <span class='ocrx_word' id='word_1_226' title='bbox 1421 1844 1576 1898; x_wconf 76' lang='lat' dir='ltr'>praecavens</span> <span class='ocrx_word' id='word_1_227' title='bbox 1588 1844 1621 1886; x_wconf 92' lang='lat' dir='ltr'>ne</span> <span class='ocrx_word' id='word_1_228' title='bbox 1638 1829 1738 1901; x_wconf 83' lang='lat' dir='ltr'>aliquis</span> <span class='ocrx_word' id='word_1_229' title='bbox 1759 1830 1794 1884; x_wconf 91' lang='lat' dir='ltr'>ad</span> 
     </span>
     <span class='ocr_line' id='line_1_18' title="bbox 146 1916 1795 2001; baseline -0.006 -17"><span class='ocrx_word' id='word_1_230' title='bbox 146 1927 318 1991; x_wconf 71' lang='lat' dir='ltr'>doleremus</span> <span class='ocrx_word' id='word_1_231' title='bbox 327 1926 354 1979; x_wconf 86' lang='lat' dir='ltr'>ib</span> <span class='ocrx_word' id='word_1_232' title='bbox 366 1923 480 1979; x_wconf 78' lang='lat' dir='ltr'>Psalmis</span> <span class='ocrx_word' id='word_1_233' title='bbox 493 1922 663 1978; x_wconf 83' lang='lat' dir='ltr'>continetur:</span> <span class='ocrx_word' id='word_1_234' title='bbox 674 1920 766 2001; x_wconf 71' lang='lat' dir='ltr'>allisit</span> <span class='ocrx_word' id='word_1_235' title='bbox 775 1920 807 1975; x_wconf 91' lang='lat' dir='ltr'>iu·</span> <span class='ocrx_word' id='word_1_236' title='bbox 816 1934 863 1977; x_wconf 90' lang='lat' dir='ltr'>eos</span> <span class='ocrx_word' id='word_1_237' title='bbox 872 1919 948 1974; x_wconf 87' lang='lat' dir='ltr'>iuro-</span> <span class='ocrx_word' id='word_1_238' title='bbox 997 1916 1077 1974; x_wconf 89' lang='lat' dir='ltr'>iidem</span> <span class='ocrx_word' id='word_1_239' title='bbox 1093 1934 1170 1973; x_wconf 88' lang='lat' dir='ltr'>suam</span> <span class='ocrx_word' id='word_1_240' title='bbox 1188 1918 1311 1984; x_wconf 77' lang='lat' dir='ltr'>rabiens,</span> <span class='ocrx_word' id='word_1_241' title='bbox 1327 1921 1513 1991; x_wconf 84' lang='lat' dir='ltr'>snsp&#39;carotur</span> <span class='ocrx_word' id='word_1_242' title='bbox 1529 1921 1612 1973; x_wconf 88' lang='lat' dir='ltr'>etiam</span> <span class='ocrx_word' id='word_1_243' title='bbox 1632 1918 1733 1975; x_wconf 85' lang='lat' dir='ltr'>Christi</span> <span class='ocrx_word' id='word_1_244' title='bbox 1753 1929 1795 1974; x_wconf 88' lang='lat' dir='ltr'>ta·</span> 
     </span>
     <span class='ocr_line' id='line_1_19' title="bbox 148 2009 1795 2082; baseline -0.004 -9"><span class='ocrx_word' id='word_1_245' title='bbox 148 2028 206 2073; x_wconf 86' lang='lat' dir='ltr'>rent</span> <span class='ocrx_word' id='word_1_246' title='bbox 217 2018 264 2072; x_wconf 77' lang='lat' dir='ltr'>irre</span> <span class='ocrx_word' id='word_1_247' title='bbox 274 2015 480 2081; x_wconf 65' lang='lat' dir='ltr'>semimarem,</span> <span class='ocrx_word' id='word_1_248' title='bbox 490 2022 518 2068; x_wconf 94' lang='lat' dir='ltr'>et</span> <span class='ocrx_word' id='word_1_249' title='bbox 532 2013 612 2077; x_wconf 86' lang='lat' dir='ltr'>iram,</span> <span class='ocrx_word' id='word_1_250' title='bbox 624 2018 657 2073; x_wconf 82' lang='lat' dir='ltr'>ct·</span> <span class='ocrx_word' id='word_1_251' title='bbox 666 2011 829 2082; x_wconf 70' lang='lat' dir='ltr'>aragoniam,</span> <span class='ocrx_word' id='word_1_252' title='bbox 844 2009 947 2064; x_wconf 78' lang='lat' dir='ltr'>immis-</span> <span class='ocrx_word' id='word_1_253' title='bbox 995 2010 1049 2066; x_wconf 90' lang='lat' dir='ltr'>iem</span> <span class='ocrx_word' id='word_1_254' title='bbox 1062 2026 1123 2067; x_wconf 87' lang='lat' dir='ltr'>esse</span> <span class='ocrx_word' id='word_1_255' title='bbox 1136 2010 1260 2077; x_wconf 88' lang='lat' dir='ltr'>calicem,</span> <span class='ocrx_word' id='word_1_256' title='bbox 1273 2011 1379 2080; x_wconf 86' lang='lat' dir='ltr'>qualem</span> <span class='ocrx_word' id='word_1_257' title='bbox 1396 2010 1547 2080; x_wconf 90' lang='lat' dir='ltr'>reliquerit,</span> <span class='ocrx_word' id='word_1_258' title='bbox 1565 2021 1594 2067; x_wconf 90' lang='lat' dir='ltr'>et</span> <span class='ocrx_word' id='word_1_259' title='bbox 1605 2026 1655 2081; x_wconf 91' lang='lat' dir='ltr'>per</span> <span class='ocrx_word' id='word_1_260' title='bbox 1666 2011 1795 2067; x_wconf 77' lang='lat' dir='ltr'>similitu·</span> 
     </span>
     <span class='ocr_line' id='line_1_20' title="bbox 147 2099 1795 2180; baseline -0.005 -13"><span class='ocrx_word' id='word_1_261' title='bbox 147 2112 252 2167; x_wconf 83' lang='lat' dir='ltr'>sionem</span> <span class='ocrx_word' id='word_1_262' title='bbox 273 2124 321 2179; x_wconf 89' lang='lat' dir='ltr'>per</span> <span class='ocrx_word' id='word_1_263' title='bbox 343 2107 453 2180; x_wconf 75' lang='lat' dir='ltr'>angelos</span> <span class='ocrx_word' id='word_1_264' title='bbox 472 2106 607 2179; x_wconf 84' lang='lat' dir='ltr'>pessimos</span> <span class='ocrx_word' id='word_1_265' title='bbox 626 2102 712 2177; x_wconf 83' lang='lat' dir='ltr'>(Paul.</span> <span class='ocrx_word' id='word_1_266' title='bbox 728 2099 869 2173; x_wconf 71' lang='lat' dir='ltr'>eustathi</span> <span class='ocrx_word' id='word_1_267' title='bbox 899 2101 947 2157; x_wconf 91' lang='lat' dir='ltr'>iiis</span> <span class='ocrx_word' id='word_1_268' title='bbox 995 2102 1086 2158; x_wconf 89' lang='lat' dir='ltr'>dinem</span> <span class='ocrx_word' id='word_1_269' title='bbox 1100 2103 1223 2158; x_wconf 78' lang='lat' dir='ltr'>arnaria</span> <span class='ocrx_word' id='word_1_270' title='bbox 1235 2101 1394 2158; x_wconf 80' lang='lat' dir='ltr'>formidaret</span> <span class='ocrx_word' id='word_1_271' title='bbox 1407 2102 1625 2161; x_wconf 86' lang='lat' dir='ltr'>error·enr:ideo</span> <span class='ocrx_word' id='word_1_272' title='bbox 1636 2103 1751 2170; x_wconf 86' lang='lat' dir='ltr'>curarit,</span> <span class='ocrx_word' id='word_1_273' title='bbox 1764 2114 1795 2158; x_wconf 88' lang='lat' dir='ltr'>ut</span> 
     </span>
     <span class='ocr_line' id='line_1_21' title="bbox 148 2188 1794 2274; baseline -0.004 -15"><span class='ocrx_word' id='word_1_274' title='bbox 148 2218 203 2259; x_wconf 91' lang='lat' dir='ltr'>noo</span> <span class='ocrx_word' id='word_1_275' title='bbox 215 2203 273 2274; x_wconf 83' lang='lat' dir='ltr'>ipse</span> <span class='ocrx_word' id='word_1_276' title='bbox 284 2200 418 2266; x_wconf 87' lang='lat' dir='ltr'>restituit,</span> <span class='ocrx_word' id='word_1_277' title='bbox 431 2200 478 2255; x_wconf 89' lang='lat' dir='ltr'>sed</span> <span class='ocrx_word' id='word_1_278' title='bbox 491 2201 525 2255; x_wconf 88' lang='lat' dir='ltr'>ad</span> <span class='ocrx_word' id='word_1_279' title='bbox 541 2197 747 2254; x_wconf 84' lang='lat' dir='ltr'>retributionem</span> <span class='ocrx_word' id='word_1_280' title='bbox 760 2210 854 2252; x_wconf 90' lang='lat' dir='ltr'>eorum</span> <span class='ocrx_word' id='word_1_281' title='bbox 866 2194 946 2251; x_wconf 91' lang='lat' dir='ltr'>mini·</span> <span class='ocrx_word' id='word_1_282' title='bbox 996 2191 1159 2249; x_wconf 85' lang='lat' dir='ltr'>haberemus</span> <span class='ocrx_word' id='word_1_283' title='bbox 1175 2188 1331 2248; x_wconf 83' lang='lat' dir='ltr'>thesaurum</span> <span class='ocrx_word' id='word_1_284' title='bbox 1344 2193 1424 2248; x_wconf 87' lang='lat' dir='ltr'>istrmr</span> <span class='ocrx_word' id='word_1_285' title='bbox 1436 2193 1463 2248; x_wconf 92' lang='lat' dir='ltr'>iu</span> <span class='ocrx_word' id='word_1_286' title='bbox 1477 2194 1550 2249; x_wconf 86' lang='lat' dir='ltr'>rasis</span> <span class='ocrx_word' id='word_1_287' title='bbox 1564 2193 1700 2257; x_wconf 83' lang='lat' dir='ltr'>tietihbus.</span> <span class='ocrx_word' id='word_1_288' title='bbox 1716 2194 1794 2268; x_wconf 72' lang='lat' dir='ltr'>Saepe</span> 
     </span>
     <span class='ocr_line' id='line_1_22' title="bbox 148 2282 1796 2361; baseline -0.004 -13"><span class='ocrx_word' id='word_1_289' title='bbox 148 2292 214 2349; x_wconf 81' lang='lat' dir='ltr'>stris</span> <span class='ocrx_word' id='word_1_290' title='bbox 229 2306 294 2347; x_wconf 86' lang='lat' dir='ltr'>usos</span> <span class='ocrx_word' id='word_1_291' title='bbox 306 2298 350 2345; x_wconf 85' lang='lat' dir='ltr'>est</span> <span class='ocrx_word' id='word_1_292' title='bbox 369 2290 474 2361; x_wconf 77' lang='lat' dir='ltr'>erigetis</span> <span class='ocrx_word' id='word_1_293' title='bbox 496 2287 630 2361; x_wconf 79' lang='lat' dir='ltr'>pessimis,</span> <span class='ocrx_word' id='word_1_294' title='bbox 648 2295 676 2342; x_wconf 89' lang='lat' dir='ltr'>et</span> <span class='ocrx_word' id='word_1_295' title='bbox 689 2284 749 2340; x_wconf 90' lang='lat' dir='ltr'>aliis</span> <span class='ocrx_word' id='word_1_296' title='bbox 764 2282 877 2341; x_wconf 76' lang='lat' dir='ltr'>forsitan</span> <span class='ocrx_word' id='word_1_297' title='bbox 891 2294 946 2339; x_wconf 90' lang='lat' dir='ltr'>non</span> <span class='ocrx_word' id='word_1_298' title='bbox 995 2283 1049 2339; x_wconf 89' lang='lat' dir='ltr'>ridi</span> <span class='ocrx_word' id='word_1_299' title='bbox 1067 2299 1180 2339; x_wconf 87' lang='lat' dir='ltr'>aureum</span> <span class='ocrx_word' id='word_1_300' title='bbox 1195 2283 1306 2340; x_wconf 89' lang='lat' dir='ltr'>calicem</span> <span class='ocrx_word' id='word_1_301' title='bbox 1321 2284 1348 2338; x_wconf 94' lang='lat' dir='ltr'>in</span> <span class='ocrx_word' id='word_1_302' title='bbox 1363 2284 1476 2355; x_wconf 88' lang='lat' dir='ltr'>pulchro</span> <span class='ocrx_word' id='word_1_303' title='bbox 1492 2284 1626 2341; x_wconf 88' lang='lat' dir='ltr'>sermonis</span> <span class='ocrx_word' id='word_1_304' title='bbox 1640 2290 1749 2353; x_wconf 83' lang='lat' dir='ltr'>ornatu,</span> <span class='ocrx_word' id='word_1_305' title='bbox 1767 2298 1796 2343; x_wconf 89' lang='lat' dir='ltr'>et</span> 
     </span>
     <span class='ocr_line' id='line_1_23' title="bbox 148 2373 1794 2454; baseline -0.002 -16"><span class='ocrx_word' id='word_1_306' title='bbox 148 2398 199 2454; x_wconf 87' lang='lat' dir='ltr'>per</span> <span class='ocrx_word' id='word_1_307' title='bbox 211 2381 295 2438; x_wconf 77' lang='lat' dir='ltr'>nmlus</span> <span class='ocrx_word' id='word_1_308' title='bbox 307 2380 417 2453; x_wconf 70' lang='lat' dir='ltr'>angelos</span> <span class='ocrx_word' id='word_1_309' title='bbox 428 2379 526 2445; x_wconf 88' lang='lat' dir='ltr'>reddit,</span> <span class='ocrx_word' id='word_1_310' title='bbox 537 2378 643 2447; x_wconf 83' lang='lat' dir='ltr'>sedper</span> <span class='ocrx_word' id='word_1_311' title='bbox 653 2377 749 2441; x_wconf 85' lang='lat' dir='ltr'>bonol,</span> <span class='ocrx_word' id='word_1_312' title='bbox 761 2383 791 2429; x_wconf 91' lang='lat' dir='ltr'>nt</span> <span class='ocrx_word' id='word_1_313' title='bbox 803 2374 829 2429; x_wconf 93' lang='lat' dir='ltr'>in</span> <span class='ocrx_word' id='word_1_314' title='bbox 840 2374 946 2443; x_wconf 58' lang='lat' dir='ltr'>eisqui</span> <span class='ocrx_word' id='word_1_315' title='bbox 996 2373 1153 2445; x_wconf 75' lang='lat' dir='ltr'>dogmatum</span> <span class='ocrx_word' id='word_1_316' title='bbox 1166 2390 1268 2430; x_wconf 82' lang='lat' dir='ltr'>teneam</span> <span class='ocrx_word' id='word_1_317' title='bbox 1282 2376 1474 2443; x_wconf 87' lang='lat' dir='ltr'>considerans,</span> <span class='ocrx_word' id='word_1_318' title='bbox 1497 2376 1662 2447; x_wconf 84' lang='lat' dir='ltr'>deprehendi</span> <span class='ocrx_word' id='word_1_319' title='bbox 1680 2377 1794 2435; x_wconf 87' lang='lat' dir='ltr'>calicem</span> 
     </span>
     <span class='ocr_line' id='line_1_24' title="bbox 147 2463 1790 2544; baseline -0.003 -16"><span class='ocrx_word' id='word_1_320' title='bbox 147 2492 196 2544; x_wconf 81' lang='lat' dir='ltr'>pru</span> <span class='ocrx_word' id='word_1_321' title='bbox 221 2471 367 2529; x_wconf 83' lang='lat' dir='ltr'>sceleribus</span> <span class='ocrx_word' id='word_1_322' title='bbox 393 2470 551 2541; x_wconf 87' lang='lat' dir='ltr'>puniuntur.</span> <span class='ocrx_word' id='word_1_323' title='bbox 584 2467 721 2537; x_wconf 85' lang='lat' dir='ltr'>iiuitaque</span> <span class='ocrx_word' id='word_1_324' title='bbox 745 2463 944 2523; x_wconf 84' lang='lat' dir='ltr'>istiusmodisi</span> <span class='ocrx_word' id='word_1_325' title='bbox 995 2463 1790 2541; x_wconf 77' lang='lat' dir='ltr'>Rabylonis.‹Caiiraureusitabyioninmanuiiomini:r</span> 
     </span>
     <span class='ocr_line' id='line_1_25' title="bbox 149 2555 1793 2635; baseline -0.002 -15"><span class='ocrx_word' id='word_1_326' title='bbox 149 2564 305 2635; x_wconf 79' lang='lat' dir='ltr'>Scripturas</span> <span class='ocrx_word' id='word_1_327' title='bbox 316 2562 446 2617; x_wconf 86' lang='lat' dir='ltr'>scruteris</span> <span class='ocrx_word' id='word_1_328' title='bbox 459 2559 591 2621; x_wconf 80' lang='lat' dir='ltr'>invenies.</span> <span class='ocrx_word' id='word_1_329' title='bbox 608 2558 656 2614; x_wconf 80' lang='lat' dir='ltr'>Est</span> <span class='ocrx_word' id='word_1_330' title='bbox 669 2566 758 2612; x_wconf 87' lang='lat' dir='ltr'>antem</span> <span class='ocrx_word' id='word_1_331' title='bbox 772 2556 880 2626; x_wconf 86' lang='lat' dir='ltr'>quando</span> <span class='ocrx_word' id='word_1_332' title='bbox 892 2555 944 2611; x_wconf 72' lang='lat' dir='ltr'>mi·v</span> <span class='ocrx_word' id='word_1_333' title='bbox 996 2575 1050 2615; x_wconf 92' lang='lat' dir='ltr'>noo</span> <span class='ocrx_word' id='word_1_334' title='bbox 1063 2566 1105 2614; x_wconf 89' lang='lat' dir='ltr'>est</span> <span class='ocrx_word' id='word_1_335' title='bbox 1117 2570 1225 2629; x_wconf 87' lang='lat' dir='ltr'>semper</span> <span class='ocrx_word' id='word_1_336' title='bbox 1236 2558 1305 2614; x_wconf 80' lang='lat' dir='ltr'>edin</span> <span class='ocrx_word' id='word_1_337' title='bbox 1326 2574 1425 2615; x_wconf 89' lang='lat' dir='ltr'>aureus</span> <span class='ocrx_word' id='word_1_338' title='bbox 1445 2559 1601 2631; x_wconf 85' lang='lat' dir='ltr'>ilabyionis.</span> <span class='ocrx_word' id='word_1_339' title='bbox 1616 2559 1683 2616; x_wconf 88' lang='lat' dir='ltr'>Cum</span> <span class='ocrx_word' id='word_1_340' title='bbox 1701 2569 1793 2617; x_wconf 88' lang='lat' dir='ltr'>autern</span> 
     </span>
     <span class='ocr_line' id='line_1_26' title="bbox 148 2649 1795 2723; baseline -0.007 -6"><span class='ocrx_word' id='word_1_341' title='bbox 148 2661 298 2717; x_wconf 81' lang='lat' dir='ltr'>histrorum</span> <span class='ocrx_word' id='word_1_342' title='bbox 311 2656 401 2714; x_wconf 89' lang='lat' dir='ltr'>oilleio</span> <span class='ocrx_word' id='word_1_343' title='bbox 415 2653 544 2720; x_wconf 78' lang='lat' dir='ltr'>refutato,</span> <span class='ocrx_word' id='word_1_344' title='bbox 561 2652 766 2709; x_wconf 83' lang='lat' dir='ltr'>retributionem</span> <span class='ocrx_word' id='word_1_345' title='bbox 791 2649 863 2711; x_wconf 79' lang='lat' dir='ltr'>bear</span> <span class='ocrx_word' id='word_1_346' title='bbox 887 2649 945 2720; x_wconf 84' lang='lat' dir='ltr'>ipse</span> <span class='ocrx_word' id='word_1_347' title='bbox 999 2651 1104 2706; x_wconf 83' lang='lat' dir='ltr'>venerit</span> <span class='ocrx_word' id='word_1_348' title='bbox 1114 2650 1148 2706; x_wconf 91' lang='lat' dir='ltr'>ad</span> <span class='ocrx_word' id='word_1_349' title='bbox 1162 2651 1321 2716; x_wconf 80' lang='lat' dir='ltr'>vindictam,</span> <span class='ocrx_word' id='word_1_350' title='bbox 1334 2659 1361 2706; x_wconf 92' lang='lat' dir='ltr'>et</span> <span class='ocrx_word' id='word_1_351' title='bbox 1374 2652 1401 2705; x_wconf 90' lang='lat' dir='ltr'>in</span> <span class='ocrx_word' id='word_1_352' title='bbox 1415 2666 1497 2705; x_wconf 91' lang='lat' dir='ltr'>manu</span> <span class='ocrx_word' id='word_1_353' title='bbox 1510 2650 1616 2706; x_wconf 87' lang='lat' dir='ltr'>bomini</span> <span class='ocrx_word' id='word_1_354' title='bbox 1629 2651 1718 2723; x_wconf 90' lang='lat' dir='ltr'>posita</span> <span class='ocrx_word' id='word_1_355' title='bbox 1736 2651 1795 2707; x_wconf 71' lang='lat' dir='ltr'>tue</span> 
     </span>
     <span class='ocr_line' id='line_1_27' title="bbox 150 2738 1794 2817; baseline -0.004 -12"><span class='ocrx_word' id='word_1_356' title='bbox 150 2749 280 2814; x_wconf 84' lang='lat' dir='ltr'>restituit,</span> <span class='ocrx_word' id='word_1_357' title='bbox 294 2756 325 2804; x_wconf 93' lang='lat' dir='ltr'>ut</span> <span class='ocrx_word' id='word_1_358' title='bbox 337 2761 409 2803; x_wconf 87' lang='lat' dir='ltr'>nune</span> <span class='ocrx_word' id='word_1_359' title='bbox 425 2743 566 2817; x_wconf 86' lang='lat' dir='ltr'>Babyloni.</span> <span class='ocrx_word' id='word_1_360' title='bbox 582 2740 676 2798; x_wconf 88' lang='lat' dir='ltr'>Timeo</span> <span class='ocrx_word' id='word_1_361' title='bbox 687 2739 816 2812; x_wconf 88' lang='lat' dir='ltr'>quiddam</span> <span class='ocrx_word' id='word_1_362' title='bbox 836 2738 944 2797; x_wconf 90' lang='lat' dir='ltr'>obscuri</span> <span class='ocrx_word' id='word_1_363' title='bbox 996 2741 1043 2807; x_wconf 91' lang='lat' dir='ltr'>rit,</span> <span class='ocrx_word' id='word_1_364' title='bbox 1057 2750 1123 2796; x_wconf 91' lang='lat' dir='ltr'>tunc</span> <span class='ocrx_word' id='word_1_365' title='bbox 1140 2741 1256 2797; x_wconf 82' lang='lat' dir='ltr'>efficitur</span> <span class='ocrx_word' id='word_1_366' title='bbox 1280 2750 1365 2807; x_wconf 90' lang='lat' dir='ltr'>terra,</span> <span class='ocrx_word' id='word_1_367' title='bbox 1386 2758 1447 2813; x_wconf 73' lang='lat' dir='ltr'>quae</span> <span class='ocrx_word' id='word_1_368' title='bbox 1463 2741 1600 2813; x_wconf 77' lang='lat' dir='ltr'>quomam</span> <span class='ocrx_word' id='word_1_369' title='bbox 1623 2751 1695 2797; x_wconf 87' lang='lat' dir='ltr'>tacta</span> <span class='ocrx_word' id='word_1_370' title='bbox 1708 2751 1751 2798; x_wconf 92' lang='lat' dir='ltr'>est</span> <span class='ocrx_word' id='word_1_371' title='bbox 1766 2743 1794 2798; x_wconf 91' lang='lat' dir='ltr'>in</span> 
     </span>
     <span class='ocr_line' id='line_1_28' title="bbox 148 2820 1794 2906; baseline -0.005 -10"><span class='ocrx_word' id='word_1_372' title='bbox 148 2841 177 2897; x_wconf 91' lang='lat' dir='ltr'>io</span> <span class='ocrx_word' id='word_1_373' title='bbox 188 2840 249 2895; x_wconf 88' lang='lat' dir='ltr'>loeo</span> <span class='ocrx_word' id='word_1_374' title='bbox 261 2838 407 2894; x_wconf 80' lang='lat' dir='ltr'>manifesto</span> <span class='ocrx_word' id='word_1_375' title='bbox 418 2835 600 2906; x_wconf 86' lang='lat' dir='ltr'>interponere,</span> <span class='ocrx_word' id='word_1_376' title='bbox 617 2832 688 2903; x_wconf 87' lang='lat' dir='ltr'>quod</span> <span class='ocrx_word' id='word_1_377' title='bbox 704 2830 771 2887; x_wconf 87' lang='lat' dir='ltr'>mibi</span> <span class='ocrx_word' id='word_1_378' title='bbox 785 2830 892 2885; x_wconf 84' lang='lat' dir='ltr'>ridetur</span> <span class='ocrx_word' id='word_1_379' title='bbox 902 2830 943 2884; x_wconf 87' lang='lat' dir='ltr'>ia·</span> <span class='ocrx_word' id='word_1_380' title='bbox 995 2828 1046 2885; x_wconf 88' lang='lat' dir='ltr'>lob</span> <span class='ocrx_word' id='word_1_381' title='bbox 1058 2820 1166 2901; x_wconf 85' lang='lat' dir='ltr'>:neque</span> <span class='ocrx_word' id='word_1_382' title='bbox 1178 2832 1354 2903; x_wconf 80' lang='lat' dir='ltr'>rerojogiter</span> <span class='ocrx_word' id='word_1_383' title='bbox 1366 2832 1393 2886; x_wconf 93' lang='lat' dir='ltr'>in</span> <span class='ocrx_word' id='word_1_384' title='bbox 1406 2846 1488 2887; x_wconf 92' lang='lat' dir='ltr'>manu</span> <span class='ocrx_word' id='word_1_385' title='bbox 1502 2831 1607 2887; x_wconf 87' lang='lat' dir='ltr'>Domini</span> <span class='ocrx_word' id='word_1_386' title='bbox 1619 2831 1794 2897; x_wconf 84' lang='lat' dir='ltr'>continetur,</span> 
     </span>
     <span class='ocr_line' id='line_1_29' title="bbox 150 2921 1794 2998; baseline -0.004 -10"><span class='ocrx_word' id='word_1_387' title='bbox 150 2931 245 2988; x_wconf 88' lang='lat' dir='ltr'>teresi</span> <span class='ocrx_word' id='word_1_388' title='bbox 267 2939 382 2987; x_wconf 84' lang='lat' dir='ltr'>taceam.</span> <span class='ocrx_word' id='word_1_389' title='bbox 408 2928 600 2985; x_wconf 78' lang='lat' dir='ltr'>iemmtarnen</span> <span class='ocrx_word' id='word_1_390' title='bbox 617 2923 770 2982; x_wconf 87' lang='lat' dir='ltr'>audendum</span> <span class='ocrx_word' id='word_1_391' title='bbox 786 2931 829 2979; x_wconf 86' lang='lat' dir='ltr'>est</span> <span class='ocrx_word' id='word_1_392' title='bbox 847 2921 945 2978; x_wconf 85' lang='lat' dir='ltr'>saltent</span> <span class='ocrx_word' id='word_1_393' title='bbox 995 2924 1044 2979; x_wconf 91' lang='lat' dir='ltr'>sed</span> <span class='ocrx_word' id='word_1_394' title='bbox 1058 2922 1169 2980; x_wconf 86' lang='lat' dir='ltr'>ultiouis</span> <span class='ocrx_word' id='word_1_395' title='bbox 1189 2933 1293 2980; x_wconf 90' lang='lat' dir='ltr'>tantum</span> <span class='ocrx_word' id='word_1_396' title='bbox 1309 2935 1430 2997; x_wconf 89' lang='lat' dir='ltr'>tempore</span> <span class='ocrx_word' id='word_1_397' title='bbox 1446 2942 1507 2983; x_wconf 84' lang='lat' dir='ltr'>cunr</span> <span class='ocrx_word' id='word_1_398' title='bbox 1523 2926 1637 2998; x_wconf 74' lang='lat' dir='ltr'>caeperit</span> <span class='ocrx_word' id='word_1_399' title='bbox 1657 2927 1683 2981; x_wconf 92' lang='lat' dir='ltr'>ei</span> <span class='ocrx_word' id='word_1_400' title='bbox 1700 2927 1794 2981; x_wconf 86' lang='lat' dir='ltr'>bomi-</span> 
     </span>
     <span class='ocr_line' id='line_1_30' title="bbox 149 3014 1794 3097; baseline -0.004 -17"><span class='ocrx_word' id='word_1_401' title='bbox 149 3038 236 3097; x_wconf 87' lang='lat' dir='ltr'>pauea</span> <span class='ocrx_word' id='word_1_402' title='bbox 249 3022 448 3096; x_wconf 74' lang='lat' dir='ltr'>perstringere,</span> <span class='ocrx_word' id='word_1_403' title='bbox 462 3020 569 3091; x_wconf 89' lang='lat' dir='ltr'>quando</span> <span class='ocrx_word' id='word_1_404' title='bbox 586 3026 649 3075; x_wconf 86' lang='lat' dir='ltr'>sum</span> <span class='ocrx_word' id='word_1_405' title='bbox 663 3017 772 3073; x_wconf 84' lang='lat' dir='ltr'>rainero</span> <span class='ocrx_word' id='word_1_406' title='bbox 793 3014 892 3080; x_wconf 89' lang='lat' dir='ltr'>iueiiia,</span> <span class='ocrx_word' id='word_1_407' title='bbox 916 3024 946 3075; x_wconf 89' lang='grc' dir='ltr'>ει</span> <span class='ocrx_word' id='word_1_408' title='bbox 996 3030 1049 3071; x_wconf 91' lang='lat' dir='ltr'>uus</span> <span class='ocrx_word' id='word_1_409' title='bbox 1065 3016 1210 3071; x_wconf 86' lang='lat' dir='ltr'>restituere</span> <span class='ocrx_word' id='word_1_410' title='bbox 1225 3017 1296 3087; x_wconf 90' lang='lat' dir='ltr'>quod</span> <span class='ocrx_word' id='word_1_411' title='bbox 1312 3025 1443 3083; x_wconf 86' lang='lat' dir='ltr'>meretur,</span> <span class='ocrx_word' id='word_1_412' title='bbox 1458 3025 1521 3073; x_wconf 93' lang='lat' dir='ltr'>tune</span> <span class='ocrx_word' id='word_1_413' title='bbox 1538 3017 1565 3072; x_wconf 91' lang='lat' dir='ltr'>in</span> <span class='ocrx_word' id='word_1_414' title='bbox 1581 3033 1663 3072; x_wconf 90' lang='lat' dir='ltr'>manu</span> <span class='ocrx_word' id='word_1_415' title='bbox 1675 3018 1734 3088; x_wconf 83' lang='lat' dir='ltr'>ejus</span> <span class='ocrx_word' id='word_1_416' title='bbox 1748 3015 1794 3074; x_wconf 83' lang='lat' dir='ltr'>iret</span> 
     </span>
     <span class='ocr_line' id='line_1_31' title="bbox 150 3105 1794 3194; baseline -0.005 -21"><span class='ocrx_word' id='word_1_417' title='bbox 150 3125 272 3194; x_wconf 88' lang='lat' dir='ltr'>prompta</span> <span class='ocrx_word' id='word_1_418' title='bbox 289 3116 404 3174; x_wconf 75' lang='lat' dir='ltr'>eumne·</span> <span class='ocrx_word' id='word_1_419' title='bbox 424 3112 544 3170; x_wconf 78' lang='lat' dir='ltr'>iiadietm</span> <span class='ocrx_word' id='word_1_420' title='bbox 555 3110 639 3172; x_wconf 89' lang='lat' dir='ltr'>mittit</span> <span class='ocrx_word' id='word_1_421' title='bbox 652 3124 761 3168; x_wconf 85' lang='lat' dir='ltr'>serrum</span> <span class='ocrx_word' id='word_1_422' title='bbox 778 3123 867 3175; x_wconf 89' lang='lat' dir='ltr'>suum,</span> <span class='ocrx_word' id='word_1_423' title='bbox 881 3107 944 3162; x_wconf 91' lang='lat' dir='ltr'>mit·</span> <span class='ocrx_word' id='word_1_424' title='bbox 996 3105 1136 3162; x_wconf 86' lang='lat' dir='ltr'>inebrians</span> <span class='ocrx_word' id='word_1_425' title='bbox 1149 3121 1258 3163; x_wconf 91' lang='lat' dir='ltr'>omnem</span> <span class='ocrx_word' id='word_1_426' title='bbox 1279 3116 1389 3163; x_wconf 89' lang='lat' dir='ltr'>terram.</span> <span class='ocrx_word' id='word_1_427' title='bbox 1412 3107 1465 3164; x_wconf 90' lang='lat' dir='ltr'>lste</span> <span class='ocrx_word' id='word_1_428' title='bbox 1477 3108 1548 3164; x_wconf 82' lang='lat' dir='ltr'>eaiir</span> <span class='ocrx_word' id='word_1_429' title='bbox 1562 3124 1661 3164; x_wconf 89' lang='lat' dir='ltr'>aurens</span> <span class='ocrx_word' id='word_1_430' title='bbox 1675 3108 1794 3180; x_wconf 75' lang='lat' dir='ltr'>Babylon</span> 
     </span>
     <span class='ocr_line' id='line_1_32' title="bbox 150 3197 1854 3277; baseline -0.006 -13"><span class='ocrx_word' id='word_1_431' title='bbox 150 3207 367 3277; x_wconf 80' lang='lat' dir='ltr'>tltdiseipulnm,</span> <span class='ocrx_word' id='word_1_432' title='bbox 386 3213 413 3264; x_wconf 93' lang='lat' dir='ltr'>et</span> <span class='ocrx_word' id='word_1_433' title='bbox 430 3219 482 3276; x_wconf 86' lang='lat' dir='ltr'>per</span> <span class='ocrx_word' id='word_1_434' title='bbox 505 3215 567 3260; x_wconf 89' lang='lat' dir='ltr'>eum</span> <span class='ocrx_word' id='word_1_435' title='bbox 589 3200 761 3272; x_wconf 71' lang='lat' dir='ltr'>languentem</span> <span class='ocrx_word' id='word_1_436' title='bbox 781 3199 943 3265; x_wconf 84' lang='lat' dir='ltr'>medicatur,</span> <span class='ocrx_word' id='word_1_437' title='bbox 996 3197 1143 3254; x_wconf 81' lang='lat' dir='ltr'>inebriavit</span> <span class='ocrx_word' id='word_1_438' title='bbox 1159 3200 1312 3255; x_wconf 82' lang='lat' dir='ltr'>nniversam</span> <span class='ocrx_word' id='word_1_439' title='bbox 1332 3209 1444 3255; x_wconf 91' lang='lat' dir='ltr'>terram.</span> <span class='ocrx_word' id='word_1_440' title='bbox 1464 3199 1606 3267; x_wconf 79' lang='lat' dir='ltr'>Quomodo</span> <span class='ocrx_word' id='word_1_441' title='bbox 1623 3209 1715 3256; x_wconf 88' lang='lat' dir='ltr'>autem</span> <span class='ocrx_word' id='word_1_442' title='bbox 1734 3201 1794 3255; x_wconf 91' lang='lat' dir='ltr'>nni·</span> <span class='ocrx_word' id='word_1_443' title='bbox 1851 3256 1854 3264; x_wconf 77' lang='grc'><em>,</em></span> 
     </span>
     <span class='ocr_line' id='line_1_33' title="bbox 150 3281 1794 3370; baseline -0.006 -14"><span class='ocrx_word' id='word_1_444' title='bbox 150 3299 331 3370; x_wconf 87' lang='lat' dir='ltr'>nequeenim</span> <span class='ocrx_word' id='word_1_445' title='bbox 352 3303 534 3368; x_wconf 79' lang='lat' dir='ltr'>magnasunt</span> <span class='ocrx_word' id='word_1_446' title='bbox 558 3293 680 3349; x_wconf 85' lang='lat' dir='ltr'>rairrera.</span> <span class='ocrx_word' id='word_1_447' title='bbox 714 3290 813 3348; x_wconf 81' lang='lat' dir='ltr'>Evenit</span> <span class='ocrx_word' id='word_1_448' title='bbox 835 3303 945 3363; x_wconf 82' lang='lat' dir='ltr'>quoque</span> <span class='ocrx_word' id='word_1_449' title='bbox 995 3289 1289 3345; x_wconf 81' lang='lat' dir='ltr'>versaminebriarerit</span> <span class='ocrx_word' id='word_1_450' title='bbox 1307 3299 1421 3357; x_wconf 88' lang='lat' dir='ltr'>terram,</span> <span class='ocrx_word' id='word_1_451' title='bbox 1439 3288 1520 3345; x_wconf 84' lang='lat' dir='ltr'>laede</span> <span class='ocrx_word' id='word_1_452' title='bbox 1540 3290 1655 3361; x_wconf 70' lang='lat' dir='ltr'>selessi</span> <span class='ocrx_word' id='word_1_453' title='bbox 1669 3281 1794 3347; x_wconf 85' lang='lat' dir='ltr'>conside-</span> 
     </span>
     <span class='ocr_line' id='line_1_34' title="bbox 149 3378 1793 3461; baseline -0.005 -17"><span class='ocrx_word' id='word_1_454' title='bbox 149 3389 304 3461; x_wconf 85' lang='lat' dir='ltr'>niiquotios,</span> <span class='ocrx_word' id='word_1_455' title='bbox 317 3396 346 3443; x_wconf 92' lang='lat' dir='ltr'>ut</span> <span class='ocrx_word' id='word_1_456' title='bbox 362 3386 489 3444; x_wconf 82' lang='lat' dir='ltr'>sectionis</span> <span class='ocrx_word' id='word_1_457' title='bbox 501 3393 530 3441; x_wconf 90' lang='lat' dir='ltr'>et</span> <span class='ocrx_word' id='word_1_458' title='bbox 544 3382 609 3440; x_wconf 80' lang='lat' dir='ltr'>ferri</span> <span class='ocrx_word' id='word_1_459' title='bbox 622 3382 740 3455; x_wconf 73' lang='lat' dir='ltr'>indigeat</span> <span class='ocrx_word' id='word_1_460' title='bbox 756 3381 801 3451; x_wconf 88' lang='lat' dir='ltr'>qui</span> <span class='ocrx_word' id='word_1_461' title='bbox 820 3391 943 3448; x_wconf 81' lang='lat' dir='ltr'>sanatur,</span> <span class='ocrx_word' id='word_1_462' title='bbox 995 3379 1100 3438; x_wconf 86' lang='lat' dir='ltr'>raveris</span> <span class='ocrx_word' id='word_1_463' title='bbox 1113 3394 1208 3435; x_wconf 91' lang='lat' dir='ltr'>omnes</span> <span class='ocrx_word' id='word_1_464' title='bbox 1226 3378 1351 3436; x_wconf 88' lang='lat' dir='ltr'>homines</span> <span class='ocrx_word' id='word_1_465' title='bbox 1371 3379 1471 3435; x_wconf 86' lang='lat' dir='ltr'>ebrios.</span> <span class='ocrx_word' id='word_1_466' title='bbox 1498 3379 1668 3435; x_wconf 84' lang='lat' dir='ltr'>inebriamur</span> <span class='ocrx_word' id='word_1_467' title='bbox 1682 3380 1731 3446; x_wconf 92' lang='lat' dir='ltr'>ira,</span> <span class='ocrx_word' id='word_1_468' title='bbox 1749 3381 1793 3436; x_wconf 91' lang='lat' dir='ltr'>in·</span> 
     </span>
     <span class='ocr_line' id='line_1_35' title="bbox 149 3467 1794 3552; baseline -0.004 -16"><span class='ocrx_word' id='word_1_469' title='bbox 149 3489 269 3536; x_wconf 88' lang='lat' dir='ltr'>attanteo</span> <span class='ocrx_word' id='word_1_470' title='bbox 283 3493 337 3534; x_wconf 93' lang='lat' dir='ltr'>non</span> <span class='ocrx_word' id='word_1_471' title='bbox 356 3477 413 3547; x_wconf 89' lang='lat' dir='ltr'>ipse</span> <span class='ocrx_word' id='word_1_472' title='bbox 431 3467 553 3552; x_wconf 79' lang='lat' dir='ltr'>medicus</span> <span class='ocrx_word' id='word_1_473' title='bbox 569 3473 657 3545; x_wconf 80' lang='lat' dir='ltr'>pergit</span> <span class='ocrx_word' id='word_1_474' title='bbox 678 3471 712 3528; x_wconf 82' lang='lat' dir='ltr'>ad</span> <span class='ocrx_word' id='word_1_475' title='bbox 733 3485 806 3544; x_wconf 81' lang='lat' dir='ltr'>curn,</span> <span class='ocrx_word' id='word_1_476' title='bbox 831 3472 879 3528; x_wconf 89' lang='lat' dir='ltr'>sed</span> <span class='ocrx_word' id='word_1_477' title='bbox 899 3472 946 3527; x_wconf 89' lang='lat' dir='ltr'>eii-</span> <span class='ocrx_word' id='word_1_478' title='bbox 995 3473 1137 3530; x_wconf 84' lang='lat' dir='ltr'>ebriantur</span> <span class='ocrx_word' id='word_1_479' title='bbox 1152 3472 1272 3539; x_wconf 82' lang='lat' dir='ltr'>tristitia,</span> <span class='ocrx_word' id='word_1_480' title='bbox 1288 3473 1455 3530; x_wconf 87' lang='lat' dir='ltr'>inebriamur</span> <span class='ocrx_word' id='word_1_481' title='bbox 1475 3482 1504 3530; x_wconf 91' lang='lat' dir='ltr'>et</span> <span class='ocrx_word' id='word_1_482' title='bbox 1520 3483 1622 3542; x_wconf 89' lang='lat' dir='ltr'>mente,</span> <span class='ocrx_word' id='word_1_483' title='bbox 1643 3474 1794 3530; x_wconf 83' lang='lat' dir='ltr'>excidimus</span> 
     </span>
     <span class='ocr_line' id='line_1_36' title="bbox 149 3561 1792 3648; baseline -0.002 -21"><span class='ocrx_word' id='word_1_484' title='bbox 149 3585 218 3643; x_wconf 74' lang='lat' dir='ltr'>gens</span> <span class='ocrx_word' id='word_1_485' title='bbox 227 3585 311 3625; x_wconf 88' lang='lat' dir='ltr'>unum</span> <span class='ocrx_word' id='word_1_486' title='bbox 325 3584 358 3625; x_wconf 87' lang='lat' dir='ltr'>err</span> <span class='ocrx_word' id='word_1_487' title='bbox 372 3566 520 3639; x_wconf 83' lang='lat' dir='ltr'>discipulis,</span> <span class='ocrx_word' id='word_1_488' title='bbox 535 3566 581 3636; x_wconf 91' lang='lat' dir='ltr'>qui</span> <span class='ocrx_word' id='word_1_489' title='bbox 592 3577 689 3621; x_wconf 87' lang='lat' dir='ltr'>curare</span> <span class='ocrx_word' id='word_1_490' title='bbox 702 3561 801 3628; x_wconf 82' lang='lat' dir='ltr'>ualeat,</span> <span class='ocrx_word' id='word_1_491' title='bbox 815 3562 945 3648; x_wconf 19' lang='lat' dir='ltr'>eoluhtur&#39;</span> <span class='ocrx_word' id='word_1_492' title='bbox 996 3580 1100 3632; x_wconf 90' lang='lat' dir='ltr'>amore,</span> <span class='ocrx_word' id='word_1_493' title='bbox 1115 3566 1343 3636; x_wconf 87' lang='lat' dir='ltr'>concupiscentiis</span> <span class='ocrx_word' id='word_1_494' title='bbox 1353 3575 1381 3620; x_wconf 89' lang='lat' dir='ltr'>et</span> <span class='ocrx_word' id='word_1_495' title='bbox 1394 3582 1463 3621; x_wconf 85' lang='lat' dir='ltr'>rana</span> <span class='ocrx_word' id='word_1_496' title='bbox 1475 3567 1569 3637; x_wconf 79' lang='lat' dir='ltr'>gioria.</span> <span class='ocrx_word' id='word_1_497' title='bbox 1581 3567 1686 3636; x_wconf 85' lang='lat' dir='ltr'>Quarrta</span> <span class='ocrx_word' id='word_1_498' title='bbox 1695 3569 1792 3639; x_wconf 82' lang='lat' dir='ltr'>poeula</span> 
     </span>
     <span class='ocr_line' id='line_1_37' title="bbox 150 3646 1794 3733; baseline -0.003 -10"><span class='ocrx_word' id='word_1_499' title='bbox 150 3649 277 3723; x_wconf 78' lang='lat' dir='ltr'>ministro</span> <span class='ocrx_word' id='word_1_500' title='bbox 291 3681 297 3717; x_wconf 73' lang='grc' dir='ltr'><strong>ι</strong></span> <span class='ocrx_word' id='word_1_501' title='bbox 311 3662 494 3733; x_wconf 83' lang='lat' dir='ltr'>quandovero</span> <span class='ocrx_word' id='word_1_502' title='bbox 507 3656 672 3714; x_wconf 83' lang='lat' dir='ltr'>insanabiles</span> <span class='ocrx_word' id='word_1_503' title='bbox 688 3655 774 3728; x_wconf 77' lang='lat' dir='ltr'>piapen</span> <span class='ocrx_word' id='word_1_504' title='bbox 784 3664 859 3728; x_wconf 76' lang='lat' dir='ltr'>punt,</span> <span class='ocrx_word' id='word_1_505' title='bbox 874 3666 902 3712; x_wconf 88' lang='lat' dir='ltr'>et</span> <span class='ocrx_word' id='word_1_506' title='bbox 916 3655 943 3711; x_wconf 90' lang='lat' dir='ltr'>io</span> <span class='ocrx_word' id='word_1_507' title='bbox 996 3658 1199 3729; x_wconf 75' lang='lat' dir='ltr'>temperaverit,</span> <span class='ocrx_word' id='word_1_508' title='bbox 1213 3668 1279 3729; x_wconf 84' lang='lat' dir='ltr'>quot</span> <span class='ocrx_word' id='word_1_509' title='bbox 1294 3646 1435 3714; x_wconf 76' lang='lat' dir='ltr'>ebrietatis</span> <span class='ocrx_word' id='word_1_510' title='bbox 1445 3662 1599 3729; x_wconf 87' lang='lat' dir='ltr'>porrexerit</span> <span class='ocrx_word' id='word_1_511' title='bbox 1609 3662 1717 3728; x_wconf 81' lang='lat' dir='ltr'>calices,</span> <span class='ocrx_word' id='word_1_512' title='bbox 1728 3663 1794 3732; x_wconf 92' lang='lat' dir='ltr'>qnid</span> 
     </span>
     <span class='ocr_line' id='line_1_38' title="bbox 151 3745 1794 3821; baseline -0.003 -8"><span class='ocrx_word' id='word_1_513' title='bbox 151 3767 275 3813; x_wconf 87' lang='lat' dir='ltr'>entortna</span> <span class='ocrx_word' id='word_1_514' title='bbox 289 3768 371 3812; x_wconf 88' lang='lat' dir='ltr'>carue</span> <span class='ocrx_word' id='word_1_515' title='bbox 388 3745 442 3807; x_wconf 88' lang='lat' dir='ltr'>aba</span> <span class='ocrx_word' id='word_1_516' title='bbox 458 3750 570 3821; x_wconf 86' lang='lat' dir='ltr'>putredo</span> <span class='ocrx_word' id='word_1_517' title='bbox 585 3747 735 3814; x_wconf 83' lang='lat' dir='ltr'>eontaltuit,</span> <span class='ocrx_word' id='word_1_518' title='bbox 755 3754 783 3806; x_wconf 90' lang='grc' dir='ltr'>ει</span> <span class='ocrx_word' id='word_1_519' title='bbox 796 3747 824 3803; x_wconf 89' lang='lat' dir='ltr'>in</span> <span class='ocrx_word' id='word_1_520' title='bbox 840 3756 945 3804; x_wconf 73' lang='lat' dir='ltr'>tanturn</span> <span class='ocrx_word' id='word_1_521' title='bbox 999 3765 1114 3806; x_wconf 89' lang='lat' dir='ltr'>necesse</span> <span class='ocrx_word' id='word_1_522' title='bbox 1127 3758 1169 3812; x_wconf 85' lang='lat' dir='ltr'>est</span> <span class='ocrx_word' id='word_1_523' title='bbox 1184 3751 1292 3806; x_wconf 83' lang='lat' dir='ltr'>dicere?</span> <span class='ocrx_word' id='word_1_524' title='bbox 1309 3749 1406 3806; x_wconf 81' lang='lat' dir='ltr'>‹Caiix</span> <span class='ocrx_word' id='word_1_525' title='bbox 1422 3750 1646 3821; x_wconf 76' lang='lat' dir='ltr'>arreusoaurton</span> <span class='ocrx_word' id='word_1_526' title='bbox 1656 3751 1794 3808; x_wconf 86' lang='lat' dir='ltr'>inebrians</span> 
     </span>
     <span class='ocr_line' id='line_1_39' title="bbox 152 3838 1793 3915; baseline -0.004 -9"><span class='ocrx_word' id='word_1_527' title='bbox 152 3849 224 3905; x_wconf 89' lang='lat' dir='ltr'>maia</span> <span class='ocrx_word' id='word_1_528' title='bbox 235 3847 354 3903; x_wconf 78' lang='lat' dir='ltr'>valitudo</span> <span class='ocrx_word' id='word_1_529' title='bbox 363 3851 416 3907; x_wconf 80' lang='lat' dir='ltr'>est,</span> <span class='ocrx_word' id='word_1_530' title='bbox 428 3851 459 3898; x_wconf 88' lang='lat' dir='ltr'>ut</span> <span class='ocrx_word' id='word_1_531' title='bbox 471 3856 525 3899; x_wconf 91' lang='lat' dir='ltr'>non</span> <span class='ocrx_word' id='word_1_532' title='bbox 537 3840 618 3906; x_wconf 82' lang='lat' dir='ltr'>serti,</span> <span class='ocrx_word' id='word_1_533' title='bbox 630 3839 673 3894; x_wconf 85' lang='lat' dir='ltr'>rei</span> <span class='ocrx_word' id='word_1_534' title='bbox 686 3838 820 3911; x_wconf 88' lang='lat' dir='ltr'>discipuli,</span> <span class='ocrx_word' id='word_1_535' title='bbox 833 3841 879 3909; x_wconf 89' lang='lat' dir='ltr'>qni</span> <span class='ocrx_word' id='word_1_536' title='bbox 887 3840 944 3910; x_wconf 78' lang='lat' dir='ltr'>jam</span> <span class='ocrx_word' id='word_1_537' title='bbox 995 3857 1105 3899; x_wconf 89' lang='lat' dir='ltr'>omnem</span> <span class='ocrx_word' id='word_1_538' title='bbox 1114 3852 1227 3898; x_wconf 84' lang='lat' dir='ltr'>terram.</span> <span class='ocrx_word' id='word_1_539' title='bbox 1239 3862 1249 3895; x_wconf 85' lang='lat' dir='ltr'>r</span> <span class='ocrx_word' id='word_1_540' title='bbox 1260 3843 1453 3900; x_wconf 74' lang='lat' dir='ltr'>animadverte</span> <span class='ocrx_word' id='word_1_541' title='bbox 1461 3859 1568 3899; x_wconf 90' lang='lat' dir='ltr'>omnem</span> <span class='ocrx_word' id='word_1_542' title='bbox 1577 3851 1677 3899; x_wconf 89' lang='lat' dir='ltr'>terram</span> <span class='ocrx_word' id='word_1_543' title='bbox 1686 3845 1793 3915; x_wconf 86' lang='lat' dir='ltr'>plenam</span> 
     </span>
     <span class='ocr_line' id='line_1_40' title="bbox 83 3932 1792 4015; baseline -0.001 -19"><span class='ocrx_word' id='word_1_544' title='bbox 83 3934 89 3946; x_wconf 79' lang='grc'><em>“</em></span> <span class='ocrx_word' id='word_1_545' title='bbox 149 3955 236 4015; x_wconf 87' lang='lat' dir='ltr'>prope</span> <span class='ocrx_word' id='word_1_546' title='bbox 247 3953 310 3995; x_wconf 82' lang='lat' dir='ltr'>eunt</span> <span class='ocrx_word' id='word_1_547' title='bbox 320 3952 369 4008; x_wconf 85' lang='lat' dir='ltr'>per</span> <span class='ocrx_word' id='word_1_548' title='bbox 381 3935 522 3992; x_wconf 82' lang='lat' dir='ltr'>seientiam</span> <span class='ocrx_word' id='word_1_549' title='bbox 533 3933 600 3990; x_wconf 90' lang='lat' dir='ltr'>artis</span> <span class='ocrx_word' id='word_1_550' title='bbox 609 3932 945 4002; x_wconf 75' lang='lat' dir='ltr'>emerseruntsedtpsias</span> <span class='ocrx_word' id='word_1_551' title='bbox 995 3949 1056 3991; x_wconf 88' lang='lat' dir='ltr'>esse</span> <span class='ocrx_word' id='word_1_552' title='bbox 1070 3935 1198 4005; x_wconf 89' lang='lat' dir='ltr'>pcccatis,</span> <span class='ocrx_word' id='word_1_553' title='bbox 1213 3942 1240 3990; x_wconf 94' lang='lat' dir='ltr'>et</span> <span class='ocrx_word' id='word_1_554' title='bbox 1253 3949 1307 3991; x_wconf 92' lang='lat' dir='ltr'>non</span> <span class='ocrx_word' id='word_1_555' title='bbox 1326 3950 1431 4005; x_wconf 75' lang='lat' dir='ltr'>quares</span> <span class='ocrx_word' id='word_1_556' title='bbox 1444 3935 1579 4005; x_wconf 84' lang='lat' dir='ltr'>quonmdo</span> <span class='ocrx_word' id='word_1_557' title='bbox 1594 3936 1712 4008; x_wconf 79' lang='lat' dir='ltr'>Babylon</span> <span class='ocrx_word' id='word_1_558' title='bbox 1731 3954 1792 3994; x_wconf 83' lang='lat' dir='ltr'>om·</span> 
     </span>
     <span class='ocr_line' id='line_1_41' title="bbox 151 4024 1791 4103; baseline -0.001 -17"><span class='ocrx_word' id='word_1_559' title='bbox 151 4030 275 4103; x_wconf 71' lang='lat' dir='ltr'>magistri</span> <span class='ocrx_word' id='word_1_560' title='bbox 289 4029 414 4086; x_wconf 81' lang='lat' dir='ltr'>mandras</span> <span class='ocrx_word' id='word_1_561' title='bbox 432 4027 561 4097; x_wconf 70' lang='lat' dir='ltr'>indigeat,</span> <span class='ocrx_word' id='word_1_562' title='bbox 586 4033 650 4082; x_wconf 91' lang='lat' dir='ltr'>tune</span> <span class='ocrx_word' id='word_1_563' title='bbox 665 4024 723 4097; x_wconf 87' lang='lat' dir='ltr'>ipse</span> <span class='ocrx_word' id='word_1_564' title='bbox 747 4026 871 4080; x_wconf 86' lang='lat' dir='ltr'>manibus</span> <span class='ocrx_word' id='word_1_565' title='bbox 887 4037 946 4081; x_wconf 78' lang='lat' dir='ltr'>me·</span> <span class='ocrx_word' id='word_1_566' title='bbox 996 4033 1171 4081; x_wconf 86' lang='lat' dir='ltr'>nemterram</span> <span class='ocrx_word' id='word_1_567' title='bbox 1187 4025 1434 4093; x_wconf 84' lang='lat' dir='ltr'>inebriarerit,sed</span> <span class='ocrx_word' id='word_1_568' title='bbox 1450 4026 1474 4082; x_wconf 81' lang='lat' dir='ltr'>si</span> <span class='ocrx_word' id='word_1_569' title='bbox 1488 4025 1558 4082; x_wconf 90' lang='lat' dir='ltr'>iorte</span> <span class='ocrx_word' id='word_1_570' title='bbox 1572 4027 1674 4084; x_wconf 85' lang='lat' dir='ltr'>rideris</span> <span class='ocrx_word' id='word_1_571' title='bbox 1688 4028 1791 4098; x_wconf 80' lang='lat' dir='ltr'>jtrstnnr&#39;</span> 
     </span>
     <span class='ocr_line' id='line_1_42' title="bbox 150 4113 1792 4192; baseline -0.002 -13"><span class='ocrx_word' id='word_1_572' title='bbox 150 4118 518 4192; x_wconf 81' lang='lat' dir='ltr'>dieusprncinetnsiumbos</span> <span class='ocrx_word' id='word_1_573' title='bbox 532 4117 726 4173; x_wconf 79' lang='lat' dir='ltr'>adsertionem</span> <span class='ocrx_word' id='word_1_574' title='bbox 740 4114 872 4172; x_wconf 85' lang='lat' dir='ltr'>teterrimi</span> <span class='ocrx_word' id='word_1_575' title='bbox 888 4115 946 4171; x_wconf 84' lang='lat' dir='ltr'>rot-</span> <span class='ocrx_word' id='word_1_576' title='bbox 996 4113 1101 4169; x_wconf 89' lang='lat' dir='ltr'>ebrium</span> <span class='ocrx_word' id='word_1_577' title='bbox 1116 4131 1168 4174; x_wconf 87' lang='lat' dir='ltr'>non</span> <span class='ocrx_word' id='word_1_578' title='bbox 1182 4131 1243 4172; x_wconf 76' lang='lat' dir='ltr'>esse</span> <span class='ocrx_word' id='word_1_579' title='bbox 1258 4118 1291 4172; x_wconf 91' lang='lat' dir='ltr'>de</span> <span class='ocrx_word' id='word_1_580' title='bbox 1311 4117 1398 4173; x_wconf 85' lang='lat' dir='ltr'>calice</span> <span class='ocrx_word' id='word_1_581' title='bbox 1414 4127 1598 4190; x_wconf 80' lang='lat' dir='ltr'>peecatorum,</span> <span class='ocrx_word' id='word_1_582' title='bbox 1619 4119 1674 4174; x_wconf 91' lang='lat' dir='ltr'>noli</span> <span class='ocrx_word' id='word_1_583' title='bbox 1696 4128 1792 4190; x_wconf 87' lang='lat' dir='ltr'>putare</span> 
     </span>
     <span class='ocr_line' id='line_1_43' title="bbox 152 4206 1792 4288; baseline 0 -22"><span class='ocrx_word' id='word_1_584' title='bbox 152 4213 228 4268; x_wconf 86' lang='lat' dir='ltr'>neris</span> <span class='ocrx_word' id='word_1_585' title='bbox 242 4211 403 4267; x_wconf 91' lang='lat' dir='ltr'>concitatur.</span> <span class='ocrx_word' id='word_1_586' title='bbox 433 4207 672 4278; x_wconf 85' lang='lat' dir='ltr'>Sirniiiteritaqne</span> <span class='ocrx_word' id='word_1_587' title='bbox 687 4207 795 4277; x_wconf 88' lang='lat' dir='ltr'>quartdo</span> <span class='ocrx_word' id='word_1_588' title='bbox 810 4213 874 4264; x_wconf 85' lang='lat' dir='ltr'>sunt</span> <span class='ocrx_word' id='word_1_589' title='bbox 891 4207 944 4262; x_wconf 90' lang='lat' dir='ltr'>mi·</span> <span class='ocrx_word' id='word_1_590' title='bbox 997 4206 1161 4278; x_wconf 83' lang='lat' dir='ltr'>scripturam</span> <span class='ocrx_word' id='word_1_591' title='bbox 1183 4223 1244 4265; x_wconf 86' lang='lat' dir='ltr'>esse</span> <span class='ocrx_word' id='word_1_592' title='bbox 1268 4213 1410 4288; x_wconf 80' lang='lat' dir='ltr'>mentitam</span> <span class='ocrx_word' id='word_1_593' title='bbox 1438 4224 1498 4280; x_wconf 78' lang='lat' dir='ltr'>qua</span> <span class='ocrx_word' id='word_1_594' title='bbox 1518 4210 1792 4267; x_wconf 79' lang='lat' dir='ltr'>dixeritzinebrians</span> 
     </span>
     <span class='ocr_line' id='line_1_44' title="bbox 152 4297 1791 4375; baseline 0.001 -17"><span class='ocrx_word' id='word_1_595' title='bbox 152 4317 223 4359; x_wconf 83' lang='lat' dir='ltr'>nora</span> <span class='ocrx_word' id='word_1_596' title='bbox 243 4310 366 4372; x_wconf 88' lang='lat' dir='ltr'>peecata,</span> <span class='ocrx_word' id='word_1_597' title='bbox 381 4314 434 4356; x_wconf 82' lang='lat' dir='ltr'>nou</span> <span class='ocrx_word' id='word_1_598' title='bbox 455 4298 573 4355; x_wconf 90' lang='lat' dir='ltr'>restituit</span> <span class='ocrx_word' id='word_1_599' title='bbox 588 4298 661 4354; x_wconf 88' lang='lat' dir='ltr'>ileos</span> <span class='ocrx_word' id='word_1_600' title='bbox 681 4298 739 4368; x_wconf 85' lang='lat' dir='ltr'>ipse</span> <span class='ocrx_word' id='word_1_601' title='bbox 758 4297 944 4367; x_wconf 78' lang='lat' dir='ltr'>pereundam.</span> <span class='ocrx_word' id='word_1_602' title='bbox 997 4313 1105 4356; x_wconf 87' lang='lat' dir='ltr'>omnem</span> <span class='ocrx_word' id='word_1_603' title='bbox 1117 4307 1228 4365; x_wconf 86' lang='lat' dir='ltr'>terram,</span> <span class='ocrx_word' id='word_1_604' title='bbox 1246 4302 1369 4357; x_wconf 79' lang='lat' dir='ltr'>comisto</span> <span class='ocrx_word' id='word_1_605' title='bbox 1383 4317 1436 4358; x_wconf 91' lang='lat' dir='ltr'>non</span> <span class='ocrx_word' id='word_1_606' title='bbox 1453 4302 1628 4364; x_wconf 83' lang='lat' dir='ltr'>inebriatura</span> <span class='ocrx_word' id='word_1_607' title='bbox 1645 4302 1791 4375; x_wconf 78' lang='lat' dir='ltr'>babylone,</span> 
     </span>
     <span class='ocr_line' id='line_1_45' title="bbox 152 4389 1791 4465; baseline 0.003 -16"><span class='ocrx_word' id='word_1_608' title='bbox 152 4391 515 4450; x_wconf 83' lang='lat' dir='ltr'>sodaiiisntiturministris:</span> <span class='ocrx_word' id='word_1_609' title='bbox 529 4389 709 4460; x_wconf 78' lang='lat' dir='ltr'>quandovero</span> <span class='ocrx_word' id='word_1_610' title='bbox 719 4390 873 4460; x_wconf 88' lang='lat' dir='ltr'>permerita</span> <span class='ocrx_word' id='word_1_611' title='bbox 885 4399 944 4455; x_wconf 78' lang='lat' dir='ltr'>sna,</span> <span class='ocrx_word' id='word_1_612' title='bbox 998 4400 1128 4452; x_wconf 79' lang='lat' dir='ltr'>ettamen</span> <span class='ocrx_word' id='word_1_613' title='bbox 1147 4393 1279 4449; x_wconf 87' lang='lat' dir='ltr'>consistat</span> <span class='ocrx_word' id='word_1_614' title='bbox 1301 4395 1327 4449; x_wconf 91' lang='lat' dir='ltr'>in</span> <span class='ocrx_word' id='word_1_615' title='bbox 1350 4403 1431 4449; x_wconf 88' lang='lat' dir='ltr'>terra.</span> <span class='ocrx_word' id='word_1_616' title='bbox 1445 4395 1514 4451; x_wconf 81' lang='lat' dir='ltr'>dudi</span> <span class='ocrx_word' id='word_1_617' title='bbox 1539 4395 1602 4464; x_wconf 88' lang='lat' dir='ltr'>quia</span> <span class='ocrx_word' id='word_1_618' title='bbox 1624 4394 1716 4465; x_wconf 78' lang='lat' dir='ltr'>iustus</span> <span class='ocrx_word' id='word_1_619' title='bbox 1737 4413 1791 4454; x_wconf 91' lang='lat' dir='ltr'>non</span> 
     </span>
     <span class='ocr_line' id='line_1_46' title="bbox 151 4479 1793 4572; baseline 0.004 -31"><span class='ocrx_word' id='word_1_620' title='bbox 151 4487 248 4557; x_wconf 72' lang='lat' dir='ltr'>ingens</span> <span class='ocrx_word' id='word_1_621' title='bbox 262 4484 399 4540; x_wconf 85' lang='lat' dir='ltr'>hominem</span> <span class='ocrx_word' id='word_1_622' title='bbox 415 4482 546 4551; x_wconf 77' lang='lat' dir='ltr'>agritudo</span> <span class='ocrx_word' id='word_1_623' title='bbox 566 4479 810 4551; x_wconf 82' lang='lat' dir='ltr'>comprehenderit,</span> <span class='ocrx_word' id='word_1_624' title='bbox 823 4491 855 4536; x_wconf 92' lang='lat' dir='ltr'>ut</span> <span class='ocrx_word' id='word_1_625' title='bbox 874 4497 947 4538; x_wconf 92' lang='lat' dir='ltr'>nune</span> <span class='ocrx_word' id='word_1_626' title='bbox 958 4497 987 4572; x_wconf 72' lang='lat' dir='ltr'>D·</span> <span class='ocrx_word' id='word_1_627' title='bbox 999 4484 1036 4538; x_wconf 89' lang='lat' dir='ltr'>sit</span> <span class='ocrx_word' id='word_1_628' title='bbox 1059 4484 1086 4537; x_wconf 93' lang='lat' dir='ltr'>in</span> <span class='ocrx_word' id='word_1_629' title='bbox 1113 4492 1209 4540; x_wconf 87' lang='lat' dir='ltr'>terra:</span> <span class='ocrx_word' id='word_1_630' title='bbox 1233 4484 1348 4540; x_wconf 85' lang='lat' dir='ltr'>Omnem</span> <span class='ocrx_word' id='word_1_631' title='bbox 1377 4496 1475 4542; x_wconf 83' lang='lat' dir='ltr'>terrant</span> <span class='ocrx_word' id='word_1_632' title='bbox 1503 4488 1619 4544; x_wconf 85' lang='lat' dir='ltr'>inebriat</span> <span class='ocrx_word' id='word_1_633' title='bbox 1646 4490 1716 4546; x_wconf 83' lang='lat' dir='ltr'>caiis</span> <span class='ocrx_word' id='word_1_634' title='bbox 1741 4492 1793 4547; x_wconf 88' lang='lat' dir='ltr'>iste</span> 
     </span>
     <span class='ocr_line' id='line_1_47' title="bbox 150 4570 1793 4649; baseline 0.006 -18"><span class='ocrx_word' id='word_1_635' title='bbox 150 4574 315 4646; x_wconf 82' lang='lat' dir='ltr'>iluiqionem</span> <span class='ocrx_word' id='word_1_636' title='bbox 337 4588 397 4647; x_wconf 80' lang='lat' dir='ltr'>quae</span> <span class='ocrx_word' id='word_1_637' title='bbox 416 4572 544 4645; x_wconf 77' lang='lat' dir='ltr'>gravibus</span> <span class='ocrx_word' id='word_1_638' title='bbox 561 4572 678 4642; x_wconf 78' lang='lat' dir='ltr'>propria</span> <span class='ocrx_word' id='word_1_639' title='bbox 697 4570 806 4626; x_wconf 78' lang='lat' dir='ltr'>muntia</span> <span class='ocrx_word' id='word_1_640' title='bbox 820 4578 863 4626; x_wconf 87' lang='lat' dir='ltr'>est</span> <span class='ocrx_word' id='word_1_641' title='bbox 881 4586 946 4628; x_wconf 88' lang='lat' dir='ltr'>eou-</span> <span class='ocrx_word' id='word_1_642' title='bbox 1000 4591 1109 4632; x_wconf 85' lang='lat' dir='ltr'>aureus.</span> <span class='ocrx_word' id='word_1_643' title='bbox 1123 4576 1218 4633; x_wconf 78' lang='lat' dir='ltr'>iustus</span> <span class='ocrx_word' id='word_1_644' title='bbox 1231 4592 1296 4636; x_wconf 84' lang='lat' dir='ltr'>roro</span> <span class='ocrx_word' id='word_1_645' title='bbox 1309 4593 1371 4633; x_wconf 85' lang='lat' dir='ltr'>curn</span> <span class='ocrx_word' id='word_1_646' title='bbox 1386 4580 1421 4636; x_wconf 88' lang='lat' dir='ltr'>sit</span> <span class='ocrx_word' id='word_1_647' title='bbox 1433 4587 1636 4649; x_wconf 85' lang='lat' dir='ltr'>superterram,</span> <span class='ocrx_word' id='word_1_648' title='bbox 1650 4597 1793 4641; x_wconf 81' lang='lat' dir='ltr'>eonversa-</span> 
     </span>
     <span class='ocr_line' id='line_1_48' title="bbox 153 4660 1793 4741; baseline -0.003 -9"><span class='ocrx_word' id='word_1_649' title='bbox 153 4665 409 4730; x_wconf 71' lang='lat' dir='ltr'>taeterrimorum,</span> <span class='ocrx_word' id='word_1_650' title='bbox 432 4672 496 4719; x_wconf 76' lang='lat' dir='ltr'>bne</span> <span class='ocrx_word' id='word_1_651' title='bbox 517 4661 552 4717; x_wconf 82' lang='lat' dir='ltr'>aa</span> <span class='ocrx_word' id='word_1_652' title='bbox 572 4660 775 4720; x_wconf 64' lang='lat' dir='ltr'>resitutionem</span> <span class='ocrx_word' id='word_1_653' title='bbox 795 4662 867 4717; x_wconf 75' lang='lat' dir='ltr'>neus</span> <span class='ocrx_word' id='word_1_654' title='bbox 889 4662 947 4732; x_wconf 76' lang='lat' dir='ltr'>inse</span> <span class='ocrx_word' id='word_1_655' title='bbox 999 4667 1102 4723; x_wconf 80' lang='lat' dir='ltr'>tionem</span> <span class='ocrx_word' id='word_1_656' title='bbox 1116 4668 1143 4723; x_wconf 84' lang='lat' dir='ltr'>nr</span> <span class='ocrx_word' id='word_1_657' title='bbox 1158 4667 1235 4723; x_wconf 80' lang='lat' dir='ltr'>cato</span> <span class='ocrx_word' id='word_1_658' title='bbox 1247 4668 1338 4733; x_wconf 78' lang='lat' dir='ltr'>trater,</span> <span class='ocrx_word' id='word_1_659' title='bbox 1354 4677 1382 4724; x_wconf 83' lang='lat' dir='ltr'>er</span> <span class='ocrx_word' id='word_1_660' title='bbox 1404 4671 1647 4741; x_wconf 69' lang='lat' dir='ltr'>proportionata</span> <span class='ocrx_word' id='word_1_661' title='bbox 1665 4676 1793 4730; x_wconf 53' lang='lat' dir='ltr'>coniveret</span> 
     </span>
     <span class='ocr_line' id='line_1_49' title="bbox 152 4748 1791 4829; baseline 0.005 -20"><span class='ocrx_word' id='word_1_662' title='bbox 152 4754 275 4810; x_wconf 75' lang='lat' dir='ltr'>destinat.</span> <span class='ocrx_word' id='word_1_663' title='bbox 288 4751 382 4810; x_wconf 82' lang='lat' dir='ltr'>Simile</span> <span class='ocrx_word' id='word_1_664' title='bbox 391 4750 521 4822; x_wconf 88' lang='lat' dir='ltr'>quiddam</span> <span class='ocrx_word' id='word_1_665' title='bbox 533 4748 597 4805; x_wconf 92' lang='lat' dir='ltr'>buic</span> <span class='ocrx_word' id='word_1_666' title='bbox 614 4748 908 4818; x_wconf 40' lang='lat' dir='ltr'>sirequiris,‡inretsies</span> <span class='ocrx_word' id='word_1_667' title='bbox 919 4760 947 4808; x_wconf 88' lang='grc' dir='ltr'>ει</span> <span class='ocrx_word' id='word_1_668' title='bbox 999 4758 1114 4815; x_wconf 81' lang='lat' dir='ltr'>ulterius</span> <span class='ocrx_word' id='word_1_669' title='bbox 1133 4758 1209 4829; x_wconf 82' lang='lat' dir='ltr'>josto</span> <span class='ocrx_word' id='word_1_670' title='bbox 1230 4759 1305 4816; x_wconf 92' lang='lat' dir='ltr'>diei:</span> <span class='ocrx_word' id='word_1_671' title='bbox 1325 4762 1433 4817; x_wconf 71' lang='lat' dir='ltr'>«Terra</span> <span class='ocrx_word' id='word_1_672' title='bbox 1457 4776 1499 4824; x_wconf 82' lang='lat' dir='ltr'>es,</span> <span class='ocrx_word' id='word_1_673' title='bbox 1518 4771 1546 4818; x_wconf 89' lang='lat' dir='ltr'>et</span> <span class='ocrx_word' id='word_1_674' title='bbox 1573 4763 1716 4820; x_wconf 86' lang='lat' dir='ltr'>interram</span> <span class='ocrx_word' id='word_1_675' title='bbox 1738 4765 1791 4820; x_wconf 89' lang='lat' dir='ltr'>ibis</span> 
     </span>
     <span class='ocr_line' id='line_1_50' title="bbox 151 4844 1790 4925; baseline 0.003 -21"><span class='ocrx_word' id='word_1_676' title='bbox 151 4850 188 4904; x_wconf 88' lang='lat' dir='ltr'>de</span> <span class='ocrx_word' id='word_1_677' title='bbox 205 4845 382 4912; x_wconf 84' lang='lat' dir='ltr'>iiiemsaiem,</span> <span class='ocrx_word' id='word_1_678' title='bbox 395 4845 492 4916; x_wconf 88' lang='lat' dir='ltr'>quaeei</span> <span class='ocrx_word' id='word_1_679' title='bbox 505 4844 723 4915; x_wconf 73' lang='lat' dir='ltr'>aedmnmpsa</span> <span class='ocrx_word' id='word_1_680' title='bbox 739 4846 895 4916; x_wconf 85' lang='lat' dir='ltr'>propbetas,</span> <span class='ocrx_word' id='word_1_681' title='bbox 910 4844 946 4906; x_wconf 85' lang='lat' dir='ltr'>oh</span> <span class='ocrx_word' id='word_1_682' title='bbox 1000 4847 1077 4923; x_wconf 77' lang='lat' dir='ltr'>(Gerr.</span> <span class='ocrx_word' id='word_1_683' title='bbox 1099 4852 1154 4922; x_wconf 90' lang='lat' dir='ltr'>nt).</span> <span class='ocrx_word' id='word_1_684' title='bbox 1174 4871 1183 4904; x_wconf 82' lang='lat' dir='ltr'>r</span> <span class='ocrx_word' id='word_1_685' title='bbox 1205 4850 1259 4907; x_wconf 85' lang='lat' dir='ltr'>Sed</span> <span class='ocrx_word' id='word_1_686' title='bbox 1281 4852 1304 4907; x_wconf 89' lang='lat' dir='ltr'>si</span> <span class='ocrx_word' id='word_1_687' title='bbox 1333 4861 1444 4909; x_wconf 83' lang='lat' dir='ltr'>necesse</span> <span class='ocrx_word' id='word_1_688' title='bbox 1469 4863 1522 4922; x_wconf 88' lang='lat' dir='ltr'>est,</span> <span class='ocrx_word' id='word_1_689' title='bbox 1544 4856 1676 4913; x_wconf 83' lang='lat' dir='ltr'>audenter</span> <span class='ocrx_word' id='word_1_690' title='bbox 1695 4856 1790 4925; x_wconf 87' lang='lat' dir='ltr'>loqui:</span> 
     </span>
     <span class='ocr_line' id='line_1_51' title="bbox 153 4939 1788 5015; baseline 0 -18"><span class='ocrx_word' id='word_1_691' title='bbox 153 4941 193 5009; x_wconf 91' lang='lat' dir='ltr'>id,</span> <span class='ocrx_word' id='word_1_692' title='bbox 209 4941 409 5012; x_wconf 87' lang='lat' dir='ltr'>quiainsidinta</span> <span class='ocrx_word' id='word_1_693' title='bbox 423 4940 458 4996; x_wconf 92' lang='lat' dir='ltr'>sit</span> <span class='ocrx_word' id='word_1_694' title='bbox 469 4940 588 4997; x_wconf 77' lang='lat' dir='ltr'>Obristo.</span> <span class='ocrx_word' id='word_1_695' title='bbox 948 4986 953 4996; x_wconf 84' lang='grc'><strong><em>,</em></strong></span> <span class='ocrx_word' id='word_1_696' title='bbox 999 4939 1067 4995; x_wconf 88' lang='lat' dir='ltr'>dicit</span> <span class='ocrx_word' id='word_1_697' title='bbox 1076 4939 1151 5011; x_wconf 81' lang='lat' dir='ltr'>justo</span> <span class='ocrx_word' id='word_1_698' title='bbox 1170 4940 1243 4998; x_wconf 79' lang='lat' dir='ltr'>bens</span> <span class='ocrx_word' id='word_1_699' title='bbox 1266 4941 1355 4998; x_wconf 88' lang='lat' dir='ltr'>adhue</span> <span class='ocrx_word' id='word_1_700' title='bbox 1378 4943 1536 5000; x_wconf 89' lang='lat' dir='ltr'>consistenti</span> <span class='ocrx_word' id='word_1_701' title='bbox 1550 4958 1630 5015; x_wconf 86' lang='lat' dir='ltr'>super</span> <span class='ocrx_word' id='word_1_702' title='bbox 1654 4952 1755 5001; x_wconf 85' lang='lat' dir='ltr'>terram</span> <span class='ocrx_word' id='word_1_703' title='bbox 1781 4961 1788 4997; x_wconf 93' lang='lat'>:</span> 
     </span>
    </p>

    <p class='ocr_par' dir='ltr' id='par_1_3' title="bbox 152 5029 1800 5839">
     <span class='ocr_line' id='line_1_52' title="bbox 192 5029 1790 5113; baseline 0.005 -30"><span class='ocrx_word' id='word_1_704' title='bbox 192 5052 202 5083; x_wconf 77' lang='lat' dir='ltr'>t</span> <span class='ocrx_word' id='word_1_705' title='bbox 221 5029 296 5086; x_wconf 84' lang='lat' dir='ltr'>caiis</span> <span class='ocrx_word' id='word_1_706' title='bbox 308 5045 409 5086; x_wconf 85' lang='lat' dir='ltr'>aureus</span> <span class='ocrx_word' id='word_1_707' title='bbox 421 5029 540 5100; x_wconf 78' lang='lat' dir='ltr'>babylon</span> <span class='ocrx_word' id='word_1_708' title='bbox 553 5030 581 5085; x_wconf 92' lang='lat' dir='ltr'>io</span> <span class='ocrx_word' id='word_1_709' title='bbox 591 5045 672 5086; x_wconf 84' lang='lat' dir='ltr'>mmm</span> <span class='ocrx_word' id='word_1_710' title='bbox 682 5031 796 5097; x_wconf 85' lang='lat' dir='ltr'>bomini,</span> <span class='ocrx_word' id='word_1_711' title='bbox 808 5031 946 5088; x_wconf 83' lang='lat' dir='ltr'>inebrians</span> <span class='ocrx_word' id='word_1_712' title='bbox 996 5031 1100 5090; x_wconf 72' lang='lat' dir='ltr'>(italum</span> <span class='ocrx_word' id='word_1_713' title='bbox 1114 5048 1154 5100; x_wconf 86' lang='lat' dir='ltr'>es,</span> <span class='ocrx_word' id='word_1_714' title='bbox 1165 5043 1193 5089; x_wconf 92' lang='lat' dir='ltr'>et</span> <span class='ocrx_word' id='word_1_715' title='bbox 1209 5034 1235 5089; x_wconf 88' lang='lat' dir='ltr'>ia</span> <span class='ocrx_word' id='word_1_716' title='bbox 1248 5035 1348 5091; x_wconf 82' lang='lat' dir='ltr'>coeium</span> <span class='ocrx_word' id='word_1_717' title='bbox 1357 5036 1437 5113; x_wconf 80' lang='lat' dir='ltr'>ibis:</span> <span class='ocrx_word' id='word_1_718' title='bbox 1452 5045 1544 5106; x_wconf 86' lang='lat' dir='ltr'>portat</span> <span class='ocrx_word' id='word_1_719' title='bbox 1557 5035 1629 5092; x_wconf 87' lang='lat' dir='ltr'>cuim</span> <span class='ocrx_word' id='word_1_720' title='bbox 1643 5035 1790 5108; x_wconf 65' lang='lat' dir='ltr'>imaginem</span> 
     </span>
     <span class='ocr_line' id='line_1_53' title="bbox 156 5121 1792 5197; baseline 0.005 -21"><span class='ocrx_word' id='word_1_721' title='bbox 156 5144 165 5176; x_wconf 83' lang='lat' dir='ltr'>r</span> <span class='ocrx_word' id='word_1_722' title='bbox 184 5135 293 5179; x_wconf 81' lang='lat' dir='ltr'>unirent</span> <span class='ocrx_word' id='word_1_723' title='bbox 306 5131 416 5178; x_wconf 79' lang='lat' dir='ltr'>tanam.</span> <span class='ocrx_word' id='word_1_724' title='bbox 432 5121 470 5179; x_wconf 85' lang='lat' dir='ltr'>ile</span> <span class='ocrx_word' id='word_1_725' title='bbox 484 5124 546 5179; x_wconf 83' lang='lat' dir='ltr'>uitro</span> <span class='ocrx_word' id='word_1_726' title='bbox 562 5123 621 5195; x_wconf 73' lang='lat' dir='ltr'>eius</span> <span class='ocrx_word' id='word_1_727' title='bbox 632 5122 760 5180; x_wconf 78' lang='lat' dir='ltr'>biberunt</span> <span class='ocrx_word' id='word_1_728' title='bbox 772 5135 868 5181; x_wconf 80' lang='lat' dir='ltr'>omines</span> <span class='ocrx_word' id='word_1_729' title='bbox 882 5133 947 5197; x_wconf 62' lang='lat' dir='ltr'>peu·</span> <span class='ocrx_word' id='word_1_730' title='bbox 997 5125 1126 5182; x_wconf 86' lang='lat' dir='ltr'>coelestis.</span> <span class='ocrx_word' id='word_1_731' title='bbox 1142 5125 1236 5196; x_wconf 72' lang='lat' dir='ltr'>igitur,</span> <span class='ocrx_word' id='word_1_732' title='bbox 1251 5134 1282 5179; x_wconf 91' lang='lat' dir='ltr'>ut</span> <span class='ocrx_word' id='word_1_733' title='bbox 1292 5126 1463 5192; x_wconf 74' lang='lat' dir='ltr'>concludam,</span> <span class='ocrx_word' id='word_1_734' title='bbox 1478 5126 1548 5182; x_wconf 83' lang='lat' dir='ltr'>calix</span> <span class='ocrx_word' id='word_1_735' title='bbox 1560 5142 1659 5183; x_wconf 89' lang='lat' dir='ltr'>aureus</span> <span class='ocrx_word' id='word_1_736' title='bbox 1673 5127 1792 5184; x_wconf 79' lang='lat' dir='ltr'>inebriet</span> 
     </span>
     <span class='ocr_line' id='line_1_54' title="bbox 155 5215 1789 5294; baseline 0.005 -28"><span class='ocrx_word' id='word_1_737' title='bbox 155 5234 165 5266; x_wconf 85' lang='lat' dir='ltr'>t</span> <span class='ocrx_word' id='word_1_738' title='bbox 185 5226 236 5279; x_wconf 84' lang='lat' dir='ltr'>tes,</span> <span class='ocrx_word' id='word_1_739' title='bbox 249 5224 277 5272; x_wconf 84' lang='grc' dir='ltr'>ει</span> <span class='ocrx_word' id='word_1_740' title='bbox 293 5215 352 5270; x_wconf 83' lang='lat' dir='ltr'>ideo</span> <span class='ocrx_word' id='word_1_741' title='bbox 365 5223 507 5271; x_wconf 73' lang='lat' dir='ltr'>commota</span> <span class='ocrx_word' id='word_1_742' title='bbox 516 5224 578 5272; x_wconf 87' lang='lat' dir='ltr'>sunt</span> <span class='ocrx_word' id='word_1_743' title='bbox 590 5234 597 5272; x_wconf 90' lang='lat'><strong>:</strong></span> <span class='ocrx_word' id='word_1_744' title='bbox 610 5217 700 5273; x_wconf 88' lang='lat' dir='ltr'>subito</span> <span class='ocrx_word' id='word_1_745' title='bbox 714 5217 811 5273; x_wconf 88' lang='lat' dir='ltr'>cecidit</span> <span class='ocrx_word' id='word_1_746' title='bbox 826 5217 946 5294; x_wconf 74' lang='lat' dir='ltr'>Babylon</span> <span class='ocrx_word' id='word_1_747' title='bbox 996 5231 1106 5273; x_wconf 86' lang='lat' dir='ltr'>omnem</span> <span class='ocrx_word' id='word_1_748' title='bbox 1129 5224 1241 5282; x_wconf 86' lang='lat' dir='ltr'>terram,</span> <span class='ocrx_word' id='word_1_749' title='bbox 1268 5216 1294 5270; x_wconf 88' lang='lat' dir='ltr'>id</span> <span class='ocrx_word' id='word_1_750' title='bbox 1317 5225 1360 5272; x_wconf 87' lang='lat' dir='ltr'>est</span> <span class='ocrx_word' id='word_1_751' title='bbox 1381 5230 1476 5272; x_wconf 87' lang='lat' dir='ltr'>omnes</span> <span class='ocrx_word' id='word_1_752' title='bbox 1500 5216 1535 5271; x_wconf 89' lang='lat' dir='ltr'>ab</span> <span class='ocrx_word' id='word_1_753' title='bbox 1555 5231 1589 5272; x_wconf 83' lang='lat' dir='ltr'>eo</span> <span class='ocrx_word' id='word_1_754' title='bbox 1612 5216 1789 5284; x_wconf 78' lang='lat' dir='ltr'>inebriamur,</span> 
     </span>
     <span class='ocr_line' id='line_1_55' title="bbox 156 5303 1789 5381; baseline 0.002 -22"><span class='ocrx_word' id='word_1_755' title='bbox 156 5328 166 5359; x_wconf 81' lang='lat' dir='ltr'>r</span> <span class='ocrx_word' id='word_1_756' title='bbox 184 5317 212 5363; x_wconf 90' lang='lat' dir='ltr'>et</span> <span class='ocrx_word' id='word_1_757' title='bbox 232 5306 348 5362; x_wconf 83' lang='lat' dir='ltr'>contrita</span> <span class='ocrx_word' id='word_1_758' title='bbox 359 5314 411 5363; x_wconf 84' lang='lat' dir='ltr'>est.</span> <span class='ocrx_word' id='word_1_759' title='bbox 435 5325 445 5361; x_wconf 84' lang='lat' dir='ltr'>r</span> <span class='ocrx_word' id='word_1_760' title='bbox 472 5307 571 5381; x_wconf 65' lang='grc' dir='ltr'><strong>(θήρ.)</strong></span> <span class='ocrx_word' id='word_1_761' title='bbox 589 5306 838 5365; x_wconf 79' lang='lat' dir='ltr'>Nabuchodonosor</span> <span class='ocrx_word' id='word_1_762' title='bbox 853 5309 947 5366; x_wconf 73' lang='lat' dir='ltr'>triens</span> <span class='ocrx_word' id='word_1_763' title='bbox 998 5307 1116 5377; x_wconf 83' lang='lat' dir='ltr'>quaudiu</span> <span class='ocrx_word' id='word_1_764' title='bbox 1130 5314 1203 5361; x_wconf 83' lang='lat' dir='ltr'>terra</span> <span class='ocrx_word' id='word_1_765' title='bbox 1214 5321 1318 5361; x_wconf 86' lang='lat' dir='ltr'>snmus.</span> <span class='ocrx_word' id='word_1_766' title='bbox 1336 5323 1346 5356; x_wconf 86' lang='lat' dir='ltr'>t</span> <span class='ocrx_word' id='word_1_767' title='bbox 1361 5305 1456 5362; x_wconf 77' lang='lat' dir='ltr'>brino</span> <span class='ocrx_word' id='word_1_768' title='bbox 1470 5303 1529 5374; x_wconf 83' lang='lat' dir='ltr'>ejus</span> <span class='ocrx_word' id='word_1_769' title='bbox 1540 5305 1666 5361; x_wconf 89' lang='lat' dir='ltr'>biberunt</span> <span class='ocrx_word' id='word_1_770' title='bbox 1678 5314 1789 5377; x_wconf 76' lang='lat' dir='ltr'>penms,</span> 
     </span>
     <span class='ocr_line' id='line_1_56' title="bbox 152 5397 1791 5472; baseline -0.001 -18"><span class='ocrx_word' id='word_1_771' title='bbox 152 5399 280 5468; x_wconf 79' lang='lat' dir='ltr'>‹ietipere</span> <span class='ocrx_word' id='word_1_772' title='bbox 308 5399 431 5454; x_wconf 81' lang='lat' dir='ltr'>homines</span> <span class='ocrx_word' id='word_1_773' title='bbox 452 5413 501 5468; x_wconf 83' lang='lat' dir='ltr'>per</span> <span class='ocrx_word' id='word_1_774' title='bbox 525 5399 637 5456; x_wconf 72' lang='lat' dir='ltr'>calmem</span> <span class='ocrx_word' id='word_1_775' title='bbox 658 5399 945 5472; x_wconf 71' lang='lat' dir='ltr'>babylonisdoiosam,</span> <span class='ocrx_word' id='word_1_776' title='bbox 998 5408 1109 5472; x_wconf 84' lang='lat' dir='ltr'>propter</span> <span class='ocrx_word' id='word_1_777' title='bbox 1123 5401 1174 5456; x_wconf 88' lang='lat' dir='ltr'>boe</span> <span class='ocrx_word' id='word_1_778' title='bbox 1185 5407 1327 5454; x_wconf 76' lang='lat' dir='ltr'>commota</span> <span class='ocrx_word' id='word_1_779' title='bbox 1339 5397 1526 5453; x_wconf 76' lang='lat' dir='ltr'>sontersieut</span> <span class='ocrx_word' id='word_1_780' title='bbox 1540 5397 1567 5451; x_wconf 90' lang='lat' dir='ltr'>in</span> <span class='ocrx_word' id='word_1_781' title='bbox 1582 5397 1624 5453; x_wconf 88' lang='lat' dir='ltr'>bis</span> <span class='ocrx_word' id='word_1_782' title='bbox 1634 5397 1681 5468; x_wconf 86' lang='lat' dir='ltr'>qui</span> <span class='ocrx_word' id='word_1_783' title='bbox 1695 5397 1791 5455; x_wconf 90' lang='lat' dir='ltr'>bibunt</span> 
     </span>
     <span class='ocr_line' id='line_1_57' title="bbox 152 5487 1800 5562; baseline -0.001 -18"><span class='ocrx_word' id='word_1_784' title='bbox 152 5501 208 5545; x_wconf 88' lang='lat' dir='ltr'>non</span> <span class='ocrx_word' id='word_1_785' title='bbox 219 5489 368 5545; x_wconf 78' lang='lat' dir='ltr'>miseritis</span> <span class='ocrx_word' id='word_1_786' title='bbox 381 5501 445 5545; x_wconf 80' lang='lat' dir='ltr'>ruse</span> <span class='ocrx_word' id='word_1_787' title='bbox 459 5489 545 5554; x_wconf 78' lang='lat' dir='ltr'>bethi,</span> <span class='ocrx_word' id='word_1_788' title='bbox 559 5501 646 5561; x_wconf 85' lang='lat' dir='ltr'>quam·</span> <span class='ocrx_word' id='word_1_789' title='bbox 656 5490 769 5562; x_wconf 86' lang='lat' dir='ltr'>parabat</span> <span class='ocrx_word' id='word_1_790' title='bbox 787 5492 947 5562; x_wconf 85' lang='lat' dir='ltr'>potionem,</span> <span class='ocrx_word' id='word_1_791' title='bbox 998 5491 1082 5546; x_wconf 89' lang='lat' dir='ltr'>istum</span> <span class='ocrx_word' id='word_1_792' title='bbox 1094 5490 1139 5560; x_wconf 91' lang='lat' dir='ltr'>qui</span> <span class='ocrx_word' id='word_1_793' title='bbox 1160 5490 1187 5544; x_wconf 91' lang='lat' dir='ltr'>iu</span> <span class='ocrx_word' id='word_1_794' title='bbox 1200 5505 1251 5544; x_wconf 87' lang='lat' dir='ltr'>usn</span> <span class='ocrx_word' id='word_1_795' title='bbox 1268 5499 1310 5544; x_wconf 88' lang='lat' dir='ltr'>est</span> <span class='ocrx_word' id='word_1_796' title='bbox 1319 5489 1375 5544; x_wconf 83' lang='lat' dir='ltr'>vini</span> <span class='ocrx_word' id='word_1_797' title='bbox 1390 5489 1533 5557; x_wconf 83' lang='lat' dir='ltr'>bquoretu,</span> <span class='ocrx_word' id='word_1_798' title='bbox 1546 5488 1570 5543; x_wconf 88' lang='lat' dir='ltr'>si</span> <span class='ocrx_word' id='word_1_799' title='bbox 1582 5502 1664 5557; x_wconf 87' lang='lat' dir='ltr'>super</span> <span class='ocrx_word' id='word_1_800' title='bbox 1676 5487 1749 5544; x_wconf 89' lang='lat' dir='ltr'>sitim</span> <span class='ocrx_word' id='word_1_801' title='bbox 1763 5498 1800 5544; x_wconf 59' lang='lat' dir='ltr'>et*</span> 
     </span>
     <span class='ocr_line' id='line_1_58' title="bbox 153 5576 1791 5655; baseline -0.001 -19"><span class='ocrx_word' id='word_1_802' title='bbox 153 5580 204 5636; x_wconf 82' lang='lat' dir='ltr'>sed</span> <span class='ocrx_word' id='word_1_803' title='bbox 216 5587 303 5650; x_wconf 82' lang='lat' dir='ltr'>neque</span> <span class='ocrx_word' id='word_1_804' title='bbox 328 5580 354 5634; x_wconf 93' lang='lat' dir='ltr'>in</span> <span class='ocrx_word' id='word_1_805' title='bbox 375 5579 512 5650; x_wconf 84' lang='lat' dir='ltr'>paululum</span> <span class='ocrx_word' id='word_1_806' title='bbox 533 5581 657 5649; x_wconf 88' lang='lat' dir='ltr'>meliore,</span> <span class='ocrx_word' id='word_1_807' title='bbox 672 5581 762 5639; x_wconf 78' lang='lat' dir='ltr'>ferreo</span> <span class='ocrx_word' id='word_1_808' title='bbox 781 5584 893 5650; x_wconf 90' lang='lat' dir='ltr'>scilieet,</span> <span class='ocrx_word' id='word_1_809' title='bbox 917 5593 951 5640; x_wconf 83' lang='lat' dir='ltr'>et</span> <span class='ocrx_word' id='word_1_810' title='bbox 999 5594 1255 5655; x_wconf 79' lang='lat' dir='ltr'>supermemorato</span> <span class='ocrx_word' id='word_1_811' title='bbox 1275 5579 1393 5636; x_wconf 86' lang='lat' dir='ltr'>biberint</span> <span class='ocrx_word' id='word_1_812' title='bbox 1414 5596 1422 5632; x_wconf 74' lang='grc' dir='ltr'><strong>ε</strong></span> <span class='ocrx_word' id='word_1_813' title='bbox 1443 5577 1566 5634; x_wconf 84' lang='lat' dir='ltr'>ridemus</span> <span class='ocrx_word' id='word_1_814' title='bbox 1580 5577 1649 5634; x_wconf 90' lang='lat' dir='ltr'>ebrii</span> <span class='ocrx_word' id='word_1_815' title='bbox 1669 5576 1791 5649; x_wconf 83' lang='lat' dir='ltr'>corporis</span> 
     </span>
     <span class='ocr_line' id='line_1_59' title="bbox 152 5671 1791 5749; baseline 0.001 -23"><span class='ocrx_word' id='word_1_816' title='bbox 152 5687 229 5728; x_wconf 74' lang='lat' dir='ltr'>:ereo</span> <span class='ocrx_word' id='word_1_817' title='bbox 239 5686 314 5736; x_wconf 81' lang='lat' dir='ltr'>vase,</span> <span class='ocrx_word' id='word_1_818' title='bbox 330 5671 372 5726; x_wconf 85' lang='lat' dir='ltr'>rel</span> <span class='ocrx_word' id='word_1_819' title='bbox 386 5679 510 5737; x_wconf 69' lang='lat' dir='ltr'>stramen,</span> <span class='ocrx_word' id='word_1_820' title='bbox 520 5681 548 5726; x_wconf 89' lang='lat' dir='ltr'>et</span> <span class='ocrx_word' id='word_1_821' title='bbox 556 5675 631 5745; x_wconf 87' lang='lat' dir='ltr'>qttod</span> <span class='ocrx_word' id='word_1_822' title='bbox 646 5674 696 5730; x_wconf 86' lang='lat' dir='ltr'>ista</span> <span class='ocrx_word' id='word_1_823' title='bbox 708 5675 838 5744; x_wconf 83' lang='lat' dir='ltr'>praeeeiiit</span> <span class='ocrx_word' id='word_1_824' title='bbox 849 5693 948 5749; x_wconf 66' lang='lat' dir='ltr'>orgen«</span> <span class='ocrx_word' id='word_1_825' title='bbox 1000 5684 1114 5743; x_wconf 88' lang='lat' dir='ltr'>motum,</span> <span class='ocrx_word' id='word_1_826' title='bbox 1125 5674 1282 5731; x_wconf 84' lang='lat' dir='ltr'>vacillantes</span> <span class='ocrx_word' id='word_1_827' title='bbox 1293 5675 1385 5745; x_wconf 89' lang='lat' dir='ltr'>pedes,</span> <span class='ocrx_word' id='word_1_828' title='bbox 1397 5677 1478 5739; x_wconf 87' lang='lat' dir='ltr'>eaput</span> <span class='ocrx_word' id='word_1_829' title='bbox 1492 5686 1525 5727; x_wconf 84' lang='lat' dir='ltr'>ae</span> <span class='ocrx_word' id='word_1_830' title='bbox 1539 5679 1660 5742; x_wconf 87' lang='lat' dir='ltr'>tempora</span> <span class='ocrx_word' id='word_1_831' title='bbox 1675 5681 1791 5742; x_wconf 67' lang='lat' dir='ltr'>pragen⁸</span> 
     </span>
     <span class='ocr_line' id='line_1_60' title="bbox 164 5762 1790 5839; baseline -0.002 -19"><span class='ocrx_word' id='word_1_832' title='bbox 164 5778 224 5820; x_wconf 89' lang='lat' dir='ltr'>eo:</span> <span class='ocrx_word' id='word_1_833' title='bbox 247 5778 341 5819; x_wconf 87' lang='lat' dir='ltr'>rerum</span> <span class='ocrx_word' id='word_1_834' title='bbox 367 5763 469 5833; x_wconf 71' lang='lat' dir='ltr'>eligens</span> <span class='ocrx_word' id='word_1_835' title='bbox 494 5778 543 5819; x_wconf 88' lang='lat' dir='ltr'>ras</span> <span class='ocrx_word' id='word_1_836' title='bbox 565 5777 698 5831; x_wconf 88' lang='lat' dir='ltr'>aureum,</span> <span class='ocrx_word' id='word_1_837' title='bbox 718 5764 746 5820; x_wconf 90' lang='lat' dir='ltr'>in</span> <span class='ocrx_word' id='word_1_838' title='bbox 765 5782 798 5823; x_wconf 90' lang='lat' dir='ltr'>eo</span> <span class='ocrx_word' id='word_1_839' title='bbox 822 5767 948 5837; x_wconf 91' lang='lat' dir='ltr'>poeninm</span> <span class='ocrx_word' id='word_1_840' title='bbox 1000 5778 1073 5834; x_wconf 87' lang='lat' dir='ltr'>rata,</span> <span class='ocrx_word' id='word_1_841' title='bbox 1085 5783 1116 5824; x_wconf 90' lang='lat' dir='ltr'>os</span> <span class='ocrx_word' id='word_1_842' title='bbox 1135 5766 1304 5834; x_wconf 81' lang='lat' dir='ltr'>dissolutum,</span> <span class='ocrx_word' id='word_1_843' title='bbox 1316 5767 1434 5839; x_wconf 72' lang='lat' dir='ltr'>linguam</span> <span class='ocrx_word' id='word_1_844' title='bbox 1447 5762 1643 5835; x_wconf 74' lang='lat' dir='ltr'>signiticantem</span> <span class='ocrx_word' id='word_1_845' title='bbox 1652 5763 1790 5821; x_wconf 72' lang='lat' dir='ltr'>sennensi</span> 
     </span>
    </p>

    <p class='ocr_par' dir='ltr' id='par_1_4' title="bbox 296 5855 1568 5919">
     <span class='ocr_line' id='line_1_61' title="bbox 296 5855 1568 5919; baseline -0.002 -2"><span class='ocrx_word' id='word_1_846' title='bbox 296 5856 435 5917; x_wconf 77' lang='lat' dir='ltr'>Parnon.</span> <span class='ocrx_word' id='word_1_847' title='bbox 458 5855 538 5919; x_wconf 84' lang='lat' dir='ltr'>citt.</span> <span class='ocrx_word' id='word_1_848' title='bbox 971 5907 976 5914; x_wconf 91' lang='lat'><strong><em>.</em></strong></span> <span class='ocrx_word' id='word_1_849' title='bbox 1530 5857 1568 5917; x_wconf 77' lang='grc'>37</span> 
     </span>
    </p>
   </div>
   <div class='ocr_carea' id='block_1_3' title="bbox 0 0 2031 6196">
    <p class='ocr_par' dir='ltr' id='par_1_5' title="bbox 0 0 2031 6196">
     <span class='ocr_line' id='line_1_62' title="bbox 0 0 2031 6196; baseline 0 0"><span class='ocrx_word' id='word_1_850' title='bbox 0 0 2031 6196; x_wconf 95' lang='lat' dir='ltr'> </span> 
     </span>
    </p>
   </div>
  </div>
 </body>
</html>
