4042 6200
152 242 220 300 rost
606 230 786 290 sxnosmo
806 228 918 286 suren
935 228 1118 286 sensurae.
1137 259 1173 271 -
1190 230 1252 287 tre.
1274 228 1330 287 ιιι.
1458 192 1461 197 ’
1712 232 1781 291 tuas

150 366 235 407 marm
248 345 390 421 percutiat,
407 352 433 398 et
449 343 562 397 multum
577 358 607 397 sc
622 350 686 396 ante
707 341 791 396 luisse
813 341 941 395 fateatur„
959 344 978 401 d
992 338 1118 408 plurimis
1131 340 1269 397 bencllciis
1290 352 1318 397 et
1335 342 1413 398 donis
1436 342 1556 397 ntirillcis
1578 342 1648 399 inter
1669 356 1780 404 estimas

150 440 255 514 (Crep.)
278 436 349 507 Quid
370 436 442 489 enim
464 435 490 488 in
512 432 631 498 lemorc,
650 432 702 486 nisi
716 432 838 501 volrrptas
851 430 942 486 carnis
993 439 1087 500 gentes
1101 428 1205 494 extulit,
1218 434 1344 503 atquedc
1358 432 1475 505 AEgypto
1492 433 1519 488 in
1539 433 1632 490 mrtltis
1643 437 1781 495 miraculis

150 530 294 600 accipitur.
311 526 345 581 Et
357 524 421 596 quid
433 532 475 578 est
492 522 564 592 quod
575 522 632 576 ait:
653 540 662 573 ι
683 521 828 590 Postquam
850 528 939 575 osten·
982 520 1097 577 eduxit.
1119 520 1158 577 lle
1169 536 1222 593 quo
1236 537 1285 594 per
1296 520 1364 577 Osee
1378 523 1495 581 dicitur:
1514 542 1523 574 ι
1539 523 1607 592 Quia
1619 540 1687 595 puer
1698 526 1781 585 lsrael

150 620 215 676 (1qu
237 616 317 681 mini,
331 612 451 685 percussi
466 611 555 667 lemur
572 625 681 674 meum;
701 628 710 661 ι
729 609 780 664 nisi
798 617 941 679 postquam
992 611 1074 671 dilexi
1088 629 1162 681 eum,
1175 622 1203 668 et
1216 629 1251 670 ex
1262 613 1380 686 AEgvpto
1393 615 1485 671 vocavi
1502 614 1587 671 lllium
1603 631 1693 672 :neum
1704 618 1782 691 (Osee

149 721 268 779 superna
280 701 440 777 spiritaliter
451 700 534 766 vidit,
548 700 640 768 omnia,
654 701 727 771 quod
741 697 854 754 inlerius
869 699 894 752 in
910 712 940 753 se
993 705 1048 776 ιι),
1068 719 1172 774 »quem
1185 700 1244 775 lege
1260 719 1307 759 sua
1322 713 1349 759 et
1362 703 1555 775 pmpbetarum
1575 705 1693 764 oraculis
1713 709 1782 766 satis

150 799 299 858 carnaliter
309 796 418 851 vivebat
428 793 572 849 exstinxit:
584 801 613 849 ut
625 800 726 863 quanto
736 790 822 861 magis
835 802 939 844 stimma
993 793 1140 850 instruxit:
1159 794 1207 849 sed
1220 793 1283 866 quia
1299 807 1424 863 perversa
1443 810 1550 864 semper
1566 797 1609 850 via
1627 806 1721 854 contra
1735 814 1782 855 vo·

149 897 332 966 mmmm,
346 896 422 942 gamo
442 884 557 957 amptius
578 886 633 940 ima
654 898 714 954 quae
729 889 873 937 terruerant
886 895 939 936 non
992 883 1125 941 luntatem
1138 879 1198 957 ejus
1209 885 1398 957 gradiebatur,
1411 901 1444 939 ac
1464 901 1535 955 saepe
1551 887 1704 945 admonitus
1715 890 1782 946 obe·

150 980 288 1039 liberent?
306 977 374 1033 Nam
397 985 498 1045 quanto
512 975 597 1045 magis
612 973 707 1046 incipit
728 972 841 1041 quisque
859 985 940 1040 snpe-
992 974 1094 1033 direci
1112 975 1215 1031 noluit:
1239 971 1385 1031 novissime
1398 972 1494 1029 Filium
1513 991 1591 1031 suum
1613 978 1781 1049 unigenitum

150 1075 210 1130 rius
223 1073 328 1137 vivere,
354 1075 430 1123 ιιιιιο
453 1068 563 1122 inchoat
585 1065 698 1122 inferius
716 1064 838 1119 interire.
860 1062 941 1117 irrata
993 1062 1078 1131 misit,
1091 1061 1137 1135 qui
1154 1080 1216 1121 eum
1230 1065 1264 1121 ad
1276 1061 1461 1135 poeuitentiam
1473 1076 1641 1135 provocaret,
1654 1077 1681 1124 ct
1689 1069 1723 1125 ab
1737 1085 1781 1126 cr-

150 1162 278 1218 allectum
298 1173 413 1228 namque
431 1155 549 1212 carnalis
570 1154 749 1225 operationis,
772 1154 860 1209 omnis
879 1168 943 1208 caro
993 1171 1056 1213 rore
1069 1154 1232 1228 corrigeret,
1253 1156 1299 1227 qui
1318 1154 1345 1212 in
1366 1162 1469 1210 tanum
1481 1154 1540 1229 ejus
1554 1157 1670 1214 miseriae
1683 1161 1783 1217 condo·

151 1254 228 1309 Pauli
250 1251 330 1308 simul
350 1248 490 1305 interierat
510 1262 571 1302 cum
591 1242 714 1302 dicebat:
737 1264 746 1297 ι
771 1246 839 1301 Viro
852 1246 943 1300 autern
993 1245 1053 1311 luit,
1067 1256 1097 1301 ut
1111 1245 1201 1315 etjam
1215 1244 1321 1302 llcvissc
1334 1261 1416 1317 super
1435 1245 1493 1315 ejus
1510 1246 1638 1303 duritiam
1653 1250 1680 1304 in
1695 1248 1783 1309 Evau-

148 1343 273 1412 jamnon
290 1355 356 1411 ego,
372 1337 440 1392 vivit
458 1350 524 1392 vcro
542 1336 569 1389 in
591 1349 634 1389 me
649 1333 772 1388 Christus
784 1329 855 1404 (Gal.
869 1330 910 1403 ιι).
930 1351 939 1383 ι
993 1336 1063 1407 gelio
1075 1336 1194 1408 legatur,
1209 1335 1302 1392 dicens
1315 1336 1349 1391 ad
1363 1335 1457 1391 illum:
1474 1356 1483 1388 ι
1500 1332 1660 1403 Jerusalem,
1674 1337 1784 1396 Jerusa-

152 1432 277 1504 Hieron.)
298 1451 308 1483 ι
323 1429 457 1487 Confusus
470 1443 541 1493 sum,
565 1426 667 1496 iuquit,
683 1434 710 1480 et
720 1423 815 1479 erubui
831 1424 894 1496 (sine
908 1437 942 1478 ex
993 1425 1055 1490 lem,
1069 1443 1130 1497 quau
1141 1426 1242 1483 occidis
1255 1427 1411 1497 propbetas,
1425 1436 1453 1483 et
1471 1427 1574 1499 lapidas
1585 1445 1632 1486 eos
1645 1428 1691 1501 qui
1705 1433 1738 1487 ad
1758 1442 1784 1488 te

150 1519 498 1592 dieconlusiouis).›Qnod
506 1518 577 1574 enim
585 1526 689 1587 tempus
697 1525 800 1571 nonest
808 1512 943 1571 conlusic
993 1521 1069 1576 missi
1094 1528 1175 1576 sunt:
1200 1516 1306 1591 quoties
1328 1519 1401 1575 volui
1423 1536 1587 1594 congregare
1614 1522 1683 1579 lilios
1705 1532 1783 1589 tuns,

150 1615 197 1671 nis
206 1603 942 1678 uostraelSirecordemurantiquapeccata,ctomniurn
993 1608 1219 1679 quemadmodum
1233 1604 1331 1681 gallina
1342 1620 1487 1682 congregat
1496 1610 1582 1682 pullos
1593 1628 1656 1668 suos
1669 1611 1719 1669 sub
1728 1615 1785 1672 alas

151 1719 213 1777 quae
232 1701 301 1757 male
321 1702 444 1772 egimus:
465 1700 603 1769 capiamus
616 1697 796 1753 memoriam?
814 1696 945 1765 Quodque
958 1689 981 1748 B
995 1715 1069 1766 suas,
1084 1708 1112 1756 et
1126 1700 1255 1756 noluisti?
1273 1698 1342 1756 Ecce
1362 1697 1528 1771 relinquetur
1540 1701 1616 1757 vobis
1628 1703 1724 1758 domus
1735 1720 1785 1761 te·

151 1795 248 1849 dixere
261 1791 452 1863 Septuaginta:
469 1809 479 1839 t
494 1789 527 1843 Et
537 1786 641 1844 ostendi
655 1795 690 1852 te,
706 1805 715 1838 ι
728 1786 863 1857 signillcat
874 1785 946 1856 quod
995 1790 1299 1863 armaturarum.»
1317 1790 1404 1858 Quem
1419 1798 1507 1847 tamen
1521 1793 1627 1863 penitus
1644 1810 1659 1849 a
1681 1808 1710 1850 se
1730 1812 1784 1851 non

151 1896 296 1957 postquam
309 1882 449 1955 ingemuit,
462 1889 490 1937 ct
508 1895 557 1936 sua
571 1879 668 1935 delicta
682 1879 824 1950 cognovit,
841 1887 906 1932 tuuc
918 1877 944 1932 in
995 1884 1105 1956 repulit,
1117 1884 1164 1940 sed
1179 1883 1338 1940 electionem
1351 1897 1384 1939 ex
1397 1899 1430 1940 co
1442 1884 1581 1940 servavit:
1600 1903 1632 1942 ex
1651 1903 1704 1959 qua
1723 1899 1787 1945 sunt

153 1974 417 2047 tantumproleetum
430 1973 599 2029 tenerit....⁸
613 1970 684 2041 qued
697 1971 733 2025 illi
747 1969 868 2026 lecerunt
881 1968 945 2025 irri-
994 1974 1108 2045 apostoli
1130 1982 1159 2031 et
1180 1972 1361 2045 evangelistae,
1381 1984 1409 2030 ct
1431 1971 1568 2046 primitiva
1590 1976 1617 2031 in
1638 1974 1784 2036 Jerusalem

152 2058 945 2140 tum,etpropterea1lominusneglexiteos.Nuncautemirr
994 2064 1134 2121 Ecclesia:
1158 2084 1168 2117 ι
1193 2061 1345 2119 Novissime
1362 2077 1469 2135 quoque
1491 2073 1633 2136 postquam
1647 2064 1785 2137 plenitudo

151 2161 298 2235 Evangelio
311 2169 373 2232 post
384 2157 610 2216 resurrectionem
629 2163 658 2211 et
677 2155 864 2211 ascensionem
879 2155 945 2211 dare
994 2153 1113 2227 gentium
1126 2149 1329 2218 subintraverit,
1338 2153 1497 2209 tuncomnis
1506 2152 1586 2209 lsrael
1597 2154 1687 2211 salvus
1697 2154 1782 2211 crit·

151 2267 183 2308 sc
198 2260 308 2323 pactum
322 2265 375 2305 uon
386 2249 414 2304 in
426 2247 524 2305 tabulis
537 2246 660 2317 lapideis,
673 2245 720 2301 sed
733 2246 760 2300 iu
772 2243 871 2301 tabulis
881 2260 945 2301 cor·
1033 2244 1153 2301 «Statue
1168 2245 1216 2301 tibi
1229 2245 1383 2317 speculam,
1399 2262 1469 2317 poue
1488 2246 1535 2303 tibi
1558 2248 1783 2318 amaritudinem,
1835 2230 1837 2235 Ι

152 2342 196 2401 dis
217 2340 372 2396 carnalibus
391 2338 544 2410 pollicetur.
568 2336 690 2407 Cumque
712 2336 841 2407 scriptum
864 2335 946 2390 luerit
998 2356 1007 2389 ι
1025 2337 1111 2410 dirige
1129 2347 1269 2393 cortuum
1295 2339 1322 2392 iu
1342 2338 1414 2393 viam
1434 2348 1553 2406 rectam,
1568 2339 1596 2395 in
1617 2338 1669 2412 qua
1690 2344 1786 2398 atnbn-

152 2431 261 2488 Domirti
276 2437 464 2486 testamentum
475 2428 502 2483 in
515 2435 606 2484 mente
618 2427 796 2490 credentium,
809 2426 895 2495 ipsunt
905 2424 946 2481 cis
998 2443 1008 2478 ι
1027 2425 1099 2480 lasti.
1111 2424 1263 2480 »Provocat
1274 2425 1308 2480 ad
1319 2424 1582 2493 satisfactionemut
1592 2428 1745 2486 consideret
1758 2432 1784 2488 iu

151 2540 214 2581 esse
227 2525 254 2579 iu
274 2522 373 2589 lienum
392 2532 420 2578 et
434 2521 493 2577 illos
508 2536 569 2576 csse
582 2519 609 2574 in
631 2517 773 2590 populum,
793 2525 824 2572 ut
844 2529 946 2586 nequa·
995 2517 1104 2588 quantis
1118 2516 1280 2587 deliquerit:
1297 2526 1325 2572 et
1339 2530 1423 2590 agens
1438 2520 1625 2589 penitentiam
1643 2522 1677 2576 ad
1694 2519 1787 2593 pristi-

152 2628 236 2684 quam
257 2610 383 2667 ludaicos
396 2617 519 2683 quaerant
531 2608 676 2681 magistms
695 2615 722 2663 ct
746 2604 905 2662 traditiones
918 2613 946 2660 et
996 2626 1060 2666 nam
1075 2612 1191 2682 gratiam
1202 2613 1449 2681 ret·ertatur,iuxta
1470 2613 1534 2670 illud
1547 2616 1619 2684 qued
1637 2614 1665 2671 in
1683 2616 1787 2688 Apoca-

152 2704 281 2760 mandata
291 2704 447 2766 bominum,
460 2701 508 2758 sed
520 2702 668 2756 doceantur
681 2714 696 2753 a
715 2696 818 2769 Spiritu
831 2705 944 2754 sancto:
996 2698 1065 2773 lypsi
1077 2701 1210 2772 scriptum
1224 2709 1306 2756 estre
1322 2700 1457 2758 blementc
1468 2703 1551 2776 igitur
1567 2706 1637 2762 unde
1653 2705 1787 2764 excideris

152 2795 176 2850 si
189 2803 279 2849 tamen
292 2793 386 2849 audire
399 2800 573 2848 mereantur:
590 2809 599 2843 ι
614 2789 754 2860 Templum
768 2788 815 2844 Dei
827 2787 905 2854 estis,
919 2797 947 2845 et
996 2799 1024 2846 ct
1036 2806 1086 2864 age
1096 2790 1295 2862 poeuitcntitm,
1310 2800 1340 2849 et
1351 2792 1441 2863 prima
1455 2808 1536 2864 opera
1550 2793 1593 2850 lac
1607 2794 1699 2867 (Apoc.
1713 2798 1756 2863 ιι).
1774 2819 1784 2850 ι

152 2886 266 2957 spiritus
275 2884 321 2941 Dei
332 2885 438 2940 habitat
448 2880 593 2954 invobis(l
604 2879 666 2936 Cor.
681 2880 734 2955 ιιι).
747 2901 757 2934 ι
769 2880 887 2952 Spiritus
899 2895 947 2935 au·
997 2880 1100 2957 (Grcp.)
1111 2878 1192 2940 Juxta
1205 2883 1382 2956 tropologiam
1399 2900 1465 2942 vero
1484 2884 1694 2957 uniuscujusque
1708 2885 1788 2943 electi

152 2986 208 3032 tem
220 2974 265 3032 ubi
275 2976 332 3030 vult
345 2976 430 3047 spirat
442 2994 453 3027 ι
469 2983 497 3030 et
511 2974 632 3030 diuersas
650 2973 732 3029 babet
746 2973 857 3046 gratias,
874 2972 945 3027 noti·
997 2973 1117 3028 animam
1129 2974 1263 3045 propbeta
1276 2973 1420 3043 admonet,
1443 2986 1474 3032 ut
1495 2978 1608 3047 pmvida
1627 2978 1790 3036 discretione

152 3068 245 3140 tiaque
256 3067 337 3123 unius
350 3065 397 3122 bei
408 3066 671 3122 omniumvirtutum
678 3064 814 3136 possessio
826 3070 877 3120 est.
891 3060 946 3119 «Et
959 3033 982 3097 C
997 3056 1112 3118 sollicite
1124 3062 1338 3135 circumquaque
1353 3065 1504 3136 conspiciat
1519 3084 1525 3121 :
1539 3075 1568 3122 et
1584 3066 1661 3138 quasi
1683 3067 1710 3123 iu
1725 3082 1790 3124 arce

153 3161 214 3223 boc,
229 3156 327 3228 inquit,
343 3156 399 3223 liet,
410 3158 473 3227 quia
486 3155 618 3228 pmpitius
630 3171 678 3211 ero
692 3154 830 3225 iniquitati
839 3169 945 3219 eorum,
996 3152 1231 3224 contemplationis
1245 3155 1349 3226 posita,
1370 3158 1527 3228 priusquam
1545 3158 1623 3230 culpa
1641 3160 1732 3217 veniat
1744 3161 1791 3218 ‹le-

152 3263 180 3309 et
198 3253 302 3324 peccati
316 3268 411 3308 eorum
424 3267 478 3307 nort
494 3250 659 3307 recordabor
671 3249 796 3320 amplius.
811 3269 820 3302 ι
838 3248 878 3303 Ει
893 3262 947 3319 quo
996 3243 1163 3314 prehendat:
1178 3259 1293 3315 eamque
1310 3261 1363 3315 quo
1375 3247 1518 3318 vigilanter
1532 3257 1673 3320 prenotat,
1689 3265 1721 3307 eu
1735 3251 1789 3307 lor-

150 3343 324 3415 perspicuum
342 3350 401 3407 est,
422 3341 569 3396 secundum
589 3338 670 3411 buius
689 3345 829 3415 περικοπῆς
847 3334 947 3392 intelli-
998 3332 1197 3389 titcrdeclinet.
1210 3333 1353 3406 speculam
1366 3338 1464 3409 quippe
1475 3335 1525 3394 sibi
1541 3347 1791 3406 statuerecstven·

152 3435 283 3505 gentiam,
299 3433 438 3503 superiora
458 3429 588 3502 inprime
607 3427 780 3500 intelligenda
798 3425 947 3483 Salvatorls
997 3433 1057 3479 tura
1068 3424 1195 3481 vitiorum
1209 3427 1359 3482 certamina
1371 3442 1405 3482 cx
1423 3426 1478 3483 alta
1492 3426 1708 3485 consideratione
1722 3445 1790 3501 prm

152 3525 287 3589 adventu,
304 3523 411 3594 quando
423 3529 537 3590 uterque
550 3519 601 3574 sibi
615 3516 730 3589 populus
744 3516 828 3573 lsrael
839 3525 867 3572 et
879 3513 946 3570 inda
998 3532 1130 3574 noscere:
1155 3517 1260 3588 sibique
1285 3517 1364 3573 electi
1385 3532 1463 3574 mens
1484 3517 1678 3576 amaritudines
1697 3520 1790 3590 ponit,

152 3614 296 3684 copulatus
314 3621 366 3669 est.
387 3612 416 3668 st
437 3613 479 3668 cui
503 3619 593 3667 autem
614 3609 769 3679 scmpulum
786 3607 850 3664 lacit
862 3623 948 3679 quare
997 3610 1106 3680 quando
1117 3618 1144 3663 et
1158 3610 1185 3663 iu
1196 3609 1325 3664 virtutum
1336 3624 1403 3679 pace
1417 3611 1574 3677 constituta,
1587 3612 1651 3666 dum
1666 3610 1734 3666 mala
1749 3611 1791 3665 in-

153 3705 274 3762 dixerit:
290 3703 455 3774 tllisponam
468 3703 559 3759 domui
569 3701 664 3767 lsrael,
676 3708 704 3757 et
713 3700 804 3756 domui
815 3700 883 3756 luda
897 3716 946 3770 pa·
998 3699 1125 3755 sidiantia
1137 3700 1281 3770 conspicit,
1298 3715 1394 3757 secura
1415 3702 1556 3772 quiescere
1576 3718 1630 3760 non
1644 3705 1789 3760 consentit.

154 3804 241 3860 ctum,
256 3794 314 3849 sive
326 3799 517 3849 testamentum
532 3807 648 3856 uorum,
666 3806 720 3846 uon
736 3790 882 3846 secundum
898 3807 946 3861 pa·
998 3789 1090 3845 Primo
1103 3798 1193 3845 aumm
1214 3806 1249 3846 ne
1266 3791 1337 3845 mala
1355 3791 1481 3860 quaelibet
1501 3802 1579 3865 agat:
1594 3794 1712 3849 secundo
1726 3810 1791 3849 vcro

155 3896 241 3950 ctum,
256 3886 327 3956 quod
338 3882 426 3955 pepigi
439 3898 499 3939 cum
512 3882 636 3953 patribus
649 3882 766 3937 vestris:
789 3900 799 3934 ι
818 3879 948 3950 intelligat
999 3878 1059 3934 loco
1074 3880 1237 3944 considerat,
1252 3896 1286 3934 nc
1299 3881 1370 3935 bona
1382 3880 1488 3936 incante
1499 3877 1597 3937 laciat:
1611 3890 1638 3938 et
1647 3893 1789 3955 postquam

154 3979 271 4049 primam
283 3967 425 4034 ecclesiam
445 3973 546 4032 Christi
564 3989 599 4029 er
615 3972 726 4037 ludaeis,
739 3981 765 4027 et
779 3973 813 4027 ad
827 3971 886 4026 illos
900 3987 947 4038 rc,-
998 3985 1082 4040 prava
1099 3969 1248 4041 subegerit,
1264 3970 1320 4041 ipsa
1334 3971 1417 4025 ctiam
1433 3969 1484 4027 sibi
1497 3970 1631 4041 subjicere
1643 3983 1716 4028 recta
1727 3989 1791 4028 ωιι-

155 4069 231 4124 nisse
245 4067 387 4124 Dominum
401 4065 564 4121 saltatorem
577 4070 658 4134 atque
669 4061 786 4117 dixisse:
797 4081 806 4113 ι
816 4059 874 4116 Νοιι
886 4059 948 4116 veni
1001 4058 1103 4116 tendit:
1123 4061 1190 4117 nesi
1202 4063 1301 4118 mentis
1313 4061 1462 4117 dominium
1474 4071 1612 4120 transeant
1624 4065 1650 4119 in
1664 4065 1788 4122 elationis

156 4161 211 4225 nisi
226 4161 260 4217 ad
272 4174 335 4215 ores
350 4157 468 4230 perditas
486 4156 583 4212 domus
603 4153 684 4210 lsrael
696 4151 803 4225 (llcttlt.
815 4151 877 4224 ιι·);
898 4174 906 4201 ι
921 4157 949 4205 et
1000 4150 1106 4221 culpam
1117 4159 1268 4206 vertantur.
1283 4151 1351 4220 Quia
1367 4151 1441 4208 enim
1460 4154 1530 4210 sicut
1544 4156 1668 4226 superius
1686 4156 1790 4212 dictum

154 4252 185 4307 id
196 4251 284 4322 ipsum
294 4247 430 4319 apostolos
439 4245 629 4302 confirmasse:
640 4242 741 4299 :Voltis
752 4242 859 4312 quidem
869 4255 947 4311 opor·
999 4250 1060 4296 cst:
1078 4242 1238 4314 plemmque
1250 4259 1283 4300 ex
1298 4244 1385 4310 bonis,
1399 4260 1431 4300 ex
1443 4247 1555 4303 incurioe
1568 4249 1645 4316 vitio,
1657 4250 1728 4305 mala
1740 4265 1790 4305 na-

156 4341 233 4395 tebat
248 4338 365 4410 primum
377 4335 450 4408 loqui
463 4337 576 4392 verbum
587 4334 650 4390 bei:
665 4331 849 4403 sedquoniam
863 4329 948 4401 repcl-
1000 4343 1122 4401 scuatur,
1137 4335 1258 4406 vigilanti
1276 4337 1367 4392 studio
1381 4338 1594 4409 contemplatur,
1608 4344 1743 4413 quomodo
1756 4359 1791 4400 er

155 4431 213 4486 litis
226 4429 290 4486 illud
302 4439 331 4485 et
341 4429 466 4500 indignos
478 4442 526 4482 vos
536 4423 665 4497 iudicatis
676 4434 785 4480 :eternae
798 4422 871 4488 vita,
883 4436 948 4478 ecce
963 4394 987 4454 Β
1001 4424 1124 4480 doctriua
1134 4425 1300 4496 arrogantia,
1312 4440 1345 4481 cx
1356 4426 1461 4497 justitia
1475 4429 1631 4498 crudelitas,
1642 4412 1792 4505 ex'pietate

154 4521 341 4579 convertimur
355 4519 390 4576 ad
400 4526 494 4592 gentes
508 4516 578 4590 (Act.
594 4514 660 4586 tra).
683 4535 692 4567 ι
709 4514 768 4570 Νοιι
778 4514 851 4569 enim
868 4529 948 4585 opor·
1001 4516 1184 4583 remissio,ex
1199 4514 1326 4582 aeterra,
1340 4531 1374 4571 es
1393 4519 1598 4576 tnausuetudine
1614 4529 1707 4593 torpor
1717 4526 1791 4582 oria·

157 4614 339 4684 tebetpanem
353 4612 469 4667 dliorum
483 4609 548 4665 dare
560 4607 673 4664 canibus
691 4606 798 4679 (liutei.
813 4606 879 4678 ιι);
901 4608 948 4663 sed
1002 4616 1055 4664 tur.
1075 4606 1198 4679 Cumque
1223 4610 1292 4665 bona
1316 4609 1373 4666 bace
1391 4607 1466 4681 agit,
1487 4618 1553 4681 quot
1566 4611 1632 4668 binc
1650 4623 1745 4671 contra
1764 4629 1794 4671 sc

156 4705 222 4775 quia
239 4705 288 4759 lilii
306 4713 410 4775 patrem
428 4704 455 4757 in
470 4716 519 4758 sua
534 4701 686 4756 venientem
706 4699 843 4769 suscipere
855 4699 948 4755 nolue-
1002 4698 1094 4752 hostes
1114 4712 1163 4768 per
1181 4698 1240 4754 haec
1259 4713 1405 4770 exsurgere
1420 4695 1544 4767 valcant,
1559 4703 1711 4773 conspicit:
1729 4719 1791 4759 uattt

157 4801 238 4858 runt,
255 4793 329 4849 dedit
348 4794 474 4849 omnibus
493 4800 672 4863 potestatem,
686 4798 717 4845 ut
737 4789 783 4859 qui
798 4789 950 4859 receperint
1002 4801 1064 4841 eum
1079 4787 1263 4858 adipiscendis
1283 4789 1412 4845 doctrinae
1437 4790 1533 4847 studiis
1554 4791 1692 4860 elaborat,
1719 4808 1793 4848 rnen-

157 4898 221 4939 eum
240 4883 305 4940 liant
319 4882 366 4939 dlii
381 4883 439 4939 bei.
1002 4884 1057 4931 ῑοιιι
1071 4877 1186 4934 sollicite
1199 4886 1294 4935 contra
1309 4887 1447 4935 certamen
1467 4881 1629 4952 arrogantia:
1649 4887 1791 4953 praeparat

196 4992 207 5025 t
222 4972 249 5029 st
262 4972 333 5029 auus
343 4973 507 5030 uenerantes
520 4973 583 5044 (ce
595 4971 719 5043 attens)
732 4971 799 5026 ntur
809 4969 947 5040 speram,
1003 4966 1071 5024 cum
1089 4970 1183 5041 culpas
1202 4970 1414 5042 delinquentium
1429 4973 1504 5043 aum
1526 4959 1624 5028 ueras
1642 4972 1793 5037 astent.

162 5084 174 5117 ι
191 5066 214 5122 si
229 5080 297 5136 puer
309 5065 457 5121 delicatus:
473 5067 536 5136 quia
550 5080 584 5122 ex
603 5080 657 5135 quo
675 5062 780 5119 locutus
796 5077 856 5118 sum
870 5062 904 5118 de
916 5075 950 5118 eo
1003 5061 1178 5132 sagacissime
1186 5060 1280 5127 evitat,
1293 5078 1328 5118 ne
1340 5063 1449 5119 modurn
1457 5060 1571 5131 justitiae
1580 5060 1725 5117 emdelitas
1735 5060 1795 5115 rin·

160 5173 171 5205 ι
192 5153 255 5224 (riae
265 5153 347 5209 verba
357 5170 417 5210 ntea
428 5155 455 5209 in
468 5154 512 5225 eo)
523 5153 680 5217 recordans,
691 5150 780 5206 adbuc
789 5150 951 5206 recordabor
1004 5152 1082 5207 dictae
1098 5153 1270 5208 transcendat
1290 5173 1296 5208 :
1315 5168 1376 5208 cum
1388 5152 1490 5223 pietate
1503 5148 1612 5208 lrenare
1634 5165 1664 5206 sc
1686 5151 1793 5210 nititur.

160 5261 171 5296 ι
192 5242 271 5312 ejus:
286 5245 389 5300 idcireo
410 5246 569 5302 conturbata
592 5250 657 5299 sunt
673 5243 777 5299 uiscera
797 5256 857 5296 mea
869 5256 948 5312 super
1011 5240 1125 5297 solerter
1136 5243 1275 5313 pmspicit,
1284 5258 1318 5299 ue
1329 5258 1383 5314 qua
1389 5239 1721 5312 disciplinaedissolutione
1732 5240 1793 5293 rin·

160 5355 172 5387 ι
189 5350 272 5391 eum:
289 5338 431 5404 miserans,
453 5336 603 5392 miserebor
624 5336 700 5408 ejus,
723 5333 761 5388 ait
782 5331 920 5387 Dominus.
937 5350 947 5384 t
1000 5342 1088 5389 catur.
1100 5332 1208 5389 Cumse
1221 5336 1288 5390 recti
1303 5336 1354 5390 zeli
1372 5333 1488 5390 stimulis
1499 5333 1611 5398 excitat,
1624 5344 1798 5403 summopere

159 5422 246 5481 lilius
259 5427 427 5484 honorabilis
439 5426 513 5498 prior
526 5425 640 5497 populus
653 5424 705 5480 luit
716 5422 847 5486 Domino,
868 5434 949 5492 quem
1001 5421 1135 5494 providet,
1142 5439 1176 5479 ne
1187 5423 1329 5494 plusquam
1342 5437 1453 5480 neeesse
1464 5431 1507 5479 est
1516 5424 1602 5479 irase
1612 5421 1719 5478 lamina
1733 5432 1796 5478 suc-

197 5542 291 5610 ·Qsae
305 5539 351 5597 blc
364 5542 462 5598 desunt
476 5540 608 5604 invenies,
621 5538 719 5600 lector,
733 5535 803 5605 apud
818 5533 915 5590 Euseb.
929 5534 1131 5608 Hieronymum,
1146 5535 1298 5592 comment.
1318 5536 1345 5590 iu
1361 5532 1475 5603 ierem,
1489 5531 1537 5591 lib.
1552 5549 1591 5600 rt,
1606 5547 1666 5603 cap.
1681 5531 1727 5605 tl,
1742 5534 1793 5595 lta

160 5612 283 5685 tmtugiae
296 5620 396 5693 nostra
408 5621 474 5669 tout.
489 5608 583 5714 ξΧΙἺ,
598 5625 614 5664 a
628 5605 760 5672 colidib,
774 5604 821 5659 lin.
837 5601 865 5670 l,
881 5605 1013 5675 usquead
1028 5606 1079 5663 col.
1096 5607 1159 5707 llil,
1174 5608 1223 5664 liu.
1238 5606 1280 5660 tl.
1296 5604 1379 5661 Eotr.
