<?xml version="1.0" encoding="UTF-8"?>
<!DOCTYPE html PUBLIC "-//W3C//DTD XHTML 1.0 Transitional//EN"
    "http://www.w3.org/TR/xhtml1/DTD/xhtml1-transitional.dtd">
<html xmlns="http://www.w3.org/1999/xhtml" xml:lang="en" lang="en">
 <head>
  <title>
</title>
<meta http-equiv="Content-Type" content="text/html;charset=utf-8" />
  <meta name='ocr-system' content='tesseract 3.04.00' />
  <meta name='ocr-capabilities' content='ocr_page ocr_carea ocr_par ocr_line ocrx_word'/>
</head>
<body>
  <div class='ocr_page' id='page_1' title='image "./patrologiaecurs164unkngoog_0634.png"; bbox 0 0 4042 6200; ppageno 0'>
   <div class='ocr_carea' id='block_1_1' title="bbox 269 316 1889 386">
    <p class='ocr_par' dir='ltr' id='par_1_1' title="bbox 269 316 1889 386">
     <span class='ocr_line' id='line_1_1' title="bbox 269 316 1889 386; baseline -0.009 -1"><span class='ocrx_word' id='word_1_1' title='bbox 269 330 337 386; x_wconf 68' lang='lat' dir='ltr'><strong>i&#39;tUB</strong></span> <span class='ocrx_word' id='word_1_2' title='bbox 584 325 613 379; x_wconf 80' lang='lat' dir='ltr'><strong>ll.</strong></span> <span class='ocrx_word' id='word_1_3' title='bbox 636 323 761 378; x_wconf 70' lang='lat' dir='ltr'><strong>lldeb&#39;l</strong></span> <span class='ocrx_word' id='word_1_4' title='bbox 782 323 890 380; x_wconf 68' lang='lat' dir='ltr'><strong>barbi</strong></span> <span class='ocrx_word' id='word_1_5' title='bbox 911 320 1069 378; x_wconf 71' lang='lat' dir='ltr'><strong>attolitur.</strong></span> <span class='ocrx_word' id='word_1_6' title='bbox 1090 320 1244 378; x_wconf 74' lang='lat' dir='ltr'><strong>tlotbnt.</strong></span> <span class='ocrx_word' id='word_1_7' title='bbox 1265 319 1406 377; x_wconf 75' lang='lat' dir='ltr'><strong>orfittbtl</strong></span> <span class='ocrx_word' id='word_1_8' title='bbox 1427 319 1516 376; x_wconf 77' lang='lat' dir='ltr'><strong>eatts</strong></span> <span class='ocrx_word' id='word_1_9' title='bbox 1535 319 1577 375; x_wconf 91' lang='lat' dir='ltr'><strong>lll.</strong></span> <span class='ocrx_word' id='word_1_10' title='bbox 1824 316 1889 372; x_wconf 64' lang='lat' dir='ltr'><strong>titt</strong></span> 
     </span>
    </p>
   </div>
   <div class='ocr_carea' id='block_1_2' title="bbox 262 429 1891 1862">
    <p class='ocr_par' dir='ltr' id='par_1_2' title="bbox 264 429 1891 869">
     <span class='ocr_line' id='line_1_2' title="bbox 305 429 1891 507; baseline -0.004 -13"><span class='ocrx_word' id='word_1_11' title='bbox 305 463 314 494; x_wconf 88' lang='lat'><strong>‹</strong></span> <span class='ocrx_word' id='word_1_12' title='bbox 335 440 484 498; x_wconf 70' lang='lat' dir='ltr'><strong>liceredltas</strong></span> <span class='ocrx_word' id='word_1_13' title='bbox 508 449 600 496; x_wconf 87' lang='lat' dir='ltr'><strong>nostra</strong></span> <span class='ocrx_word' id='word_1_14' title='bbox 624 455 701 495; x_wconf 91' lang='lat' dir='ltr'><strong>versa</strong></span> <span class='ocrx_word' id='word_1_15' title='bbox 719 448 762 494; x_wconf 87' lang='lat' dir='ltr'><strong>est</strong></span> <span class='ocrx_word' id='word_1_16' title='bbox 782 439 816 495; x_wconf 89' lang='lat' dir='ltr'><strong>ad</strong></span> <span class='ocrx_word' id='word_1_17' title='bbox 829 439 941 505; x_wconf 86' lang='lat' dir='ltr'><strong>alienos,</strong></span> <span class='ocrx_word' id='word_1_18' title='bbox 955 439 1050 494; x_wconf 75' lang='lat' dir='ltr'><strong>donnus</strong></span> <span class='ocrx_word' id='word_1_19' title='bbox 1066 438 1188 496; x_wconf 70' lang='lat' dir='ltr'><strong>altulum</strong></span> <span class='ocrx_word' id='word_1_20' title='bbox 1210 436 1329 492; x_wconf 90' lang='lat' dir='ltr'><strong>laborem</strong></span> <span class='ocrx_word' id='word_1_21' title='bbox 1352 429 1594 507; x_wconf 69' lang='lat' dir='ltr'><strong>expenduntlittos</strong></span> <span class='ocrx_word' id='word_1_22' title='bbox 1616 433 1726 504; x_wconf 89' lang='lat' dir='ltr'><strong>quidem</strong></span> <span class='ocrx_word' id='word_1_23' title='bbox 1749 433 1846 489; x_wconf 79' lang='lat' dir='ltr'><strong>scriba</strong></span> <span class='ocrx_word' id='word_1_24' title='bbox 1863 447 1891 490; x_wconf 82' lang='lat' dir='ltr'><strong>et</strong></span> 
     </span>
     <span class='ocr_line' id='line_1_3' title="bbox 264 525 1890 601; baseline -0.003 -17"><span class='ocrx_word' id='word_1_25' title='bbox 264 551 279 584; x_wconf 77' lang='grc' dir='ltr'>ι</span> <span class='ocrx_word' id='word_1_26' title='bbox 294 543 393 589; x_wconf 83' lang='lat' dir='ltr'><strong>nostra</strong></span> <span class='ocrx_word' id='word_1_27' title='bbox 404 531 600 586; x_wconf 76' lang='lat' dir='ltr'><strong>adextraneos.</strong></span> <span class='ocrx_word' id='word_1_28' title='bbox 614 529 700 585; x_wconf 74' lang='lat' dir='ltr'><strong>»Cum</strong></span> <span class='ocrx_word' id='word_1_29' title='bbox 713 530 825 585; x_wconf 75' lang='lat' dir='ltr'><strong>diverse</strong></span> <span class='ocrx_word' id='word_1_30' title='bbox 834 530 1053 601; x_wconf 81' lang='lat' dir='ltr'><strong>gentesundique</strong></span> <span class='ocrx_word' id='word_1_31' title='bbox 1102 526 1230 583; x_wconf 81' lang='lat' dir='ltr'><strong>Pbarisaei</strong></span> <span class='ocrx_word' id='word_1_32' title='bbox 1249 542 1353 593; x_wconf 88' lang='lat' dir='ltr'><strong>eorum,</strong></span> <span class='ocrx_word' id='word_1_33' title='bbox 1373 543 1422 598; x_wconf 92' lang='lat' dir='ltr'><strong>per</strong></span> <span class='ocrx_word' id='word_1_34' title='bbox 1438 527 1526 581; x_wconf 88' lang='lat' dir='ltr'><strong>varias</strong></span> <span class='ocrx_word' id='word_1_35' title='bbox 1539 533 1628 581; x_wconf 87' lang='lat' dir='ltr'><strong>sectas</strong></span> <span class='ocrx_word' id='word_1_36' title='bbox 1637 533 1667 580; x_wconf 90' lang='lat' dir='ltr'><strong>et</strong></span> <span class='ocrx_word' id='word_1_37' title='bbox 1679 525 1840 581; x_wconf 71' lang='lat' dir='ltr'><strong>traditiones</strong></span> <span class='ocrx_word' id='word_1_38' title='bbox 1851 525 1890 580; x_wconf 84' lang='lat' dir='ltr'><strong>ia-</strong></span> 
     </span>
     <span class='ocr_line' id='line_1_4' title="bbox 264 615 1889 694; baseline -0.007 -13"><span class='ocrx_word' id='word_1_39' title='bbox 264 631 449 694; x_wconf 77' lang='lat' dir='ltr'><strong>congregata,</strong></span> <span class='ocrx_word' id='word_1_40' title='bbox 462 621 600 690; x_wconf 86' lang='lat' dir='ltr'><strong>possident</strong></span> <span class='ocrx_word' id='word_1_41' title='bbox 622 630 720 676; x_wconf 87' lang='lat' dir='ltr'><strong>terram</strong></span> <span class='ocrx_word' id='word_1_42' title='bbox 736 619 873 691; x_wconf 76' lang='lat' dir='ltr'><strong>inclytam,</strong></span> <span class='ocrx_word' id='word_1_43' title='bbox 890 636 969 690; x_wconf 88' lang='lat' dir='ltr'><strong>quarn</strong></span> <span class='ocrx_word' id='word_1_44' title='bbox 987 634 1051 689; x_wconf 88' lang='lat' dir='ltr'><strong>pro·</strong></span> <span class='ocrx_word' id='word_1_45' title='bbox 1102 618 1192 685; x_wconf 86' lang='lat' dir='ltr'><strong>utiles,</strong></span> <span class='ocrx_word' id='word_1_46' title='bbox 1205 634 1253 674; x_wconf 84' lang='lat' dir='ltr'><strong>eeu</strong></span> <span class='ocrx_word' id='word_1_47' title='bbox 1266 618 1416 674; x_wconf 89' lang='lat' dir='ltr'><strong>cervicibus</strong></span> <span class='ocrx_word' id='word_1_48' title='bbox 1430 618 1526 674; x_wconf 86' lang='lat' dir='ltr'><strong>vinctis</strong></span> <span class='ocrx_word' id='word_1_49' title='bbox 1538 618 1692 682; x_wconf 89' lang='lat' dir='ltr'><strong>minabant,</strong></span> <span class='ocrx_word' id='word_1_50' title='bbox 1705 631 1756 671; x_wconf 86' lang='lat' dir='ltr'><strong>nec</strong></span> <span class='ocrx_word' id='word_1_51' title='bbox 1770 615 1851 671; x_wconf 87' lang='lat' dir='ltr'><strong>lassis</strong></span> <span class='ocrx_word' id='word_1_52' title='bbox 1863 617 1889 669; x_wconf 87' lang='lat' dir='ltr'><strong>iu</strong></span> 
     </span>
     <span class='ocr_line' id='line_1_5' title="bbox 265 705 1889 782; baseline -0.006 -14"><span class='ocrx_word' id='word_1_53' title='bbox 265 712 362 768; x_wconf 87' lang='lat' dir='ltr'><strong>misisti</strong></span> <span class='ocrx_word' id='word_1_54' title='bbox 387 712 509 782; x_wconf 87' lang='lat' dir='ltr'><strong>patribus</strong></span> <span class='ocrx_word' id='word_1_55' title='bbox 532 711 643 774; x_wconf 88' lang='lat' dir='ltr'><strong>nostris,</strong></span> <span class='ocrx_word' id='word_1_56' title='bbox 661 712 726 765; x_wconf 90' lang='lat' dir='ltr'><strong>darc</strong></span> <span class='ocrx_word' id='word_1_57' title='bbox 750 710 827 765; x_wconf 92' lang='lat' dir='ltr'><strong>uobis</strong></span> <span class='ocrx_word' id='word_1_58' title='bbox 851 711 878 764; x_wconf 94' lang='lat' dir='ltr'><strong>iu</strong></span> <span class='ocrx_word' id='word_1_59' title='bbox 902 710 1051 779; x_wconf 84' lang='lat' dir='ltr'><strong>posscssio-</strong></span> <span class='ocrx_word' id='word_1_60' title='bbox 1102 723 1135 763; x_wconf 91' lang='lat' dir='ltr'><strong>eo</strong></span> <span class='ocrx_word' id='word_1_61' title='bbox 1147 709 1227 763; x_wconf 87' lang='lat' dir='ltr'><strong>ullam</strong></span> <span class='ocrx_word' id='word_1_62' title='bbox 1240 709 1341 764; x_wconf 89' lang='lat' dir='ltr'><strong>dabant</strong></span> <span class='ocrx_word' id='word_1_63' title='bbox 1361 709 1491 777; x_wconf 77' lang='lat' dir='ltr'><strong>requiem.</strong></span> <span class='ocrx_word' id='word_1_64' title='bbox 1507 707 1542 762; x_wconf 88' lang='lat' dir='ltr'><strong>Et</strong></span> <span class='ocrx_word' id='word_1_65' title='bbox 1554 705 1681 778; x_wconf 86' lang='lat' dir='ltr'><strong>quoniam</strong></span> <span class='ocrx_word' id='word_1_66' title='bbox 1703 705 1824 778; x_wconf 78' lang='lat' dir='ltr'><strong>AEyypto</strong></span> <span class='ocrx_word' id='word_1_67' title='bbox 1837 706 1889 776; x_wconf 88' lang='lat' dir='ltr'><strong>spi·</strong></span> 
     </span>
     <span class='ocr_line' id='line_1_6' title="bbox 267 795 1890 869; baseline -0.006 -11"><span class='ocrx_word' id='word_1_68' title='bbox 267 819 339 859; x_wconf 85' lang='lat' dir='ltr'><strong>nem.</strong></span> <span class='ocrx_word' id='word_1_69' title='bbox 1043 862 1045 866; x_wconf 21' lang='lat'><strong><em>¹</em></strong></span> <span class='ocrx_word' id='word_1_70' title='bbox 1102 798 1173 852; x_wconf 86' lang='lat' dir='ltr'><strong>rituli</strong></span> <span class='ocrx_word' id='word_1_71' title='bbox 1186 806 1213 854; x_wconf 91' lang='lat' dir='ltr'><strong>et</strong></span> <span class='ocrx_word' id='word_1_72' title='bbox 1230 798 1348 869; x_wconf 72' lang='lat' dir='ltr'><strong>Assyriis</strong></span> <span class='ocrx_word' id='word_1_73' title='bbox 1361 805 1468 867; x_wconf 89' lang='lat' dir='ltr'><strong>propter</strong></span> <span class='ocrx_word' id='word_1_74' title='bbox 1482 796 1572 867; x_wconf 78' lang='lat' dir='ltr'><strong>gulam</strong></span> <span class='ocrx_word' id='word_1_75' title='bbox 1593 795 1695 851; x_wconf 84' lang='lat' dir='ltr'><strong>servire</strong></span> <span class='ocrx_word' id='word_1_76' title='bbox 1710 796 1798 866; x_wconf 78' lang='lat' dir='ltr'><strong>magis</strong></span> <span class='ocrx_word' id='word_1_77' title='bbox 1809 811 1890 865; x_wconf 86' lang='lat' dir='ltr'><strong>quam</strong></span> 
     </span>
    </p>

    <p class='ocr_par' dir='ltr' id='par_1_3' title="bbox 264 885 1889 1319">
     <span class='ocr_line' id='line_1_7' title="bbox 303 885 1889 962; baseline -0.002 -20"><span class='ocrx_word' id='word_1_78' title='bbox 303 909 313 942; x_wconf 84' lang='grc' dir='ltr'>ι</span> <span class='ocrx_word' id='word_1_79' title='bbox 327 889 422 961; x_wconf 86' lang='lat' dir='ltr'><strong>Popilli</strong></span> <span class='ocrx_word' id='word_1_80' title='bbox 434 889 497 946; x_wconf 84' lang='lat' dir='ltr'><strong>iacti</strong></span> <span class='ocrx_word' id='word_1_81' title='bbox 516 906 608 946; x_wconf 91' lang='lat' dir='ltr'><strong>sumus</strong></span> <span class='ocrx_word' id='word_1_82' title='bbox 621 892 721 961; x_wconf 88' lang='lat' dir='ltr'><strong>absque</strong></span> <span class='ocrx_word' id='word_1_83' title='bbox 733 901 821 962; x_wconf 90' lang='lat' dir='ltr'><strong>patre,</strong></span> <span class='ocrx_word' id='word_1_84' title='bbox 837 902 938 948; x_wconf 90' lang='lat' dir='ltr'><strong>matres</strong></span> <span class='ocrx_word' id='word_1_85' title='bbox 951 905 1051 950; x_wconf 81' lang='lat' dir='ltr'><strong>nostra</strong></span> <span class='ocrx_word' id='word_1_86' title='bbox 1102 888 1157 944; x_wconf 89' lang='lat' dir='ltr'><strong>Deo</strong></span> <span class='ocrx_word' id='word_1_87' title='bbox 1168 888 1281 959; x_wconf 74' lang='lat' dir='ltr'><strong>eligunt,</strong></span> <span class='ocrx_word' id='word_1_88' title='bbox 1296 898 1397 944; x_wconf 67' lang='lat' dir='ltr'><strong>:etcum</strong></span> <span class='ocrx_word' id='word_1_89' title='bbox 1410 895 1528 959; x_wconf 81' lang='lat' dir='ltr'><strong>egestate</strong></span> <span class='ocrx_word' id='word_1_90' title='bbox 1541 887 1677 957; x_wconf 92' lang='lat' dir='ltr'><strong>peribunt.</strong></span> <span class='ocrx_word' id='word_1_91' title='bbox 1693 885 1741 942; x_wconf 84' lang='lat' dir='ltr'><strong>Sic</strong></span> <span class='ocrx_word' id='word_1_92' title='bbox 1753 887 1828 941; x_wconf 86' lang='lat' dir='ltr'><strong>enirn</strong></span> <span class='ocrx_word' id='word_1_93' title='bbox 1840 902 1889 956; x_wconf 87' lang='lat' dir='ltr'><strong>pa·</strong></span> 
     </span>
     <span class='ocr_line' id='line_1_8' title="bbox 266 978 1888 1053; baseline 0 -21"><span class='ocrx_word' id='word_1_94' title='bbox 266 1001 277 1032; x_wconf 80' lang='grc' dir='ltr'>ι</span> <span class='ocrx_word' id='word_1_95' title='bbox 292 982 368 1051; x_wconf 89' lang='lat' dir='ltr'><strong>quasi</strong></span> <span class='ocrx_word' id='word_1_96' title='bbox 380 982 475 1036; x_wconf 76' lang='lat' dir='ltr'><strong>vrdute.</strong></span> <span class='ocrx_word' id='word_1_97' title='bbox 486 999 495 1032; x_wconf 82' lang='grc' dir='ltr'>ι</span> <span class='ocrx_word' id='word_1_98' title='bbox 506 979 572 1047; x_wconf 82' lang='lat' dir='ltr'><strong>Quia</strong></span> <span class='ocrx_word' id='word_1_99' title='bbox 584 978 725 1035; x_wconf 82' lang='lat' dir='ltr'><strong>deletrsore</strong></span> <span class='ocrx_word' id='word_1_100' title='bbox 736 982 856 1037; x_wconf 87' lang='lat' dir='ltr'><strong>destituti</strong></span> <span class='ocrx_word' id='word_1_101' title='bbox 869 998 962 1038; x_wconf 88' lang='lat' dir='ltr'><strong>sumus</strong></span> <span class='ocrx_word' id='word_1_102' title='bbox 973 984 1051 1053; x_wconf 88' lang='lat' dir='ltr'><strong>quasi</strong></span> <span class='ocrx_word' id='word_1_103' title='bbox 1102 989 1157 1036; x_wconf 89' lang='lat' dir='ltr'><strong>tres</strong></span> <span class='ocrx_word' id='word_1_104' title='bbox 1167 996 1259 1036; x_wconf 90' lang='lat' dir='ltr'><strong>eorum</strong></span> <span class='ocrx_word' id='word_1_105' title='bbox 1274 980 1387 1035; x_wconf 82' lang='lat' dir='ltr'><strong>terrenis</strong></span> <span class='ocrx_word' id='word_1_106' title='bbox 1398 979 1512 1051; x_wconf 78' lang='lat' dir='ltr'><strong>ttcpotiis</strong></span> <span class='ocrx_word' id='word_1_107' title='bbox 1522 988 1603 1049; x_wconf 89' lang='lat' dir='ltr'><strong>atque</strong></span> <span class='ocrx_word' id='word_1_108' title='bbox 1615 978 1799 1049; x_wconf 89' lang='lat' dir='ltr'><strong>voluptatibus</strong></span> <span class='ocrx_word' id='word_1_109' title='bbox 1809 979 1888 1033; x_wconf 87' lang='lat' dir='ltr'><strong>dediti</strong></span> 
     </span>
     <span class='ocr_line' id='line_1_9' title="bbox 264 1067 1888 1141; baseline -0.003 -16"><span class='ocrx_word' id='word_1_110' title='bbox 264 1070 369 1141; x_wconf 84' lang='lat' dir='ltr'><strong>pupilli,</strong></span> <span class='ocrx_word' id='word_1_111' title='bbox 382 1087 430 1126; x_wconf 85' lang='lat' dir='ltr'><strong>nec</strong></span> <span class='ocrx_word' id='word_1_112' title='bbox 443 1084 573 1140; x_wconf 77' lang='lat' dir='ltr'><strong>personas</strong></span> <span class='ocrx_word' id='word_1_113' title='bbox 587 1070 795 1140; x_wconf 79' lang='lat' dir='ltr'><strong>babemns‚quae</strong></span> <span class='ocrx_word' id='word_1_114' title='bbox 805 1071 883 1126; x_wconf 91' lang='lat' dir='ltr'><strong>nobis</strong></span> <span class='ocrx_word' id='word_1_115' title='bbox 897 1072 1051 1128; x_wconf 75' lang='lat' dir='ltr'><strong>nutriminis</strong></span> <span class='ocrx_word' id='word_1_116' title='bbox 1101 1068 1231 1136; x_wconf 88' lang='lat' dir='ltr'><strong>lecerunt,</strong></span> <span class='ocrx_word' id='word_1_117' title='bbox 1245 1078 1273 1125; x_wconf 89' lang='lat' dir='ltr'><strong>ct</strong></span> <span class='ocrx_word' id='word_1_118' title='bbox 1288 1070 1334 1124; x_wconf 89' lang='lat' dir='ltr'><strong>lilii</strong></span> <span class='ocrx_word' id='word_1_119' title='bbox 1354 1084 1448 1125; x_wconf 84' lang='lat' dir='ltr'><strong>eorem</strong></span> <span class='ocrx_word' id='word_1_120' title='bbox 1461 1069 1549 1124; x_wconf 87' lang='lat' dir='ltr'><strong>adhuc</strong></span> <span class='ocrx_word' id='word_1_121' title='bbox 1566 1067 1655 1123; x_wconf 88' lang='lat' dir='ltr'><strong>iacere</strong></span> <span class='ocrx_word' id='word_1_122' title='bbox 1676 1083 1730 1123; x_wconf 91' lang='lat' dir='ltr'><strong>noo</strong></span> <span class='ocrx_word' id='word_1_123' title='bbox 1753 1067 1888 1124; x_wconf 83' lang='lat' dir='ltr'><strong>desinant</strong></span> 
     </span>
     <span class='ocr_line' id='line_1_10' title="bbox 265 1155 1323 1230; baseline 0.003 -17"><span class='ocrx_word' id='word_1_124' title='bbox 265 1158 359 1213; x_wconf 87' lang='lat' dir='ltr'><strong>solatia</strong></span> <span class='ocrx_word' id='word_1_125' title='bbox 375 1158 497 1213; x_wconf 87' lang='lat' dir='ltr'><strong>solebant</strong></span> <span class='ocrx_word' id='word_1_126' title='bbox 508 1155 642 1224; x_wconf 77' lang='lat' dir='ltr'><strong>conferre,</strong></span> <span class='ocrx_word' id='word_1_127' title='bbox 655 1159 701 1213; x_wconf 89' lang='lat' dir='ltr'><strong>sed</strong></span> <span class='ocrx_word' id='word_1_128' title='bbox 711 1159 790 1228; x_wconf 90' lang='lat' dir='ltr'><strong>qnasi</strong></span> <span class='ocrx_word' id='word_1_129' title='bbox 801 1158 886 1214; x_wconf 77' lang='lat' dir='ltr'><strong>vidum</strong></span> <span class='ocrx_word' id='word_1_130' title='bbox 897 1159 970 1214; x_wconf 89' lang='lat' dir='ltr'><strong>omni</strong></span> <span class='ocrx_word' id='word_1_131' title='bbox 986 1175 1049 1230; x_wconf 91' lang='lat' dir='ltr'><strong>pro·</strong></span> <span class='ocrx_word' id='word_1_132' title='bbox 1101 1161 1163 1216; x_wconf 89' lang='lat' dir='ltr'><strong>ldee</strong></span> <span class='ocrx_word' id='word_1_133' title='bbox 1177 1161 1297 1230; x_wconf 84' lang='lat' dir='ltr'><strong>sequitur</strong></span> <span class='ocrx_word' id='word_1_134' title='bbox 1316 1178 1323 1216; x_wconf 74' lang='lat' dir='ltr'><strong>t</strong></span> 
     </span>
     <span class='ocr_line' id='line_1_11' title="bbox 266 1246 1889 1319; baseline 0.002 -21"><span class='ocrx_word' id='word_1_135' title='bbox 266 1248 366 1304; x_wconf 85' lang='lat' dir='ltr'><strong>risione</strong></span> <span class='ocrx_word' id='word_1_136' title='bbox 379 1264 410 1302; x_wconf 92' lang='lat' dir='ltr'><strong>ac</strong></span> <span class='ocrx_word' id='word_1_137' title='bbox 422 1247 605 1302; x_wconf 83' lang='lat' dir='ltr'><strong>consolatione</strong></span> <span class='ocrx_word' id='word_1_138' title='bbox 615 1246 713 1318; x_wconf 88' lang='lat' dir='ltr'><strong>privati</strong></span> <span class='ocrx_word' id='word_1_139' title='bbox 725 1262 828 1302; x_wconf 87' lang='lat' dir='ltr'><strong>sumus.</strong></span> <span class='ocrx_word' id='word_1_140' title='bbox 1138 1271 1147 1302; x_wconf 88' lang='grc' dir='ltr'>ι</span> <span class='ocrx_word' id='word_1_141' title='bbox 1164 1251 1259 1306; x_wconf 80' lang='lat' dir='ltr'><strong>Patres</strong></span> <span class='ocrx_word' id='word_1_142' title='bbox 1282 1250 1365 1306; x_wconf 87' lang='lat' dir='ltr'><strong>nostri</strong></span> <span class='ocrx_word' id='word_1_143' title='bbox 1387 1257 1577 1319; x_wconf 87' lang='lat' dir='ltr'><strong>peecaverunt,</strong></span> <span class='ocrx_word' id='word_1_144' title='bbox 1589 1257 1617 1303; x_wconf 87' lang='lat' dir='ltr'><strong>et</strong></span> <span class='ocrx_word' id='word_1_145' title='bbox 1634 1264 1687 1303; x_wconf 93' lang='lat' dir='ltr'><strong>non</strong></span> <span class='ocrx_word' id='word_1_146' title='bbox 1709 1255 1784 1310; x_wconf 85' lang='lat' dir='ltr'><strong>sunt,</strong></span> <span class='ocrx_word' id='word_1_147' title='bbox 1799 1253 1826 1300; x_wconf 91' lang='lat' dir='ltr'><strong>et</strong></span> <span class='ocrx_word' id='word_1_148' title='bbox 1842 1261 1889 1301; x_wconf 86' lang='lat' dir='ltr'><strong>nos</strong></span> 
     </span>
    </p>

    <p class='ocr_par' dir='ltr' id='par_1_4' title="bbox 262 1336 1889 1862">
     <span class='ocr_line' id='line_1_12' title="bbox 303 1336 1889 1412; baseline -0.001 -23"><span class='ocrx_word' id='word_1_149' title='bbox 303 1356 313 1389; x_wconf 83' lang='grc' dir='ltr'>ι</span> <span class='ocrx_word' id='word_1_150' title='bbox 331 1338 436 1407; x_wconf 80' lang='lat' dir='ltr'><strong>liquam</strong></span> <span class='ocrx_word' id='word_1_151' title='bbox 458 1346 577 1392; x_wconf 90' lang='lat' dir='ltr'><strong>nostram</strong></span> <span class='ocrx_word' id='word_1_152' title='bbox 596 1339 709 1409; x_wconf 87' lang='lat' dir='ltr'><strong>pecunia</strong></span> <span class='ocrx_word' id='word_1_153' title='bbox 726 1338 855 1405; x_wconf 82' lang='lat' dir='ltr'><strong>bibimus,</strong></span> <span class='ocrx_word' id='word_1_154' title='bbox 870 1339 943 1412; x_wconf 75' lang='lat' dir='ltr'><strong>ligna</strong></span> <span class='ocrx_word' id='word_1_155' title='bbox 957 1349 1050 1395; x_wconf 89' lang='lat' dir='ltr'><strong>nostra</strong></span> <span class='ocrx_word' id='word_1_156' title='bbox 1103 1361 1113 1394; x_wconf 81' lang='grc' dir='ltr'>ι</span> <span class='ocrx_word' id='word_1_157' title='bbox 1132 1341 1286 1412; x_wconf 78' lang='lat' dir='ltr'><strong>iniquitates</strong></span> <span class='ocrx_word' id='word_1_158' title='bbox 1312 1356 1405 1396; x_wconf 88' lang='lat' dir='ltr'><strong>eornm</strong></span> <span class='ocrx_word' id='word_1_159' title='bbox 1425 1339 1601 1410; x_wconf 87' lang='lat' dir='ltr'><strong>portavimus.</strong></span> <span class='ocrx_word' id='word_1_160' title='bbox 1617 1356 1627 1391; x_wconf 86' lang='grc' dir='ltr'>ι</span> <span class='ocrx_word' id='word_1_161' title='bbox 1642 1338 1704 1393; x_wconf 90' lang='lat' dir='ltr'><strong>ldeo</strong></span> <span class='ocrx_word' id='word_1_162' title='bbox 1730 1336 1889 1406; x_wconf 75' lang='lat' dir='ltr'><strong>iniquitates</strong></span> 
     </span>
     <span class='ocr_line' id='line_1_13' title="bbox 267 1425 1889 1502; baseline 0.001 -24"><span class='ocrx_word' id='word_1_163' title='bbox 267 1447 275 1478; x_wconf 82' lang='grc' dir='ltr'>ι</span> <span class='ocrx_word' id='word_1_164' title='bbox 292 1428 380 1497; x_wconf 89' lang='lat' dir='ltr'><strong>pretio</strong></span> <span class='ocrx_word' id='word_1_165' title='bbox 405 1428 631 1498; x_wconf 77' lang='lat' dir='ltr'><strong>comparavimus.</strong></span> <span class='ocrx_word' id='word_1_166' title='bbox 646 1448 655 1480; x_wconf 79' lang='lat' dir='ltr'><strong>r</strong></span> <span class='ocrx_word' id='word_1_167' title='bbox 671 1429 728 1484; x_wconf 89' lang='lat' dir='ltr'><strong>Duo</strong></span> <span class='ocrx_word' id='word_1_168' title='bbox 749 1428 881 1485; x_wconf 90' lang='lat' dir='ltr'><strong>elementa</strong></span> <span class='ocrx_word' id='word_1_169' title='bbox 907 1430 933 1484; x_wconf 89' lang='lat' dir='ltr'><strong>in</strong></span> <span class='ocrx_word' id='word_1_170' title='bbox 953 1431 1051 1500; x_wconf 89' lang='lat' dir='ltr'><strong>quibus</strong></span> <span class='ocrx_word' id='word_1_171' title='bbox 1099 1445 1193 1488; x_wconf 86' lang='lat' dir='ltr'><strong>corant</strong></span> <span class='ocrx_word' id='word_1_172' title='bbox 1203 1439 1388 1502; x_wconf 87' lang='lat' dir='ltr'><strong>portaverunt,</strong></span> <span class='ocrx_word' id='word_1_173' title='bbox 1396 1431 1458 1501; x_wconf 89' lang='lat' dir='ltr'><strong>quia</strong></span> <span class='ocrx_word' id='word_1_174' title='bbox 1468 1430 1619 1488; x_wconf 86' lang='lat' dir='ltr'><strong>imitatores</strong></span> <span class='ocrx_word' id='word_1_175' title='bbox 1627 1442 1721 1494; x_wconf 81' lang='lat' dir='ltr'><strong>eoram</strong></span> <span class='ocrx_word' id='word_1_176' title='bbox 1733 1425 1889 1495; x_wconf 81' lang='lat' dir='ltr'><strong>irruequitia</strong></span> 
     </span>
     <span class='ocr_line' id='line_1_14' title="bbox 265 1516 1889 1593; baseline -0.002 -21"><span class='ocrx_word' id='word_1_177' title='bbox 265 1517 382 1572; x_wconf 80' lang='lat' dir='ltr'><strong>maxime</strong></span> <span class='ocrx_word' id='word_1_178' title='bbox 396 1518 514 1573; x_wconf 88' lang='lat' dir='ltr'><strong>nutritur</strong></span> <span class='ocrx_word' id='word_1_179' title='bbox 528 1519 582 1573; x_wconf 88' lang='lat' dir='ltr'><strong>vita</strong></span> <span class='ocrx_word' id='word_1_180' title='bbox 603 1519 730 1584; x_wconf 87' lang='lat' dir='ltr'><strong>burnaua,</strong></span> <span class='ocrx_word' id='word_1_181' title='bbox 744 1526 898 1588; x_wconf 79' lang='lat' dir='ltr'><strong>etquenam</strong></span> <span class='ocrx_word' id='word_1_182' title='bbox 912 1536 977 1576; x_wconf 89' lang='lat' dir='ltr'><strong>usus</strong></span> <span class='ocrx_word' id='word_1_183' title='bbox 989 1536 1049 1576; x_wconf 90' lang='grc' dir='ltr'>οιιι-</span> <span class='ocrx_word' id='word_1_184' title='bbox 1100 1524 1271 1590; x_wconf 79' lang='lat' dir='ltr'><strong>exstiterunt,</strong></span> <span class='ocrx_word' id='word_1_185' title='bbox 1282 1522 1359 1593; x_wconf 79' lang='lat' dir='ltr'><strong>juxta</strong></span> <span class='ocrx_word' id='word_1_186' title='bbox 1381 1522 1445 1577; x_wconf 91' lang='lat' dir='ltr'><strong>illud</strong></span> <span class='ocrx_word' id='word_1_187' title='bbox 1458 1521 1530 1593; x_wconf 93' lang='lat' dir='ltr'><strong>quod</strong></span> <span class='ocrx_word' id='word_1_188' title='bbox 1545 1520 1675 1591; x_wconf 88' lang='lat' dir='ltr'><strong>seriptum</strong></span> <span class='ocrx_word' id='word_1_189' title='bbox 1693 1526 1755 1575; x_wconf 89' lang='lat' dir='ltr'><strong>est:</strong></span> <span class='ocrx_word' id='word_1_190' title='bbox 1772 1536 1782 1568; x_wconf 92' lang='grc' dir='ltr'>ι</span> <span class='ocrx_word' id='word_1_191' title='bbox 1796 1516 1889 1572; x_wconf 81' lang='lat' dir='ltr'><strong>Patres</strong></span> 
     </span>
     <span class='ocr_line' id='line_1_15' title="bbox 264 1608 1888 1682; baseline 0.001 -21"><span class='ocrx_word' id='word_1_192' title='bbox 264 1608 341 1663; x_wconf 90' lang='lat' dir='ltr'><strong>uibus</strong></span> <span class='ocrx_word' id='word_1_193' title='bbox 356 1609 508 1664; x_wconf 75' lang='lat' dir='ltr'><strong>eoairnunis</strong></span> <span class='ocrx_word' id='word_1_194' title='bbox 529 1617 585 1674; x_wconf 88' lang='lat' dir='ltr'><strong>est,</strong></span> <span class='ocrx_word' id='word_1_195' title='bbox 600 1609 652 1664; x_wconf 88' lang='lat' dir='ltr'><strong>sibi</strong></span> <span class='ocrx_word' id='word_1_196' title='bbox 667 1610 732 1665; x_wconf 84' lang='lat' dir='ltr'><strong>dien</strong></span> <span class='ocrx_word' id='word_1_197' title='bbox 754 1620 864 1680; x_wconf 90' lang='lat' dir='ltr'><strong>propter</strong></span> <span class='ocrx_word' id='word_1_198' title='bbox 885 1611 1050 1682; x_wconf 86' lang='lat' dir='ltr'><strong>captivitatis</strong></span> <span class='ocrx_word' id='word_1_199' title='bbox 1100 1615 1186 1670; x_wconf 86' lang='lat' dir='ltr'><strong>nostri</strong></span> <span class='ocrx_word' id='word_1_200' title='bbox 1198 1615 1372 1671; x_wconf 85' lang='lat' dir='ltr'><strong>comederunt</strong></span> <span class='ocrx_word' id='word_1_201' title='bbox 1382 1629 1460 1669; x_wconf 89' lang='lat' dir='ltr'><strong>uram</strong></span> <span class='ocrx_word' id='word_1_202' title='bbox 1473 1613 1610 1676; x_wconf 75' lang='lat' dir='ltr'><strong>acerbam,</strong></span> <span class='ocrx_word' id='word_1_203' title='bbox 1624 1619 1650 1666; x_wconf 90' lang='lat' dir='ltr'><strong>et</strong></span> <span class='ocrx_word' id='word_1_204' title='bbox 1663 1610 1758 1666; x_wconf 90' lang='lat' dir='ltr'><strong>dentes</strong></span> <span class='ocrx_word' id='word_1_205' title='bbox 1774 1608 1888 1663; x_wconf 82' lang='lat' dir='ltr'><strong>filioram</strong></span> 
     </span>
     <span class='ocr_line' id='line_1_16' title="bbox 262 1697 1887 1777; baseline -0.001 -24"><span class='ocrx_word' id='word_1_206' title='bbox 262 1698 403 1768; x_wconf 89' lang='lat' dir='ltr'><strong>penuriam</strong></span> <span class='ocrx_word' id='word_1_207' title='bbox 418 1697 552 1754; x_wconf 85' lang='lat' dir='ltr'><strong>dillicilem</strong></span> <span class='ocrx_word' id='word_1_208' title='bbox 566 1714 626 1755; x_wconf 88' lang='lat' dir='ltr'><strong>esse</strong></span> <span class='ocrx_word' id='word_1_209' title='bbox 639 1699 780 1769; x_wconf 90' lang='lat' dir='ltr'><strong>adempta,</strong></span> <span class='ocrx_word' id='word_1_210' title='bbox 796 1701 832 1755; x_wconf 89' lang='lat' dir='ltr'><strong>ita</strong></span> <span class='ocrx_word' id='word_1_211' title='bbox 847 1709 877 1755; x_wconf 91' lang='lat' dir='ltr'><strong>ut</strong></span> <span class='ocrx_word' id='word_1_212' title='bbox 889 1716 940 1757; x_wconf 90' lang='lat' dir='ltr'><strong>uec</strong></span> <span class='ocrx_word' id='word_1_213' title='bbox 951 1718 1048 1773; x_wconf 89' lang='lat' dir='ltr'><strong>aquam</strong></span> <span class='ocrx_word' id='word_1_214' title='bbox 1101 1706 1296 1775; x_wconf 89' lang='lat' dir='ltr'><strong>obstupuerunt</strong></span> <span class='ocrx_word' id='word_1_215' title='bbox 1308 1703 1374 1777; x_wconf 82' lang='lat' dir='ltr'><strong>(Jer.</strong></span> <span class='ocrx_word' id='word_1_216' title='bbox 1388 1703 1474 1776; x_wconf 74' lang='lat' dir='ltr'><strong>xxxv).</strong></span> <span class='ocrx_word' id='word_1_217' title='bbox 1487 1725 1495 1756; x_wconf 85' lang='grc' dir='ltr'>ι</span> <span class='ocrx_word' id='word_1_218' title='bbox 1511 1703 1580 1757; x_wconf 79' lang='lat' dir='ltr'><strong>Utin</strong></span> <span class='ocrx_word' id='word_1_219' title='bbox 1593 1700 1685 1756; x_wconf 84' lang='lat' dir='ltr'><strong>Exodo</strong></span> <span class='ocrx_word' id='word_1_220' title='bbox 1697 1719 1705 1754; x_wconf 89' lang='lat'><strong>:</strong></span> <span class='ocrx_word' id='word_1_221' title='bbox 1720 1718 1730 1750; x_wconf 87' lang='lat' dir='ltr'><strong>t</strong></span> <span class='ocrx_word' id='word_1_222' title='bbox 1746 1699 1806 1770; x_wconf 69' lang='lat' dir='ltr'><strong>ligo</strong></span> <span class='ocrx_word' id='word_1_223' title='bbox 1818 1715 1887 1762; x_wconf 88' lang='lat' dir='ltr'><strong>sum,</strong></span> 
     </span>
     <span class='ocr_line' id='line_1_17' title="bbox 264 1788 1888 1862; baseline -0.001 -18"><span class='ocrx_word' id='word_1_224' title='bbox 264 1790 297 1845; x_wconf 89' lang='lat' dir='ltr'><strong>ad</strong></span> <span class='ocrx_word' id='word_1_225' title='bbox 310 1789 466 1857; x_wconf 72' lang='lat' dir='ltr'><strong>binomium,</strong></span> <span class='ocrx_word' id='word_1_226' title='bbox 480 1805 531 1846; x_wconf 89' lang='lat' dir='ltr'><strong>nec</strong></span> <span class='ocrx_word' id='word_1_227' title='bbox 543 1789 616 1862; x_wconf 81' lang='lat' dir='ltr'><strong>liyna</strong></span> <span class='ocrx_word' id='word_1_228' title='bbox 629 1791 663 1846; x_wconf 90' lang='lat' dir='ltr'><strong>ad</strong></span> <span class='ocrx_word' id='word_1_229' title='bbox 677 1789 767 1846; x_wconf 86' lang='lat' dir='ltr'><strong>locum</strong></span> <span class='ocrx_word' id='word_1_230' title='bbox 780 1791 838 1847; x_wconf 88' lang='lat' dir='ltr'><strong>siue</strong></span> <span class='ocrx_word' id='word_1_231' title='bbox 852 1793 932 1862; x_wconf 88' lang='lat' dir='ltr'><strong>pretii</strong></span> <span class='ocrx_word' id='word_1_232' title='bbox 945 1794 1050 1849; x_wconf 80' lang='lat' dir='ltr'><strong>rodem·</strong></span> <span class='ocrx_word' id='word_1_233' title='bbox 1064 1789 1087 1847; x_wconf 87' lang='lat' dir='ltr'><strong>U</strong></span> <span class='ocrx_word' id='word_1_234' title='bbox 1101 1794 1150 1860; x_wconf 88' lang='lat' dir='ltr'><strong>ait,</strong></span> <span class='ocrx_word' id='word_1_235' title='bbox 1165 1793 1294 1849; x_wconf 83' lang='lat' dir='ltr'><strong>Dominus</strong></span> <span class='ocrx_word' id='word_1_236' title='bbox 1312 1794 1383 1848; x_wconf 88' lang='lat' dir='ltr'><strong>Deus</strong></span> <span class='ocrx_word' id='word_1_237' title='bbox 1399 1802 1475 1858; x_wconf 92' lang='lat' dir='ltr'><strong>tuus,</strong></span> <span class='ocrx_word' id='word_1_238' title='bbox 1490 1791 1561 1847; x_wconf 84' lang='lat' dir='ltr'><strong>neus</strong></span> <span class='ocrx_word' id='word_1_239' title='bbox 1579 1790 1730 1853; x_wconf 74' lang='lat' dir='ltr'><strong>tentula&#39;or,</strong></span> <span class='ocrx_word' id='word_1_240' title='bbox 1743 1789 1792 1858; x_wconf 89' lang='lat' dir='ltr'><strong>qui</strong></span> <span class='ocrx_word' id='word_1_241' title='bbox 1808 1788 1888 1843; x_wconf 79' lang='lat' dir='ltr'><strong>reddo</strong></span> 
     </span>
    </p>
   </div>
   <div class='ocr_carea' id='block_1_3' title="bbox 261 1881 1050 2766">
    <p class='ocr_par' dir='ltr' id='par_1_5' title="bbox 262 1881 592 1952">
     <span class='ocr_line' id='line_1_18' title="bbox 262 1881 592 1952; baseline 0.003 -18"><span class='ocrx_word' id='word_1_242' title='bbox 262 1881 353 1952; x_wconf 86' lang='lat' dir='ltr'><strong>ptionc</strong></span> <span class='ocrx_word' id='word_1_243' title='bbox 364 1882 464 1936; x_wconf 87' lang='lat' dir='ltr'><strong>babere</strong></span> <span class='ocrx_word' id='word_1_244' title='bbox 473 1891 592 1951; x_wconf 86' lang='lat' dir='ltr'><strong>possent.</strong></span> 
     </span>
    </p>

    <p class='ocr_par' dir='ltr' id='par_1_6' title="bbox 261 1971 1050 2583">
     <span class='ocr_line' id='line_1_19' title="bbox 301 1971 1049 2037; baseline 0.008 -13"><span class='ocrx_word' id='word_1_245' title='bbox 301 1971 481 2026; x_wconf 71' lang='lat' dir='ltr'><strong>‹Cervicibus</strong></span> <span class='ocrx_word' id='word_1_246' title='bbox 502 1971 777 2037; x_wconf 81' lang='lat' dir='ltr'><strong>tuiuabamur,lassis</strong></span> <span class='ocrx_word' id='word_1_247' title='bbox 796 1988 849 2027; x_wconf 91' lang='lat' dir='ltr'><strong>uon</strong></span> <span class='ocrx_word' id='word_1_248' title='bbox 869 1973 984 2029; x_wconf 80' lang='lat' dir='ltr'><strong>dabatur</strong></span> <span class='ocrx_word' id='word_1_249' title='bbox 1005 1992 1049 2031; x_wconf 91' lang='lat' dir='ltr'><strong>re-</strong></span> 
     </span>
     <span class='ocr_line' id='line_1_20' title="bbox 266 2060 1050 2134; baseline 0.009 -20"><span class='ocrx_word' id='word_1_250' title='bbox 266 2084 274 2114; x_wconf 80' lang='grc' dir='ltr'>ι</span> <span class='ocrx_word' id='word_1_251' title='bbox 293 2062 399 2133; x_wconf 75' lang='lat' dir='ltr'><strong>quies.»</strong></span> <span class='ocrx_word' id='word_1_252' title='bbox 414 2060 487 2116; x_wconf 86' lang='lat' dir='ltr'><strong>llere</strong></span> <span class='ocrx_word' id='word_1_253' title='bbox 497 2061 682 2132; x_wconf 78' lang='lat' dir='ltr'><strong>jumentorum</strong></span> <span class='ocrx_word' id='word_1_254' title='bbox 695 2063 844 2118; x_wconf 87' lang='lat' dir='ltr'><strong>cervicibus</strong></span> <span class='ocrx_word' id='word_1_255' title='bbox 855 2062 943 2134; x_wconf 81' lang='lat' dir='ltr'><strong>ligatis</strong></span> <span class='ocrx_word' id='word_1_256' title='bbox 957 2081 986 2121; x_wconf 90' lang='lat' dir='ltr'><strong>se</strong></span> <span class='ocrx_word' id='word_1_257' title='bbox 1000 2068 1050 2120; x_wconf 86' lang='lat' dir='ltr'><strong>mi-</strong></span> 
     </span>
     <span class='ocr_line' id='line_1_21' title="bbox 263 2151 1048 2222; baseline 0.005 -15"><span class='ocrx_word' id='word_1_258' title='bbox 263 2153 322 2208; x_wconf 91' lang='lat' dir='ltr'><strong>nari</strong></span> <span class='ocrx_word' id='word_1_259' title='bbox 334 2152 413 2216; x_wconf 89' lang='lat' dir='ltr'><strong>dicit,</strong></span> <span class='ocrx_word' id='word_1_260' title='bbox 429 2151 492 2222; x_wconf 87' lang='lat' dir='ltr'><strong>quia</strong></span> <span class='ocrx_word' id='word_1_261' title='bbox 507 2152 592 2208; x_wconf 82' lang='lat' dir='ltr'><strong>bostis</strong></span> <span class='ocrx_word' id='word_1_262' title='bbox 611 2164 704 2207; x_wconf 88' lang='lat' dir='ltr'><strong>eornm</strong></span> <span class='ocrx_word' id='word_1_263' title='bbox 719 2153 819 2208; x_wconf 88' lang='lat' dir='ltr'><strong>nullam</strong></span> <span class='ocrx_word' id='word_1_264' title='bbox 833 2157 874 2210; x_wconf 87' lang='lat' dir='ltr'><strong>sui</strong></span> <span class='ocrx_word' id='word_1_265' title='bbox 887 2154 1048 2211; x_wconf 88' lang='lat' dir='ltr'><strong>dominatio-</strong></span> 
     </span>
     <span class='ocr_line' id='line_1_22' title="bbox 261 2241 1049 2315; baseline 0.005 -19"><span class='ocrx_word' id='word_1_266' title='bbox 261 2258 323 2296; x_wconf 89' lang='lat' dir='ltr'><strong>nem</strong></span> <span class='ocrx_word' id='word_1_267' title='bbox 350 2242 449 2296; x_wconf 84' lang='lat' dir='ltr'><strong>babere</strong></span> <span class='ocrx_word' id='word_1_268' title='bbox 473 2241 623 2312; x_wconf 88' lang='lat' dir='ltr'><strong>permittit,</strong></span> <span class='ocrx_word' id='word_1_269' title='bbox 649 2242 696 2296; x_wconf 90' lang='lat' dir='ltr'><strong>sed</strong></span> <span class='ocrx_word' id='word_1_270' title='bbox 723 2243 868 2297; x_wconf 88' lang='lat' dir='ltr'><strong>trabuntur</strong></span> <span class='ocrx_word' id='word_1_271' title='bbox 888 2258 1049 2315; x_wconf 88' lang='lat' dir='ltr'><strong>quocunque</strong></span> 
     </span>
     <span class='ocr_line' id='line_1_23' title="bbox 261 2331 1049 2406; baseline 0.001 -17"><span class='ocrx_word' id='word_1_272' title='bbox 261 2332 377 2405; x_wconf 84' lang='lat' dir='ltr'><strong>impetus</strong></span> <span class='ocrx_word' id='word_1_273' title='bbox 394 2332 536 2404; x_wconf 79' lang='lat' dir='ltr'><strong>dirigentis</strong></span> <span class='ocrx_word' id='word_1_274' title='bbox 549 2331 673 2398; x_wconf 89' lang='lat' dir='ltr'><strong>volucrit,</strong></span> <span class='ocrx_word' id='word_1_275' title='bbox 687 2348 738 2388; x_wconf 88' lang='lat' dir='ltr'><strong>uec</strong></span> <span class='ocrx_word' id='word_1_276' title='bbox 750 2332 829 2388; x_wconf 83' lang='lat' dir='ltr'><strong>lassis</strong></span> <span class='ocrx_word' id='word_1_277' title='bbox 842 2332 876 2387; x_wconf 90' lang='lat' dir='ltr'><strong>ad</strong></span> <span class='ocrx_word' id='word_1_278' title='bbox 889 2333 1049 2406; x_wconf 80' lang='lat' dir='ltr'><strong>refrigeren-</strong></span> 
     </span>
     <span class='ocr_line' id='line_1_24' title="bbox 261 2424 1049 2498; baseline 0.008 -20"><span class='ocrx_word' id='word_1_279' title='bbox 261 2426 325 2479; x_wconf 91' lang='lat' dir='ltr'><strong>dum</strong></span> <span class='ocrx_word' id='word_1_280' title='bbox 340 2425 392 2479; x_wconf 88' lang='lat' dir='ltr'><strong>ulla</strong></span> <span class='ocrx_word' id='word_1_281' title='bbox 408 2424 487 2479; x_wconf 90' lang='lat' dir='ltr'><strong>datur</strong></span> <span class='ocrx_word' id='word_1_282' title='bbox 500 2424 624 2492; x_wconf 76' lang='lat' dir='ltr'><strong>facultas,</strong></span> <span class='ocrx_word' id='word_1_283' title='bbox 637 2435 664 2482; x_wconf 88' lang='lat' dir='ltr'><strong>ct</strong></span> <span class='ocrx_word' id='word_1_284' title='bbox 677 2426 748 2482; x_wconf 83' lang='lat' dir='ltr'><strong>utrde</strong></span> <span class='ocrx_word' id='word_1_285' title='bbox 758 2426 883 2483; x_wconf 86' lang='lat' dir='ltr'><strong>solatium</strong></span> <span class='ocrx_word' id='word_1_286' title='bbox 893 2428 1049 2498; x_wconf 67' lang='lat' dir='ltr'><strong>quaesierint</strong></span> 
     </span>
     <span class='ocr_line' id='line_1_25' title="bbox 263 2516 592 2583; baseline 0.006 -12"><span class='ocrx_word' id='word_1_287' title='bbox 263 2530 326 2571; x_wconf 84' lang='lat' dir='ltr'><strong>rttox</strong></span> <span class='ocrx_word' id='word_1_288' title='bbox 339 2516 466 2583; x_wconf 81' lang='lat' dir='ltr'><strong>subdidit,</strong></span> <span class='ocrx_word' id='word_1_289' title='bbox 480 2517 592 2573; x_wconf 89' lang='lat' dir='ltr'><strong>dicens:</strong></span> 
     </span>
    </p>

    <p class='ocr_par' dir='ltr' id='par_1_7' title="bbox 263 2606 1048 2766">
     <span class='ocr_line' id='line_1_26' title="bbox 301 2606 1048 2681; baseline 0.015 -24"><span class='ocrx_word' id='word_1_290' title='bbox 301 2622 311 2656; x_wconf 91' lang='lat' dir='ltr'><strong>t</strong></span> <span class='ocrx_word' id='word_1_291' title='bbox 328 2606 446 2677; x_wconf 79' lang='lat' dir='ltr'><strong>AEgypto</strong></span> <span class='ocrx_word' id='word_1_292' title='bbox 460 2607 582 2662; x_wconf 89' lang='lat' dir='ltr'><strong>dedimus</strong></span> <span class='ocrx_word' id='word_1_293' title='bbox 596 2624 705 2663; x_wconf 88' lang='lat' dir='ltr'><strong>manum</strong></span> <span class='ocrx_word' id='word_1_294' title='bbox 718 2619 747 2665; x_wconf 86' lang='lat' dir='ltr'><strong>et</strong></span> <span class='ocrx_word' id='word_1_295' title='bbox 756 2610 885 2681; x_wconf 79' lang='lat' dir='ltr'><strong>Assyriis,</strong></span> <span class='ocrx_word' id='word_1_296' title='bbox 899 2619 928 2665; x_wconf 96' lang='grc' dir='ltr'><strong>ιιι</strong></span> <span class='ocrx_word' id='word_1_297' title='bbox 941 2619 1048 2668; x_wconf 85' lang='lat' dir='ltr'><strong>satura·</strong></span> 
     </span>
     <span class='ocr_line' id='line_1_27' title="bbox 263 2695 1047 2766; baseline 0.009 -18"><span class='ocrx_word' id='word_1_298' title='bbox 263 2710 382 2750; x_wconf 75' lang='lat' dir='ltr'><strong>«rentur</strong></span> <span class='ocrx_word' id='word_1_299' title='bbox 403 2695 553 2765; x_wconf 77' lang='lat' dir='ltr'><strong>panibusr</strong></span> <span class='ocrx_word' id='word_1_300' title='bbox 578 2695 690 2766; x_wconf 81' lang='lat' dir='ltr'><strong>Senmet</strong></span> <span class='ocrx_word' id='word_1_301' title='bbox 715 2697 788 2754; x_wconf 89' lang='lat' dir='ltr'><strong>enim</strong></span> <span class='ocrx_word' id='word_1_302' title='bbox 811 2698 938 2756; x_wconf 81' lang='lat' dir='ltr'><strong>israelita</strong></span> <span class='ocrx_word' id='word_1_303' title='bbox 960 2703 1047 2757; x_wconf 87' lang='lat' dir='ltr'><strong>aversi</strong></span> 
     </span>
    </p>
   </div>
   <div class='ocr_carea' id='block_1_4' title="bbox 1098 1879 1891 2769">
    <p class='ocr_par' dir='ltr' id='par_1_8' title="bbox 1098 1879 1891 2769">
     <span class='ocr_line' id='line_1_28' title="bbox 1101 1879 1889 1956; baseline -0.011 -17"><span class='ocrx_word' id='word_1_304' title='bbox 1101 1891 1211 1956; x_wconf 87' lang='lat' dir='ltr'><strong>peecata</strong></span> <span class='ocrx_word' id='word_1_305' title='bbox 1221 1892 1328 1954; x_wconf 89' lang='lat' dir='ltr'><strong>patrum</strong></span> <span class='ocrx_word' id='word_1_306' title='bbox 1341 1884 1367 1938; x_wconf 89' lang='lat' dir='ltr'><strong>in</strong></span> <span class='ocrx_word' id='word_1_307' title='bbox 1379 1882 1447 1937; x_wconf 78' lang='lat' dir='ltr'><strong>salios</strong></span> <span class='ocrx_word' id='word_1_308' title='bbox 1457 1897 1541 1951; x_wconf 88' lang='lat' dir='ltr'><strong>usque</strong></span> <span class='ocrx_word' id='word_1_309' title='bbox 1554 1880 1587 1935; x_wconf 90' lang='lat' dir='ltr'><strong>ad</strong></span> <span class='ocrx_word' id='word_1_310' title='bbox 1599 1879 1706 1935; x_wconf 70' lang='lat' dir='ltr'><strong>tertiam</strong></span> <span class='ocrx_word' id='word_1_311' title='bbox 1721 1887 1749 1932; x_wconf 87' lang='lat' dir='ltr'><strong>et</strong></span> <span class='ocrx_word' id='word_1_312' title='bbox 1762 1885 1889 1948; x_wconf 86' lang='lat' dir='ltr'><strong>quartam</strong></span> 
     </span>
     <span class='ocr_line' id='line_1_29' title="bbox 1100 1966 1889 2042; baseline -0.008 -14"><span class='ocrx_word' id='word_1_313' title='bbox 1100 1973 1313 2042; x_wconf 74' lang='lat' dir='ltr'><strong>generationem,</strong></span> <span class='ocrx_word' id='word_1_314' title='bbox 1330 1972 1372 2027; x_wconf 88' lang='lat' dir='ltr'><strong>his</strong></span> <span class='ocrx_word' id='word_1_315' title='bbox 1383 1971 1429 2041; x_wconf 92' lang='lat' dir='ltr'><strong>qui</strong></span> <span class='ocrx_word' id='word_1_316' title='bbox 1446 1972 1561 2026; x_wconf 92' lang='lat' dir='ltr'><strong>oderunt</strong></span> <span class='ocrx_word' id='word_1_317' title='bbox 1581 1984 1623 2024; x_wconf 86' lang='lat' dir='ltr'><strong>nte</strong></span> <span class='ocrx_word' id='word_1_318' title='bbox 1634 1984 1642 2024; x_wconf 72' lang='grc' dir='ltr'>ι</span> <span class='ocrx_word' id='word_1_319' title='bbox 1654 1977 1682 2023; x_wconf 89' lang='lat' dir='ltr'><strong>et</strong></span> <span class='ocrx_word' id='word_1_320' title='bbox 1693 1966 1766 2024; x_wconf 86' lang='lat' dir='ltr'><strong>lacio</strong></span> <span class='ocrx_word' id='word_1_321' title='bbox 1781 1967 1889 2022; x_wconf 86' lang='lat' dir='ltr'><strong>miseri·</strong></span> 
     </span>
     <span class='ocr_line' id='line_1_30' title="bbox 1100 2057 1889 2131; baseline -0.009 -15"><span class='ocrx_word' id='word_1_322' title='bbox 1100 2060 1218 2117; x_wconf 86' lang='lat' dir='ltr'><strong>cordiam</strong></span> <span class='ocrx_word' id='word_1_323' title='bbox 1235 2062 1261 2115; x_wconf 92' lang='lat' dir='ltr'><strong>iu</strong></span> <span class='ocrx_word' id='word_1_324' title='bbox 1276 2059 1359 2115; x_wconf 91' lang='lat' dir='ltr'><strong>millia</strong></span> <span class='ocrx_word' id='word_1_325' title='bbox 1374 2060 1416 2115; x_wconf 87' lang='lat' dir='ltr'><strong>bis</strong></span> <span class='ocrx_word' id='word_1_326' title='bbox 1431 2060 1475 2131; x_wconf 92' lang='lat' dir='ltr'><strong>qui</strong></span> <span class='ocrx_word' id='word_1_327' title='bbox 1491 2059 1606 2131; x_wconf 82' lang='lat' dir='ltr'><strong>diligunt</strong></span> <span class='ocrx_word' id='word_1_328' title='bbox 1625 2073 1678 2123; x_wconf 89' lang='lat' dir='ltr'><strong>mc,</strong></span> <span class='ocrx_word' id='word_1_329' title='bbox 1692 2065 1720 2112; x_wconf 92' lang='lat' dir='ltr'><strong>ct</strong></span> <span class='ocrx_word' id='word_1_330' title='bbox 1733 2057 1889 2111; x_wconf 83' lang='lat' dir='ltr'><strong>custodiunt</strong></span> 
     </span>
     <span class='ocr_line' id='line_1_31' title="bbox 1099 2146 1890 2223; baseline -0.006 -17"><span class='ocrx_word' id='word_1_331' title='bbox 1099 2160 1232 2221; x_wconf 75' lang='lat' dir='ltr'><strong>precepta</strong></span> <span class='ocrx_word' id='word_1_332' title='bbox 1249 2165 1308 2205; x_wconf 87' lang='lat' dir='ltr'><strong>mea</strong></span> <span class='ocrx_word' id='word_1_333' title='bbox 1323 2149 1421 2223; x_wconf 73' lang='lat' dir='ltr'><strong>(deod.</strong></span> <span class='ocrx_word' id='word_1_334' title='bbox 1435 2148 1513 2222; x_wconf 74' lang='lat' dir='ltr'><strong>vul.»</strong></span> <span class='ocrx_word' id='word_1_335' title='bbox 1530 2148 1584 2204; x_wconf 85' lang='lat' dir='ltr'><strong>Neo</strong></span> <span class='ocrx_word' id='word_1_336' title='bbox 1604 2147 1760 2204; x_wconf 85' lang='lat' dir='ltr'><strong>contrarius</strong></span> <span class='ocrx_word' id='word_1_337' title='bbox 1781 2156 1825 2202; x_wconf 87' lang='lat' dir='ltr'><strong>est</strong></span> <span class='ocrx_word' id='word_1_338' title='bbox 1846 2146 1890 2201; x_wconf 80' lang='lat' dir='ltr'><strong>laic</strong></span> 
     </span>
     <span class='ocr_line' id='line_1_32' title="bbox 1099 2237 1890 2298; baseline -0.001 -4"><span class='ocrx_word' id='word_1_339' title='bbox 1099 2240 1174 2298; x_wconf 91' lang='lat' dir='ltr'><strong>loeus</strong></span> <span class='ocrx_word' id='word_1_340' title='bbox 1189 2241 1226 2296; x_wconf 87' lang='lat' dir='ltr'><strong>illi</strong></span> <span class='ocrx_word' id='word_1_341' title='bbox 1240 2241 1396 2298; x_wconf 88' lang='lat' dir='ltr'><strong>testimonio</strong></span> <span class='ocrx_word' id='word_1_342' title='bbox 1410 2241 1558 2297; x_wconf 84' lang='lat' dir='ltr'><strong>Ezechielis</strong></span> <span class='ocrx_word' id='word_1_343' title='bbox 1579 2240 1759 2296; x_wconf 84' lang='lat' dir='ltr'><strong>ubidicitur:</strong></span> <span class='ocrx_word' id='word_1_344' title='bbox 1775 2257 1786 2290; x_wconf 85' lang='lat' dir='ltr'><strong>r</strong></span> <span class='ocrx_word' id='word_1_345' title='bbox 1804 2237 1890 2293; x_wconf 80' lang='lat' dir='ltr'><strong>Filias</strong></span> 
     </span>
     <span class='ocr_line' id='line_1_33' title="bbox 1100 2331 1891 2405; baseline -0.006 -16"><span class='ocrx_word' id='word_1_346' title='bbox 1100 2350 1152 2389; x_wconf 90' lang='lat' dir='ltr'><strong>nnn</strong></span> <span class='ocrx_word' id='word_1_347' title='bbox 1174 2334 1292 2405; x_wconf 86' lang='lat' dir='ltr'><strong>portabit</strong></span> <span class='ocrx_word' id='word_1_348' title='bbox 1306 2333 1472 2404; x_wconf 88' lang='lat' dir='ltr'><strong>iniquitatem</strong></span> <span class='ocrx_word' id='word_1_349' title='bbox 1488 2333 1587 2403; x_wconf 88' lang='lat' dir='ltr'><strong>patris,</strong></span> <span class='ocrx_word' id='word_1_350' title='bbox 1600 2346 1652 2388; x_wconf 86' lang='lat' dir='ltr'><strong>nec</strong></span> <span class='ocrx_word' id='word_1_351' title='bbox 1664 2340 1744 2401; x_wconf 88' lang='lat' dir='ltr'><strong>pater</strong></span> <span class='ocrx_word' id='word_1_352' title='bbox 1757 2331 1891 2402; x_wconf 86' lang='lat' dir='ltr'><strong>iniquita·</strong></span> 
     </span>
     <span class='ocr_line' id='line_1_34' title="bbox 1101 2422 1891 2496; baseline -0.001 -17"><span class='ocrx_word' id='word_1_353' title='bbox 1101 2435 1154 2480; x_wconf 90' lang='lat' dir='ltr'><strong>tem</strong></span> <span class='ocrx_word' id='word_1_354' title='bbox 1169 2425 1249 2491; x_wconf 54' lang='lat' dir='ltr'><strong>tilii„</strong></span> <span class='ocrx_word' id='word_1_355' title='bbox 1265 2425 1329 2494; x_wconf 90' lang='lat' dir='ltr'><strong>quia</strong></span> <span class='ocrx_word' id='word_1_356' title='bbox 1351 2439 1413 2480; x_wconf 86' lang='lat' dir='ltr'><strong>mor</strong></span> <span class='ocrx_word' id='word_1_357' title='bbox 1426 2425 1565 2496; x_wconf 84' lang='lat' dir='ltr'><strong>sequitur:</strong></span> <span class='ocrx_word' id='word_1_358' title='bbox 1581 2422 1712 2479; x_wconf 77' lang='lat' dir='ltr'><strong>«iustitia</strong></span> <span class='ocrx_word' id='word_1_359' title='bbox 1724 2422 1793 2492; x_wconf 85' lang='lat' dir='ltr'><strong>justi</strong></span> <span class='ocrx_word' id='word_1_360' title='bbox 1810 2438 1891 2494; x_wconf 87' lang='lat' dir='ltr'><strong>saper</strong></span> 
     </span>
     <span class='ocr_line' id='line_1_35' title="bbox 1098 2512 1887 2585; baseline -0.009 -15"><span class='ocrx_word' id='word_1_361' title='bbox 1098 2529 1160 2570; x_wconf 86' lang='lat' dir='ltr'><strong>curn</strong></span> <span class='ocrx_word' id='word_1_362' title='bbox 1173 2514 1234 2579; x_wconf 88' lang='lat' dir='ltr'><strong>erit,</strong></span> <span class='ocrx_word' id='word_1_363' title='bbox 1243 2514 1400 2585; x_wconf 86' lang='lat' dir='ltr'><strong>ctimpietas</strong></span> <span class='ocrx_word' id='word_1_364' title='bbox 1411 2514 1485 2585; x_wconf 89' lang='lat' dir='ltr'><strong>impii</strong></span> <span class='ocrx_word' id='word_1_365' title='bbox 1494 2513 1652 2584; x_wconf 89' lang='lat' dir='ltr'><strong>superillnm</strong></span> <span class='ocrx_word' id='word_1_366' title='bbox 1662 2512 1771 2584; x_wconf 77' lang='lat' dir='ltr'><strong>(Uacci.</strong></span> <span class='ocrx_word' id='word_1_367' title='bbox 1782 2515 1887 2584; x_wconf 76' lang='grc' dir='ltr'>ιι·ιιι).ι</span> 
     </span>
     <span class='ocr_line' id='line_1_36' title="bbox 1099 2603 1891 2677; baseline -0.006 -16"><span class='ocrx_word' id='word_1_368' title='bbox 1099 2605 1185 2661; x_wconf 84' lang='lat' dir='ltr'><strong>Solvit</strong></span> <span class='ocrx_word' id='word_1_369' title='bbox 1207 2621 1271 2677; x_wconf 80' lang='lat' dir='ltr'><strong>cryo</strong></span> <span class='ocrx_word' id='word_1_370' title='bbox 1292 2606 1467 2676; x_wconf 85' lang='lat' dir='ltr'><strong>quaestionem</strong></span> <span class='ocrx_word' id='word_1_371' title='bbox 1489 2620 1569 2676; x_wconf 85' lang='lat' dir='ltr'><strong>quant</strong></span> <span class='ocrx_word' id='word_1_372' title='bbox 1592 2603 1759 2659; x_wconf 85' lang='lat' dir='ltr'><strong>econtrario</strong></span> <span class='ocrx_word' id='word_1_373' title='bbox 1783 2612 1891 2673; x_wconf 81' lang='lat' dir='ltr'><strong>poterat</strong></span> 
     </span>
     <span class='ocr_line' id='line_1_37' title="bbox 1099 2694 1890 2769; baseline -0.004 -18"><span class='ocrx_word' id='word_1_374' title='bbox 1099 2697 1206 2753; x_wconf 91' lang='lat' dir='ltr'><strong>auditor</strong></span> <span class='ocrx_word' id='word_1_375' title='bbox 1225 2711 1370 2769; x_wconf 89' lang='lat' dir='ltr'><strong>opponere.</strong></span> <span class='ocrx_word' id='word_1_376' title='bbox 1389 2695 1498 2762; x_wconf 87' lang='lat' dir='ltr'><strong>Soletis,</strong></span> <span class='ocrx_word' id='word_1_377' title='bbox 1517 2696 1565 2758; x_wconf 92' lang='lat' dir='ltr'><strong>ait,</strong></span> <span class='ocrx_word' id='word_1_378' title='bbox 1589 2695 1695 2759; x_wconf 86' lang='lat' dir='ltr'><strong>dicere,</strong></span> <span class='ocrx_word' id='word_1_379' title='bbox 1710 2694 1805 2762; x_wconf 81' lang='lat' dir='ltr'><strong>Quare</strong></span> <span class='ocrx_word' id='word_1_380' title='bbox 1820 2694 1890 2749; x_wconf 83' lang='lat' dir='ltr'><strong>filias</strong></span> 
     </span>
    </p>
   </div>
   <div class='ocr_carea' id='block_1_5' title="bbox 247 2783 1890 4772">
    <p class='ocr_par' dir='ltr' id='par_1_9' title="bbox 257 2783 1890 3319">
     <span class='ocr_line' id='line_1_38' title="bbox 259 2783 1890 2861; baseline 0.002 -22"><span class='ocrx_word' id='word_1_381' title='bbox 259 2790 322 2839; x_wconf 91' lang='lat' dir='ltr'><strong>sunt</strong></span> <span class='ocrx_word' id='word_1_382' title='bbox 341 2785 467 2841; x_wconf 88' lang='lat' dir='ltr'><strong>cordibus</strong></span> <span class='ocrx_word' id='word_1_383' title='bbox 489 2785 515 2838; x_wconf 91' lang='lat' dir='ltr'><strong>in</strong></span> <span class='ocrx_word' id='word_1_384' title='bbox 534 2783 693 2857; x_wconf 80' lang='lat' dir='ltr'><strong>AEgyptum,</strong></span> <span class='ocrx_word' id='word_1_385' title='bbox 706 2796 734 2842; x_wconf 89' lang='lat' dir='ltr'><strong>et</strong></span> <span class='ocrx_word' id='word_1_386' title='bbox 756 2788 790 2842; x_wconf 91' lang='lat' dir='ltr'><strong>ab</strong></span> <span class='ocrx_word' id='word_1_387' title='bbox 811 2787 929 2859; x_wconf 77' lang='lat' dir='ltr'><strong>Assyriis</strong></span> <span class='ocrx_word' id='word_1_388' title='bbox 950 2790 1048 2860; x_wconf 74' lang='lat' dir='ltr'><strong>saepius</strong></span> <span class='ocrx_word' id='word_1_389' title='bbox 1095 2788 1184 2856; x_wconf 87' lang='lat' dir='ltr'><strong>justus</strong></span> <span class='ocrx_word' id='word_1_390' title='bbox 1199 2805 1251 2845; x_wconf 88' lang='lat' dir='ltr'><strong>uon</strong></span> <span class='ocrx_word' id='word_1_391' title='bbox 1274 2789 1391 2861; x_wconf 88' lang='lat' dir='ltr'><strong>portabit</strong></span> <span class='ocrx_word' id='word_1_392' title='bbox 1414 2788 1581 2859; x_wconf 70' lang='lat' dir='ltr'><strong>iniquitatem</strong></span> <span class='ocrx_word' id='word_1_393' title='bbox 1605 2787 1707 2859; x_wconf 80' lang='lat' dir='ltr'><strong>patris?</strong></span> <span class='ocrx_word' id='word_1_394' title='bbox 1720 2787 1814 2858; x_wconf 78' lang='lat' dir='ltr'><strong>Atque</strong></span> <span class='ocrx_word' id='word_1_395' title='bbox 1834 2788 1890 2857; x_wconf 78' lang='lat' dir='ltr'><strong>ipse</strong></span> 
     </span>
     <span class='ocr_line' id='line_1_39' title="bbox 258 2860 1889 2952; baseline 0.001 -21"><span class='ocrx_word' id='word_1_396' title='bbox 258 2875 358 2931; x_wconf 75' lang='lat' dir='ltr'><strong>auxilia</strong></span> <span class='ocrx_word' id='word_1_397' title='bbox 371 2875 508 2946; x_wconf 85' lang='lat' dir='ltr'><strong>petebant.</strong></span> <span class='ocrx_word' id='word_1_398' title='bbox 532 2874 606 2932; x_wconf 87' lang='lat' dir='ltr'><strong>Unde</strong></span> <span class='ocrx_word' id='word_1_399' title='bbox 627 2877 723 2932; x_wconf 89' lang='lat' dir='ltr'><strong>merite</strong></span> <span class='ocrx_word' id='word_1_400' title='bbox 737 2878 770 2932; x_wconf 91' lang='lat' dir='ltr'><strong>ab</strong></span> <span class='ocrx_word' id='word_1_401' title='bbox 784 2878 824 2934; x_wconf 92' lang='lat' dir='ltr'><strong>cis</strong></span> <span class='ocrx_word' id='word_1_402' title='bbox 838 2885 899 2934; x_wconf 93' lang='lat' dir='ltr'><strong>sunt</strong></span> <span class='ocrx_word' id='word_1_403' title='bbox 912 2877 1046 2950; x_wconf 77' lang='lat' dir='ltr'><strong>flagellati,</strong></span> <span class='ocrx_word' id='word_1_404' title='bbox 1098 2881 1261 2952; x_wconf 86' lang='lat' dir='ltr'><strong>respondet:</strong></span> <span class='ocrx_word' id='word_1_405' title='bbox 1274 2860 1404 2936; x_wconf 78' lang='lat' dir='ltr'><strong>Videlicet</strong></span> <span class='ocrx_word' id='word_1_406' title='bbox 1418 2881 1480 2952; x_wconf 90' lang='lat' dir='ltr'><strong>quia</strong></span> <span class='ocrx_word' id='word_1_407' title='bbox 1495 2879 1565 2935; x_wconf 85' lang='lat' dir='ltr'><strong>illius</strong></span> <span class='ocrx_word' id='word_1_408' title='bbox 1578 2878 1644 2934; x_wconf 89' lang='lat' dir='ltr'><strong>benc</strong></span> <span class='ocrx_word' id='word_1_409' title='bbox 1655 2887 1788 2949; x_wconf 86' lang='lat' dir='ltr'><strong>operatus</strong></span> <span class='ocrx_word' id='word_1_410' title='bbox 1799 2886 1852 2944; x_wconf 82' lang='lat' dir='ltr'><strong>est,</strong></span> <span class='ocrx_word' id='word_1_411' title='bbox 1862 2889 1889 2932; x_wconf 88' lang='lat' dir='ltr'><strong>et</strong></span> 
     </span>
     <span class='ocr_line' id='line_1_40' title="bbox 259 2966 1889 3043; baseline 0.003 -22"><span class='ocrx_word' id='word_1_412' title='bbox 259 2966 357 3037; x_wconf 87' lang='lat' dir='ltr'><strong>quibus</strong></span> <span class='ocrx_word' id='word_1_413' title='bbox 379 2966 485 3024; x_wconf 87' lang='lat' dir='ltr'><strong>deserto</strong></span> <span class='ocrx_word' id='word_1_414' title='bbox 510 2967 566 3022; x_wconf 81' lang='lat' dir='ltr'><strong>lieo</strong></span> <span class='ocrx_word' id='word_1_415' title='bbox 589 2968 890 3039; x_wconf 89' lang='lat' dir='ltr'><strong>proptercupiditatem</strong></span> <span class='ocrx_word' id='word_1_416' title='bbox 913 2977 1046 3024; x_wconf 87' lang='lat' dir='ltr'><strong>terrenam</strong></span> <span class='ocrx_word' id='word_1_417' title='bbox 1098 2972 1291 3043; x_wconf 85' lang='lat' dir='ltr'><strong>patrisdclicta</strong></span> <span class='ocrx_word' id='word_1_418' title='bbox 1309 2988 1364 3028; x_wconf 91' lang='lat' dir='ltr'><strong>uon</strong></span> <span class='ocrx_word' id='word_1_419' title='bbox 1384 2970 1889 3041; x_wconf 85' lang='lat' dir='ltr'><strong>iecit,y&#39;ustumqucest,utquomodn</strong></span> 
     </span>
     <span class='ocr_line' id='line_1_41' title="bbox 258 3056 1889 3135; baseline 0.002 -22"><span class='ocrx_word' id='word_1_420' title='bbox 258 3057 397 3130; x_wconf 78' lang='lat' dir='ltr'><strong>clegerunt</strong></span> <span class='ocrx_word' id='word_1_421' title='bbox 416 3074 477 3115; x_wconf 91' lang='lat' dir='ltr'><strong>esse</strong></span> <span class='ocrx_word' id='word_1_422' title='bbox 492 3057 616 3129; x_wconf 74' lang='lat' dir='ltr'><strong>subiecti.</strong></span> <span class='ocrx_word' id='word_1_423' title='bbox 641 3056 722 3114; x_wconf 76' lang='lat' dir='ltr'><strong>Juxta</strong></span> <span class='ocrx_word' id='word_1_424' title='bbox 742 3059 897 3132; x_wconf 78' lang='lat' dir='ltr'><strong>allegoriam</strong></span> <span class='ocrx_word' id='word_1_425' title='bbox 911 3076 974 3116; x_wconf 86' lang='lat' dir='ltr'><strong>vem</strong></span> <span class='ocrx_word' id='word_1_426' title='bbox 989 3060 1046 3116; x_wconf 79' lang='lat' dir='ltr'><strong>bac</strong></span> <span class='ocrx_word' id='word_1_427' title='bbox 1098 3073 1224 3135; x_wconf 87' lang='lat' dir='ltr'><strong>peccator</strong></span> <span class='ocrx_word' id='word_1_428' title='bbox 1244 3063 1271 3119; x_wconf 90' lang='lat' dir='ltr'><strong>iu</strong></span> <span class='ocrx_word' id='word_1_429' title='bbox 1294 3080 1342 3120; x_wconf 91' lang='lat' dir='ltr'><strong>suo</strong></span> <span class='ocrx_word' id='word_1_430' title='bbox 1368 3063 1470 3120; x_wconf 91' lang='lat' dir='ltr'><strong>scelere</strong></span> <span class='ocrx_word' id='word_1_431' title='bbox 1487 3062 1612 3129; x_wconf 88' lang='lat' dir='ltr'><strong>moritur,</strong></span> <span class='ocrx_word' id='word_1_432' title='bbox 1630 3062 1669 3117; x_wconf 81' lang='lat' dir='ltr'><strong>sic</strong></span> <span class='ocrx_word' id='word_1_433' title='bbox 1680 3060 1773 3132; x_wconf 83' lang='lat' dir='ltr'><strong>justus</strong></span> <span class='ocrx_word' id='word_1_434' title='bbox 1790 3061 1819 3116; x_wconf 91' lang='lat' dir='ltr'><strong>in</strong></span> <span class='ocrx_word' id='word_1_435' title='bbox 1833 3061 1889 3117; x_wconf 79' lang='lat' dir='ltr'><strong>stris</strong></span> 
     </span>
     <span class='ocr_line' id='line_1_42' title="bbox 259 3148 1889 3226; baseline 0.004 -25"><span class='ocrx_word' id='word_1_436' title='bbox 259 3148 435 3217; x_wconf 79' lang='lat' dir='ltr'><strong>‹quaerimonia</strong></span> <span class='ocrx_word' id='word_1_437' title='bbox 457 3150 585 3205; x_wconf 89' lang='lat' dir='ltr'><strong>convenit</strong></span> <span class='ocrx_word' id='word_1_438' title='bbox 607 3150 649 3205; x_wconf 87' lang='lat' dir='ltr'><strong>bis</strong></span> <span class='ocrx_word' id='word_1_439' title='bbox 670 3151 715 3220; x_wconf 88' lang='lat' dir='ltr'><strong>qui</strong></span> <span class='ocrx_word' id='word_1_440' title='bbox 737 3160 847 3222; x_wconf 87' lang='lat' dir='ltr'><strong>propter</strong></span> <span class='ocrx_word' id='word_1_441' title='bbox 864 3160 973 3223; x_wconf 88' lang='lat' dir='ltr'><strong>peccata</strong></span> <span class='ocrx_word' id='word_1_442' title='bbox 996 3168 1045 3208; x_wconf 90' lang='lat' dir='ltr'><strong>sua</strong></span> <span class='ocrx_word' id='word_1_443' title='bbox 1059 3158 1081 3218; x_wconf 78' lang='lat'><strong>(1</strong></span> <span class='ocrx_word' id='word_1_444' title='bbox 1096 3159 1169 3214; x_wconf 82' lang='lat' dir='ltr'><strong>vivat</strong></span> <span class='ocrx_word' id='word_1_445' title='bbox 1181 3158 1334 3223; x_wconf 85' lang='lat' dir='ltr'><strong>uirtutibus,</strong></span> <span class='ocrx_word' id='word_1_446' title='bbox 1348 3165 1376 3213; x_wconf 91' lang='lat' dir='ltr'><strong>et</strong></span> <span class='ocrx_word' id='word_1_447' title='bbox 1393 3156 1524 3213; x_wconf 89' lang='lat' dir='ltr'><strong>moriatur</strong></span> <span class='ocrx_word' id='word_1_448' title='bbox 1543 3155 1706 3226; x_wconf 76' lang='lat' dir='ltr'><strong>animaque</strong></span> <span class='ocrx_word' id='word_1_449' title='bbox 1719 3155 1889 3225; x_wconf 81' lang='lat' dir='ltr'><strong>peccaverit,</strong></span> 
     </span>
     <span class='ocr_line' id='line_1_43' title="bbox 257 3242 1674 3319; baseline 0.001 -24"><span class='ocrx_word' id='word_1_450' title='bbox 257 3242 401 3297; x_wconf 89' lang='lat' dir='ltr'><strong>virtutibus</strong></span> <span class='ocrx_word' id='word_1_451' title='bbox 423 3243 541 3312; x_wconf 77' lang='lat' dir='ltr'><strong>spoliati,</strong></span> <span class='ocrx_word' id='word_1_452' title='bbox 561 3242 654 3298; x_wconf 87' lang='lat' dir='ltr'><strong>traditi</strong></span> <span class='ocrx_word' id='word_1_453' title='bbox 678 3250 741 3299; x_wconf 87' lang='lat' dir='ltr'><strong>suut</strong></span> <span class='ocrx_word' id='word_1_454' title='bbox 761 3245 789 3300; x_wconf 91' lang='lat' dir='ltr'><strong>in</strong></span> <span class='ocrx_word' id='word_1_455' title='bbox 809 3259 905 3299; x_wconf 90' lang='lat' dir='ltr'><strong>manus</strong></span> <span class='ocrx_word' id='word_1_456' title='bbox 926 3245 1043 3300; x_wconf 87' lang='lat' dir='ltr'><strong>bostium</strong></span> <span class='ocrx_word' id='word_1_457' title='bbox 1097 3259 1125 3305; x_wconf 85' lang='lat' dir='ltr'><strong>et</strong></span> <span class='ocrx_word' id='word_1_458' title='bbox 1139 3251 1212 3305; x_wconf 80' lang='lat' dir='ltr'><strong>uiuat</strong></span> <span class='ocrx_word' id='word_1_459' title='bbox 1224 3264 1284 3319; x_wconf 70' lang='lat' dir='ltr'><strong>quse</strong></span> <span class='ocrx_word' id='word_1_460' title='bbox 1296 3258 1429 3319; x_wconf 74' lang='lat' dir='ltr'><strong>precepta</strong></span> <span class='ocrx_word' id='word_1_461' title='bbox 1442 3247 1490 3303; x_wconf 85' lang='lat' dir='ltr'><strong>Uei</strong></span> <span class='ocrx_word' id='word_1_462' title='bbox 1505 3245 1674 3302; x_wconf 84' lang='lat' dir='ltr'><strong>custodierit.</strong></span> 
     </span>
    </p>

    <p class='ocr_par' dir='ltr' id='par_1_10' title="bbox 249 3330 1889 4224">
     <span class='ocr_line' id='line_1_44' title="bbox 257 3330 1888 3405; baseline 0.004 -19"><span class='ocrx_word' id='word_1_463' title='bbox 257 3332 430 3401; x_wconf 87' lang='lat' dir='ltr'><strong>spiritalium,</strong></span> <span class='ocrx_word' id='word_1_464' title='bbox 444 3343 471 3388; x_wconf 90' lang='lat' dir='ltr'><strong>et</strong></span> <span class='ocrx_word' id='word_1_465' title='bbox 486 3332 602 3387; x_wconf 79' lang='lat' dir='ltr'><strong>maxime</strong></span> <span class='ocrx_word' id='word_1_466' title='bbox 620 3330 729 3398; x_wconf 77' lang='lat' dir='ltr'><strong>iudeis,</strong></span> <span class='ocrx_word' id='word_1_467' title='bbox 744 3334 790 3403; x_wconf 91' lang='lat' dir='ltr'><strong>qui</strong></span> <span class='ocrx_word' id='word_1_468' title='bbox 811 3343 872 3404; x_wconf 89' lang='lat' dir='ltr'><strong>post</strong></span> <span class='ocrx_word' id='word_1_469' title='bbox 883 3333 983 3389; x_wconf 84' lang='lat' dir='ltr'><strong>Clnisti</strong></span> <span class='ocrx_word' id='word_1_470' title='bbox 997 3335 1045 3389; x_wconf 88' lang='lat' dir='ltr'><strong>ad·</strong></span> <span class='ocrx_word' id='word_1_471' title='bbox 1134 3358 1144 3393; x_wconf 83' lang='grc' dir='ltr'>ι</span> <span class='ocrx_word' id='word_1_472' title='bbox 1163 3339 1240 3396; x_wconf 89' lang='lat' dir='ltr'><strong>Serri</strong></span> <span class='ocrx_word' id='word_1_473' title='bbox 1262 3339 1391 3395; x_wconf 91' lang='lat' dir='ltr'><strong>dominati</strong></span> <span class='ocrx_word' id='word_1_474' title='bbox 1415 3346 1478 3394; x_wconf 87' lang='lat' dir='ltr'><strong>sunt</strong></span> <span class='ocrx_word' id='word_1_475' title='bbox 1500 3337 1601 3403; x_wconf 90' lang='lat' dir='ltr'><strong>nostri,</strong></span> <span class='ocrx_word' id='word_1_476' title='bbox 1617 3350 1670 3392; x_wconf 91' lang='lat' dir='ltr'><strong>non</strong></span> <span class='ocrx_word' id='word_1_477' title='bbox 1685 3334 1738 3390; x_wconf 86' lang='lat' dir='ltr'><strong>luit</strong></span> <span class='ocrx_word' id='word_1_478' title='bbox 1750 3337 1798 3405; x_wconf 90' lang='lat' dir='ltr'><strong>qui</strong></span> <span class='ocrx_word' id='word_1_479' title='bbox 1814 3335 1888 3392; x_wconf 84' lang='lat' dir='ltr'><strong>redi·</strong></span> 
     </span>
     <span class='ocr_line' id='line_1_45' title="bbox 257 3422 1887 3498; baseline 0.004 -23"><span class='ocrx_word' id='word_1_480' title='bbox 257 3430 366 3476; x_wconf 84' lang='lat' dir='ltr'><strong>ventum</strong></span> <span class='ocrx_word' id='word_1_481' title='bbox 391 3422 538 3479; x_wconf 87' lang='lat' dir='ltr'><strong>innitentes</strong></span> <span class='ocrx_word' id='word_1_482' title='bbox 560 3423 643 3478; x_wconf 89' lang='lat' dir='ltr'><strong>veteri</strong></span> <span class='ocrx_word' id='word_1_483' title='bbox 669 3423 825 3490; x_wconf 90' lang='lat' dir='ltr'><strong>traditioni,</strong></span> <span class='ocrx_word' id='word_1_484' title='bbox 851 3425 935 3496; x_wconf 88' lang='lat' dir='ltr'><strong>ipsam</strong></span> <span class='ocrx_word' id='word_1_485' title='bbox 957 3425 1044 3498; x_wconf 74' lang='lat' dir='ltr'><strong>legem</strong></span> <span class='ocrx_word' id='word_1_486' title='bbox 1098 3451 1107 3484; x_wconf 84' lang='grc' dir='ltr'>ι</span> <span class='ocrx_word' id='word_1_487' title='bbox 1127 3438 1210 3488; x_wconf 89' lang='lat' dir='ltr'><strong>meret</strong></span> <span class='ocrx_word' id='word_1_488' title='bbox 1223 3431 1256 3487; x_wconf 85' lang='lat' dir='ltr'><strong>de</strong></span> <span class='ocrx_word' id='word_1_489' title='bbox 1269 3445 1349 3484; x_wconf 90' lang='lat' dir='ltr'><strong>manu</strong></span> <span class='ocrx_word' id='word_1_490' title='bbox 1370 3443 1474 3485; x_wconf 86' lang='lat' dir='ltr'><strong>eorum.</strong></span> <span class='ocrx_word' id='word_1_491' title='bbox 1489 3446 1499 3481; x_wconf 86' lang='grc' dir='ltr'>ι</span> <span class='ocrx_word' id='word_1_492' title='bbox 1514 3426 1613 3483; x_wconf 87' lang='lat' dir='ltr'><strong>Servos</strong></span> <span class='ocrx_word' id='word_1_493' title='bbox 1626 3426 1746 3496; x_wconf 87' lang='lat' dir='ltr'><strong>appellat</strong></span> <span class='ocrx_word' id='word_1_494' title='bbox 1759 3426 1887 3497; x_wconf 76' lang='lat' dir='ltr'><strong>geudies,</strong></span> 
     </span>
     <span class='ocr_line' id='line_1_46' title="bbox 256 3513 1888 3592; baseline 0.001 -24"><span class='ocrx_word' id='word_1_495' title='bbox 256 3513 334 3580; x_wconf 88' lang='lat' dir='ltr'><strong>blosi,</strong></span> <span class='ocrx_word' id='word_1_496' title='bbox 347 3523 375 3569; x_wconf 89' lang='lat' dir='ltr'><strong>et</strong></span> <span class='ocrx_word' id='word_1_497' title='bbox 388 3514 602 3570; x_wconf 87' lang='lat' dir='ltr'><strong>benedictionem</strong></span> <span class='ocrx_word' id='word_1_498' title='bbox 616 3522 766 3586; x_wconf 88' lang='lat' dir='ltr'><strong>paternam,</strong></span> <span class='ocrx_word' id='word_1_499' title='bbox 781 3529 862 3585; x_wconf 89' lang='lat' dir='ltr'><strong>quam</strong></span> <span class='ocrx_word' id='word_1_500' title='bbox 875 3516 1044 3573; x_wconf 79' lang='lat' dir='ltr'><strong>haereditario</strong></span> <span class='ocrx_word' id='word_1_501' title='bbox 1094 3521 1141 3592; x_wconf 86' lang='lat' dir='ltr'><strong>qai</strong></span> <span class='ocrx_word' id='word_1_502' title='bbox 1162 3520 1240 3577; x_wconf 89' lang='lat' dir='ltr'><strong>idolis</strong></span> <span class='ocrx_word' id='word_1_503' title='bbox 1260 3518 1429 3583; x_wconf 87' lang='lat' dir='ltr'><strong>serviebant,</strong></span> <span class='ocrx_word' id='word_1_504' title='bbox 1441 3526 1468 3573; x_wconf 89' lang='lat' dir='ltr'><strong>et</strong></span> <span class='ocrx_word' id='word_1_505' title='bbox 1489 3517 1629 3573; x_wconf 80' lang='lat' dir='ltr'><strong>demoniis</strong></span> <span class='ocrx_word' id='word_1_506' title='bbox 1652 3516 1844 3581; x_wconf 86' lang='lat' dir='ltr'><strong>immolabant,</strong></span> <span class='ocrx_word' id='word_1_507' title='bbox 1859 3518 1888 3571; x_wconf 89' lang='lat' dir='ltr'><strong>ia</strong></span> 
     </span>
     <span class='ocr_line' id='line_1_47' title="bbox 251 3603 1889 3682; baseline 0.001 -22"><span class='ocrx_word' id='word_1_508' title='bbox 251 3603 315 3672; x_wconf 84' lang='lat' dir='ltr'><strong>jure</strong></span> <span class='ocrx_word' id='word_1_509' title='bbox 335 3604 497 3660; x_wconf 88' lang='lat' dir='ltr'><strong>videbantur</strong></span> <span class='ocrx_word' id='word_1_510' title='bbox 519 3604 665 3675; x_wconf 89' lang='lat' dir='ltr'><strong>possidere,</strong></span> <span class='ocrx_word' id='word_1_511' title='bbox 679 3604 866 3676; x_wconf 87' lang='lat' dir='ltr'><strong>perdiderunt,</strong></span> <span class='ocrx_word' id='word_1_512' title='bbox 879 3614 907 3662; x_wconf 91' lang='lat' dir='ltr'><strong>ct</strong></span> <span class='ocrx_word' id='word_1_513' title='bbox 927 3606 989 3662; x_wconf 88' lang='lat' dir='ltr'><strong>data</strong></span> <span class='ocrx_word' id='word_1_514' title='bbox 1003 3617 1045 3664; x_wconf 90' lang='lat' dir='ltr'><strong>est</strong></span> <span class='ocrx_word' id='word_1_515' title='bbox 1095 3628 1209 3682; x_wconf 89' lang='lat' dir='ltr'><strong>quorum</strong></span> <span class='ocrx_word' id='word_1_516' title='bbox 1231 3611 1377 3668; x_wconf 89' lang='lat' dir='ltr'><strong>dominium</strong></span> <span class='ocrx_word' id='word_1_517' title='bbox 1391 3615 1502 3681; x_wconf 89' lang='lat' dir='ltr'><strong>pmptcr</strong></span> <span class='ocrx_word' id='word_1_518' title='bbox 1514 3618 1623 3678; x_wconf 86' lang='lat' dir='ltr'><strong>peccata</strong></span> <span class='ocrx_word' id='word_1_519' title='bbox 1643 3611 1692 3664; x_wconf 82' lang='lat' dir='ltr'><strong>su&#39;a</strong></span> <span class='ocrx_word' id='word_1_520' title='bbox 1715 3609 1812 3663; x_wconf 89' lang='lat' dir='ltr'><strong>traditi</strong></span> <span class='ocrx_word' id='word_1_521' title='bbox 1825 3616 1889 3663; x_wconf 90' lang='lat' dir='ltr'><strong>sant</strong></span> 
     </span>
     <span class='ocr_line' id='line_1_48' title="bbox 250 3694 1887 3772; baseline 0.004 -21"><span class='ocrx_word' id='word_1_522' title='bbox 250 3695 392 3768; x_wconf 72' lang='lat' dir='ltr'><strong>pentibus,</strong></span> <span class='ocrx_word' id='word_1_523' title='bbox 406 3711 465 3766; x_wconf 75' lang='lat' dir='ltr'><strong>quac</strong></span> <span class='ocrx_word' id='word_1_524' title='bbox 475 3696 501 3750; x_wconf 92' lang='lat' dir='ltr'><strong>ln</strong></span> <span class='ocrx_word' id='word_1_525' title='bbox 515 3694 623 3752; x_wconf 84' lang='lat' dir='ltr'><strong>Christo</strong></span> <span class='ocrx_word' id='word_1_526' title='bbox 637 3695 817 3763; x_wconf 87' lang='lat' dir='ltr'><strong>crediderunt,</strong></span> <span class='ocrx_word' id='word_1_527' title='bbox 831 3697 893 3767; x_wconf 90' lang='lat' dir='ltr'><strong>qaia</strong></span> <span class='ocrx_word' id='word_1_528' title='bbox 905 3696 930 3752; x_wconf 93' lang='lat' dir='ltr'><strong>iu</strong></span> <span class='ocrx_word' id='word_1_529' title='bbox 943 3701 1044 3754; x_wconf 87' lang='lat' dir='ltr'><strong>semiue</strong></span> <span class='ocrx_word' id='word_1_530' title='bbox 1094 3702 1231 3768; x_wconf 77' lang='lat' dir='ltr'><strong>israelita,</strong></span> <span class='ocrx_word' id='word_1_531' title='bbox 1248 3702 1293 3772; x_wconf 92' lang='lat' dir='ltr'><strong>qui</strong></span> <span class='ocrx_word' id='word_1_532' title='bbox 1310 3700 1445 3770; x_wconf 83' lang='lat' dir='ltr'><strong>qnondam</strong></span> <span class='ocrx_word' id='word_1_533' title='bbox 1460 3699 1569 3755; x_wconf 83' lang='lat' dir='ltr'><strong>luerunt</strong></span> <span class='ocrx_word' id='word_1_534' title='bbox 1586 3699 1613 3754; x_wconf 89' lang='lat' dir='ltr'><strong>ia</strong></span> <span class='ocrx_word' id='word_1_535' title='bbox 1632 3696 1691 3753; x_wconf 84' lang='lat' dir='ltr'><strong>loeo</strong></span> <span class='ocrx_word' id='word_1_536' title='bbox 1703 3697 1825 3753; x_wconf 78' lang='lat' dir='ltr'><strong>filioram</strong></span> <span class='ocrx_word' id='word_1_537' title='bbox 1838 3699 1887 3753; x_wconf 79' lang='lat' dir='ltr'><strong>de·</strong></span> 
     </span>
     <span class='ocr_line' id='line_1_49' title="bbox 249 3785 1887 3864; baseline 0.002 -25"><span class='ocrx_word' id='word_1_538' title='bbox 249 3785 371 3841; x_wconf 77' lang='lat' dir='ltr'><strong>armna</strong></span> <span class='ocrx_word' id='word_1_539' title='bbox 380 3785 573 3842; x_wconf 89' lang='lat' dir='ltr'><strong>benedicentur</strong></span> <span class='ocrx_word' id='word_1_540' title='bbox 583 3801 677 3842; x_wconf 89' lang='lat' dir='ltr'><strong>omnes</strong></span> <span class='ocrx_word' id='word_1_541' title='bbox 687 3787 859 3858; x_wconf 79' lang='lat' dir='ltr'><strong>cognationes</strong></span> <span class='ocrx_word' id='word_1_542' title='bbox 867 3796 955 3843; x_wconf 77' lang='lat' dir='ltr'><strong>terrm.</strong></span> <span class='ocrx_word' id='word_1_543' title='bbox 970 3787 1044 3845; x_wconf 87' lang='lat' dir='ltr'><strong>Unde</strong></span> <span class='ocrx_word' id='word_1_544' title='bbox 1094 3794 1189 3864; x_wconf 86' lang='lat' dir='ltr'><strong>putati.</strong></span> <span class='ocrx_word' id='word_1_545' title='bbox 1201 3793 1275 3849; x_wconf 88' lang='lat' dir='ltr'><strong>Unde</strong></span> <span class='ocrx_word' id='word_1_546' title='bbox 1285 3793 1415 3862; x_wconf 88' lang='lat' dir='ltr'><strong>scriptum</strong></span> <span class='ocrx_word' id='word_1_547' title='bbox 1425 3799 1481 3846; x_wconf 90' lang='lat' dir='ltr'><strong>est:</strong></span> <span class='ocrx_word' id='word_1_548' title='bbox 1493 3809 1502 3843; x_wconf 92' lang='lat' dir='ltr'><strong>t</strong></span> <span class='ocrx_word' id='word_1_549' title='bbox 1515 3790 1554 3844; x_wconf 83' lang='lat' dir='ltr'><strong>Ex</strong></span> <span class='ocrx_word' id='word_1_550' title='bbox 1566 3789 1681 3861; x_wconf 78' lang='lat' dir='ltr'><strong>AEgypto</strong></span> <span class='ocrx_word' id='word_1_551' title='bbox 1693 3789 1789 3844; x_wconf 81' lang='lat' dir='ltr'><strong>vocari</strong></span> <span class='ocrx_word' id='word_1_552' title='bbox 1802 3789 1887 3843; x_wconf 88' lang='lat' dir='ltr'><strong>lilium</strong></span> 
     </span>
     <span class='ocr_line' id='line_1_50' title="bbox 255 3875 1887 3955; baseline -0.001 -24"><span class='ocrx_word' id='word_1_553' title='bbox 255 3875 851 3948; x_wconf 80' lang='lat' dir='ltr'><strong>etrepuynautibusillis,etcontradiccntibus</strong></span> <span class='ocrx_word' id='word_1_554' title='bbox 860 3879 1044 3950; x_wconf 70' lang='lat' dir='ltr'><strong>praedicationi</strong></span> <span class='ocrx_word' id='word_1_555' title='bbox 1094 3899 1184 3940; x_wconf 82' lang='lat' dir='ltr'><strong>arreum</strong></span> <span class='ocrx_word' id='word_1_556' title='bbox 1205 3881 1413 3955; x_wconf 76' lang='lat' dir='ltr'><strong>primogenitum</strong></span> <span class='ocrx_word' id='word_1_557' title='bbox 1431 3878 1515 3935; x_wconf 86' lang='lat' dir='ltr'><strong>lsrael</strong></span> <span class='ocrx_word' id='word_1_558' title='bbox 1529 3879 1596 3951; x_wconf 81' lang='lat' dir='ltr'><strong>(lto.</strong></span> <span class='ocrx_word' id='word_1_559' title='bbox 1618 3878 1689 3948; x_wconf 75' lang='lat' dir='ltr'><strong>xil-,r</strong></span> <span class='ocrx_word' id='word_1_560' title='bbox 1708 3893 1761 3932; x_wconf 89' lang='lat' dir='ltr'><strong>nec</strong></span> <span class='ocrx_word' id='word_1_561' title='bbox 1774 3877 1827 3931; x_wconf 89' lang='lat' dir='ltr'><strong>luit</strong></span> <span class='ocrx_word' id='word_1_562' title='bbox 1840 3876 1887 3947; x_wconf 88' lang='lat' dir='ltr'><strong>qni</strong></span> 
     </span>
     <span class='ocr_line' id='line_1_51' title="bbox 252 3967 1888 4041; baseline -0.001 -18"><span class='ocrx_word' id='word_1_563' title='bbox 252 3968 331 4024; x_wconf 76' lang='lat' dir='ltr'><strong>&#39;Pauli</strong></span> <span class='ocrx_word' id='word_1_564' title='bbox 344 3967 515 4025; x_wconf 79' lang='lat' dir='ltr'><strong>etBaruabar</strong></span> <span class='ocrx_word' id='word_1_565' title='bbox 532 3985 690 4041; x_wconf 89' lang='lat' dir='ltr'><strong>responsum</strong></span> <span class='ocrx_word' id='word_1_566' title='bbox 709 3978 790 4027; x_wconf 80' lang='lat' dir='ltr'><strong>cstzr</strong></span> <span class='ocrx_word' id='word_1_567' title='bbox 807 3970 1045 4041; x_wconf 82' lang='lat' dir='ltr'><strong>Vobisoportebat</strong></span> <span class='ocrx_word' id='word_1_568' title='bbox 1094 3975 1239 4030; x_wconf 86' lang='lat' dir='ltr'><strong>redimeret</strong></span> <span class='ocrx_word' id='word_1_569' title='bbox 1254 3973 1313 4028; x_wconf 92' lang='lat' dir='ltr'><strong>illos</strong></span> <span class='ocrx_word' id='word_1_570' title='bbox 1326 3972 1359 4027; x_wconf 90' lang='lat' dir='ltr'><strong>dc</strong></span> <span class='ocrx_word' id='word_1_571' title='bbox 1381 3970 1506 4027; x_wconf 88' lang='lat' dir='ltr'><strong>manibus</strong></span> <span class='ocrx_word' id='word_1_572' title='bbox 1522 3984 1627 4034; x_wconf 88' lang='lat' dir='ltr'><strong>eoram,</strong></span> <span class='ocrx_word' id='word_1_573' title='bbox 1641 3967 1772 4037; x_wconf 84' lang='lat' dir='ltr'><strong>quoniam</strong></span> <span class='ocrx_word' id='word_1_574' title='bbox 1791 3967 1888 4022; x_wconf 68' lang='lat' dir='ltr'><strong>ddal-</strong></span> 
     </span>
     <span class='ocr_line' id='line_1_52' title="bbox 255 4059 1889 4132; baseline 0.001 -18"><span class='ocrx_word' id='word_1_575' title='bbox 255 4060 1042 4132; x_wconf 81' lang='lat' dir='ltr'><strong>primnmprmdicarcvcrbumUei,sedquiarepnlistisillnd,</strong></span> <span class='ocrx_word' id='word_1_576' title='bbox 1093 4078 1183 4119; x_wconf 90' lang='lat' dir='ltr'><strong>sorem</strong></span> <span class='ocrx_word' id='word_1_577' title='bbox 1206 4072 1233 4120; x_wconf 94' lang='lat' dir='ltr'><strong>et</strong></span> <span class='ocrx_word' id='word_1_578' title='bbox 1262 4062 1434 4118; x_wconf 88' lang='lat' dir='ltr'><strong>liberatorem</strong></span> <span class='ocrx_word' id='word_1_579' title='bbox 1462 4059 1547 4116; x_wconf 82' lang='lat' dir='ltr'><strong>Deum</strong></span> <span class='ocrx_word' id='word_1_580' title='bbox 1575 4059 1675 4115; x_wconf 87' lang='lat' dir='ltr'><strong>habere</strong></span> <span class='ocrx_word' id='word_1_581' title='bbox 1698 4073 1755 4114; x_wconf 94' lang='lat' dir='ltr'><strong>non</strong></span> <span class='ocrx_word' id='word_1_582' title='bbox 1780 4073 1889 4116; x_wconf 77' lang='lat' dir='ltr'><strong>merue-</strong></span> 
     </span>
     <span class='ocr_line' id='line_1_53' title="bbox 256 4150 1169 4224; baseline 0.004 -20"><span class='ocrx_word' id='word_1_583' title='bbox 256 4159 284 4205; x_wconf 90' lang='lat' dir='ltr'><strong>et</strong></span> <span class='ocrx_word' id='word_1_584' title='bbox 297 4150 420 4224; x_wconf 78' lang='lat' dir='ltr'><strong>indignos</strong></span> <span class='ocrx_word' id='word_1_585' title='bbox 434 4167 481 4208; x_wconf 89' lang='lat' dir='ltr'><strong>vos</strong></span> <span class='ocrx_word' id='word_1_586' title='bbox 489 4150 633 4222; x_wconf 81' lang='lat' dir='ltr'><strong>judicastis</strong></span> <span class='ocrx_word' id='word_1_587' title='bbox 649 4162 757 4209; x_wconf 76' lang='lat' dir='ltr'><strong>aeternae</strong></span> <span class='ocrx_word' id='word_1_588' title='bbox 771 4154 842 4219; x_wconf 82' lang='lat' dir='ltr'><strong>vitae,</strong></span> <span class='ocrx_word' id='word_1_589' title='bbox 857 4168 920 4209; x_wconf 89' lang='lat' dir='ltr'><strong>ecce</strong></span> <span class='ocrx_word' id='word_1_590' title='bbox 931 4170 1044 4210; x_wconf 88' lang='lat' dir='ltr'><strong>conver·</strong></span> <span class='ocrx_word' id='word_1_591' title='bbox 1095 4164 1169 4210; x_wconf 84' lang='lat' dir='ltr'><strong>unu.</strong></span> 
     </span>
    </p>

    <p class='ocr_par' dir='ltr' id='par_1_11' title="bbox 247 4240 1886 4772">
     <span class='ocr_line' id='line_1_54' title="bbox 256 4240 1885 4315; baseline -0.001 -18"><span class='ocrx_word' id='word_1_592' title='bbox 256 4243 339 4298; x_wconf 86' lang='lat' dir='ltr'><strong>timor</strong></span> <span class='ocrx_word' id='word_1_593' title='bbox 353 4244 504 4315; x_wconf 75' lang='lat' dir='ltr'><strong>adgentes.</strong></span> <span class='ocrx_word' id='word_1_594' title='bbox 521 4242 567 4299; x_wconf 84' lang='lat' dir='ltr'><strong>Sic</strong></span> <span class='ocrx_word' id='word_1_595' title='bbox 584 4244 655 4299; x_wconf 88' lang='lat' dir='ltr'><strong>enim</strong></span> <span class='ocrx_word' id='word_1_596' title='bbox 667 4245 794 4315; x_wconf 86' lang='lat' dir='ltr'><strong>praecepit</strong></span> <span class='ocrx_word' id='word_1_597' title='bbox 807 4246 884 4302; x_wconf 90' lang='lat' dir='ltr'><strong>nobis</strong></span> <span class='ocrx_word' id='word_1_598' title='bbox 896 4246 1041 4301; x_wconf 84' lang='lat' dir='ltr'><strong>Dominus:</strong></span> <span class='ocrx_word' id='word_1_599' title='bbox 1131 4263 1141 4295; x_wconf 86' lang='grc' dir='ltr'>ι</span> <span class='ocrx_word' id='word_1_600' title='bbox 1160 4242 1188 4298; x_wconf 94' lang='lat' dir='ltr'><strong>ln</strong></span> <span class='ocrx_word' id='word_1_601' title='bbox 1202 4242 1344 4300; x_wconf 84' lang='lat' dir='ltr'><strong>animabus</strong></span> <span class='ocrx_word' id='word_1_602' title='bbox 1364 4242 1464 4298; x_wconf 89' lang='lat' dir='ltr'><strong>nostris</strong></span> <span class='ocrx_word' id='word_1_603' title='bbox 1483 4240 1662 4298; x_wconf 73' lang='lat' dir='ltr'><strong>afferebamus</strong></span> <span class='ocrx_word' id='word_1_604' title='bbox 1676 4255 1776 4312; x_wconf 89' lang='lat' dir='ltr'><strong>panem</strong></span> <span class='ocrx_word' id='word_1_605' title='bbox 1793 4242 1885 4306; x_wconf 81' lang='lat' dir='ltr'><strong>uobis,</strong></span> 
     </span>
     <span class='ocr_line' id='line_1_55' title="bbox 256 4330 1886 4407; baseline 0 -21"><span class='ocrx_word' id='word_1_606' title='bbox 256 4331 338 4389; x_wconf 80' lang='lat' dir='ltr'><strong>Posui</strong></span> <span class='ocrx_word' id='word_1_607' title='bbox 353 4341 378 4389; x_wconf 87' lang='lat' dir='ltr'><strong>te</strong></span> <span class='ocrx_word' id='word_1_608' title='bbox 396 4333 424 4388; x_wconf 90' lang='lat' dir='ltr'><strong>in</strong></span> <span class='ocrx_word' id='word_1_609' title='bbox 437 4330 524 4390; x_wconf 83' lang='lat' dir='ltr'><strong>lucem</strong></span> <span class='ocrx_word' id='word_1_610' title='bbox 536 4332 672 4406; x_wconf 68' lang='lat' dir='ltr'><strong>gentium,</strong></span> <span class='ocrx_word' id='word_1_611' title='bbox 687 4344 716 4390; x_wconf 90' lang='lat' dir='ltr'><strong>ut</strong></span> <span class='ocrx_word' id='word_1_612' title='bbox 733 4335 770 4391; x_wconf 91' lang='lat' dir='ltr'><strong>sis</strong></span> <span class='ocrx_word' id='word_1_613' title='bbox 786 4334 812 4390; x_wconf 88' lang='lat' dir='ltr'><strong>in</strong></span> <span class='ocrx_word' id='word_1_614' title='bbox 831 4336 944 4391; x_wconf 90' lang='lat' dir='ltr'><strong>salutem</strong></span> <span class='ocrx_word' id='word_1_615' title='bbox 958 4351 1044 4407; x_wconf 91' lang='lat' dir='ltr'><strong>usque</strong></span> <span class='ocrx_word' id='word_1_616' title='bbox 1095 4353 1105 4386; x_wconf 80' lang='lat' dir='ltr'><strong>t</strong></span> <span class='ocrx_word' id='word_1_617' title='bbox 1122 4333 1219 4389; x_wconf 88' lang='lat' dir='ltr'><strong>alacie</strong></span> <span class='ocrx_word' id='word_1_618' title='bbox 1233 4333 1314 4406; x_wconf 78' lang='lat' dir='ltr'><strong>gladii</strong></span> <span class='ocrx_word' id='word_1_619' title='bbox 1327 4334 1354 4388; x_wconf 89' lang='lat' dir='ltr'><strong>in</strong></span> <span class='ocrx_word' id='word_1_620' title='bbox 1367 4333 1483 4389; x_wconf 87' lang='lat' dir='ltr'><strong>deserto.</strong></span> <span class='ocrx_word' id='word_1_621' title='bbox 1498 4353 1508 4385; x_wconf 84' lang='grc' dir='ltr'>ι</span> <span class='ocrx_word' id='word_1_622' title='bbox 1528 4332 1586 4388; x_wconf 85' lang='lat' dir='ltr'><strong>lloc</strong></span> <span class='ocrx_word' id='word_1_623' title='bbox 1597 4340 1639 4387; x_wconf 90' lang='lat' dir='ltr'><strong>est</strong></span> <span class='ocrx_word' id='word_1_624' title='bbox 1649 4347 1711 4387; x_wconf 84' lang='lat' dir='ltr'><strong>cunr</strong></span> <span class='ocrx_word' id='word_1_625' title='bbox 1725 4332 1886 4388; x_wconf 85' lang='lat' dir='ltr'><strong>animarum</strong></span> 
     </span>
     <span class='ocr_line' id='line_1_56' title="bbox 256 4423 1886 4500; baseline 0.003 -24"><span class='ocrx_word' id='word_1_626' title='bbox 256 4423 290 4476; x_wconf 91' lang='lat' dir='ltr'><strong>ad</strong></span> <span class='ocrx_word' id='word_1_627' title='bbox 302 4430 454 4478; x_wconf 84' lang='lat' dir='ltr'><strong>extremam</strong></span> <span class='ocrx_word' id='word_1_628' title='bbox 470 4431 549 4480; x_wconf 68' lang='lat' dir='ltr'><strong>terrac</strong></span> <span class='ocrx_word' id='word_1_629' title='bbox 563 4424 630 4497; x_wconf 82' lang='lat' dir='ltr'><strong>(rlct.</strong></span> <span class='ocrx_word' id='word_1_630' title='bbox 647 4425 740 4500; x_wconf 72' lang='grc' dir='ltr'>ιιιι).ι</span> <span class='ocrx_word' id='word_1_631' title='bbox 757 4426 803 4482; x_wconf 85' lang='lat' dir='ltr'><strong>lsti</strong></span> <span class='ocrx_word' id='word_1_632' title='bbox 823 4441 887 4500; x_wconf 76' lang='lat' dir='ltr'><strong>crgo</strong></span> <span class='ocrx_word' id='word_1_633' title='bbox 900 4430 976 4500; x_wconf 89' lang='lat' dir='ltr'><strong>quasi</strong></span> <span class='ocrx_word' id='word_1_634' title='bbox 991 4445 1042 4500; x_wconf 87' lang='lat' dir='ltr'><strong>pu·</strong></span> <span class='ocrx_word' id='word_1_635' title='bbox 1093 4434 1246 4482; x_wconf 86' lang='lat' dir='ltr'><strong>nostrarum</strong></span> <span class='ocrx_word' id='word_1_636' title='bbox 1256 4425 1375 4497; x_wconf 88' lang='lat' dir='ltr'><strong>periculo</strong></span> <span class='ocrx_word' id='word_1_637' title='bbox 1388 4425 1560 4495; x_wconf 74' lang='lat' dir='ltr'><strong>quesivimus</strong></span> <span class='ocrx_word' id='word_1_638' title='bbox 1571 4426 1649 4481; x_wconf 90' lang='lat' dir='ltr'><strong>nobis</strong></span> <span class='ocrx_word' id='word_1_639' title='bbox 1662 4426 1777 4491; x_wconf 86' lang='lat' dir='ltr'><strong>vietum,</strong></span> <span class='ocrx_word' id='word_1_640' title='bbox 1792 4426 1823 4480; x_wconf 83' lang='lat' dir='ltr'><strong>in</strong></span> <span class='ocrx_word' id='word_1_641' title='bbox 1837 4427 1886 4481; x_wconf 88' lang='lat' dir='ltr'><strong>de·</strong></span> 
     </span>
     <span class='ocr_line' id='line_1_57' title="bbox 247 4489 1885 4590; baseline 0.005 -24"><span class='ocrx_word' id='word_1_642' title='bbox 247 4512 311 4582; x_wconf 74' lang='lat' dir='ltr'><strong>¹pilli</strong></span> <span class='ocrx_word' id='word_1_643' title='bbox 324 4512 388 4568; x_wconf 86' lang='lat' dir='ltr'><strong>laeti</strong></span> <span class='ocrx_word' id='word_1_644' title='bbox 403 4523 476 4581; x_wconf 87' lang='lat' dir='ltr'><strong>suut,</strong></span> <span class='ocrx_word' id='word_1_645' title='bbox 491 4516 592 4586; x_wconf 86' lang='lat' dir='ltr'><strong>absque</strong></span> <span class='ocrx_word' id='word_1_646' title='bbox 605 4525 693 4586; x_wconf 86' lang='lat' dir='ltr'><strong>patre,</strong></span> <span class='ocrx_word' id='word_1_647' title='bbox 709 4519 837 4588; x_wconf 89' lang='lat' dir='ltr'><strong>quoniam</strong></span> <span class='ocrx_word' id='word_1_648' title='bbox 850 4520 934 4575; x_wconf 85' lang='lat' dir='ltr'><strong>Deum</strong></span> <span class='ocrx_word' id='word_1_649' title='bbox 947 4536 1041 4577; x_wconf 88' lang='lat' dir='ltr'><strong>verum</strong></span> <span class='ocrx_word' id='word_1_650' title='bbox 1054 4489 1081 4550; x_wconf 74' lang='lat' dir='ltr'>D</span> <span class='ocrx_word' id='word_1_651' title='bbox 1093 4527 1166 4574; x_wconf 91' lang='lat' dir='ltr'><strong>serto</strong></span> <span class='ocrx_word' id='word_1_652' title='bbox 1179 4518 1297 4589; x_wconf 72' lang='lat' dir='ltr'><strong>gentium</strong></span> <span class='ocrx_word' id='word_1_653' title='bbox 1309 4518 1458 4575; x_wconf 88' lang='lat' dir='ltr'><strong>constituti.</strong></span> <span class='ocrx_word' id='word_1_654' title='bbox 1476 4517 1572 4574; x_wconf 85' lang='lat' dir='ltr'><strong>lle‘rito</strong></span> <span class='ocrx_word' id='word_1_655' title='bbox 1591 4533 1656 4590; x_wconf 69' lang='lat' dir='ltr'><strong>erpo</strong></span> <span class='ocrx_word' id='word_1_656' title='bbox 1669 4519 1759 4573; x_wconf 88' lang='lat' dir='ltr'><strong>servis</strong></span> <span class='ocrx_word' id='word_1_657' title='bbox 1772 4520 1885 4590; x_wconf 75' lang='lat' dir='ltr'><strong>subjici-</strong></span> 
     </span>
     <span class='ocr_line' id='line_1_58' title="bbox 255 4602 1886 4683; baseline 0.004 -27"><span class='ocrx_word' id='word_1_658' title='bbox 255 4609 359 4672; x_wconf 90' lang='lat' dir='ltr'><strong>patrem</strong></span> <span class='ocrx_word' id='word_1_659' title='bbox 372 4602 472 4659; x_wconf 89' lang='lat' dir='ltr'><strong>babere</strong></span> <span class='ocrx_word' id='word_1_660' title='bbox 482 4614 674 4673; x_wconf 89' lang='lat' dir='ltr'><strong>renuerunt,et</strong></span> <span class='ocrx_word' id='word_1_661' title='bbox 683 4607 764 4664; x_wconf 89' lang='lat' dir='ltr'><strong>alium</strong></span> <span class='ocrx_word' id='word_1_662' title='bbox 774 4618 878 4680; x_wconf 91' lang='lat' dir='ltr'><strong>patrem</strong></span> <span class='ocrx_word' id='word_1_663' title='bbox 890 4610 1039 4683; x_wconf 74' lang='lat' dir='ltr'><strong>elegerunt,</strong></span> <span class='ocrx_word' id='word_1_664' title='bbox 1094 4615 1148 4675; x_wconf 89' lang='lat' dir='ltr'><strong>tur,</strong></span> <span class='ocrx_word' id='word_1_665' title='bbox 1160 4608 1206 4678; x_wconf 89' lang='lat' dir='ltr'><strong>qui</strong></span> <span class='ocrx_word' id='word_1_666' title='bbox 1228 4608 1380 4662; x_wconf 88' lang='lat' dir='ltr'><strong>libertatem</strong></span> <span class='ocrx_word' id='word_1_667' title='bbox 1403 4616 1498 4677; x_wconf 90' lang='lat' dir='ltr'><strong>sponte</strong></span> <span class='ocrx_word' id='word_1_668' title='bbox 1510 4608 1609 4677; x_wconf 90' lang='lat' dir='ltr'><strong>perdit.</strong></span> <span class='ocrx_word' id='word_1_669' title='bbox 1626 4607 1654 4662; x_wconf 87' lang='lat' dir='ltr'><strong>Si</strong></span> <span class='ocrx_word' id='word_1_670' title='bbox 1668 4607 1742 4662; x_wconf 88' lang='lat' dir='ltr'><strong>enim</strong></span> <span class='ocrx_word' id='word_1_671' title='bbox 1764 4608 1791 4662; x_wconf 91' lang='lat' dir='ltr'><strong>in</strong></span> <span class='ocrx_word' id='word_1_672' title='bbox 1805 4606 1886 4663; x_wconf 76' lang='lat' dir='ltr'><strong>Glari.</strong></span> 
     </span>
     <span class='ocr_line' id='line_1_59' title="bbox 255 4694 1886 4772; baseline 0.003 -24"><span class='ocrx_word' id='word_1_673' title='bbox 255 4694 288 4749; x_wconf 90' lang='lat' dir='ltr'><strong>de</strong></span> <span class='ocrx_word' id='word_1_674' title='bbox 308 4708 362 4763; x_wconf 88' lang='lat' dir='ltr'><strong>qua</strong></span> <span class='ocrx_word' id='word_1_675' title='bbox 382 4694 416 4749; x_wconf 91' lang='lat' dir='ltr'><strong>ad</strong></span> <span class='ocrx_word' id='word_1_676' title='bbox 428 4694 488 4751; x_wconf 88' lang='lat' dir='ltr'><strong>illos</strong></span> <span class='ocrx_word' id='word_1_677' title='bbox 501 4696 602 4753; x_wconf 90' lang='lat' dir='ltr'><strong>dictum</strong></span> <span class='ocrx_word' id='word_1_678' title='bbox 621 4705 663 4753; x_wconf 90' lang='lat' dir='ltr'><strong>est</strong></span> <span class='ocrx_word' id='word_1_679' title='bbox 676 4716 707 4753; x_wconf 77' lang='lat' dir='ltr'><strong>:r</strong></span> <span class='ocrx_word' id='word_1_680' title='bbox 725 4700 778 4756; x_wconf 81' lang='lat' dir='ltr'><strong>Vos</strong></span> <span class='ocrx_word' id='word_1_681' title='bbox 796 4716 830 4755; x_wconf 89' lang='lat' dir='ltr'><strong>ex</strong></span> <span class='ocrx_word' id='word_1_682' title='bbox 843 4710 921 4772; x_wconf 87' lang='lat' dir='ltr'><strong>patre</strong></span> <span class='ocrx_word' id='word_1_683' title='bbox 934 4703 1041 4760; x_wconf 88' lang='lat' dir='ltr'><strong>diabolo</strong></span> <span class='ocrx_word' id='word_1_684' title='bbox 1092 4709 1163 4756; x_wconf 91' lang='lat' dir='ltr'><strong>stum</strong></span> <span class='ocrx_word' id='word_1_685' title='bbox 1185 4696 1270 4754; x_wconf 80' lang='lat' dir='ltr'><strong>iudei</strong></span> <span class='ocrx_word' id='word_1_686' title='bbox 1297 4698 1448 4765; x_wconf 88' lang='lat' dir='ltr'><strong>crederent,</strong></span> <span class='ocrx_word' id='word_1_687' title='bbox 1461 4713 1524 4753; x_wconf 89' lang='lat' dir='ltr'><strong>vere</strong></span> <span class='ocrx_word' id='word_1_688' title='bbox 1550 4697 1628 4754; x_wconf 88' lang='lat' dir='ltr'><strong>liberi</strong></span> <span class='ocrx_word' id='word_1_689' title='bbox 1647 4707 1749 4762; x_wconf 86' lang='lat' dir='ltr'><strong>essent,</strong></span> <span class='ocrx_word' id='word_1_690' title='bbox 1763 4707 1791 4753; x_wconf 91' lang='lat' dir='ltr'><strong>et</strong></span> <span class='ocrx_word' id='word_1_691' title='bbox 1813 4715 1886 4769; x_wconf 85' lang='lat' dir='ltr'><strong>pane</strong></span> 
     </span>
    </p>
   </div>
   <div class='ocr_carea' id='block_1_6' title="bbox 253 4785 1886 4954">
    <p class='ocr_par' dir='ltr' id='par_1_12' title="bbox 253 4785 1886 4954">
     <span class='ocr_line' id='line_1_60' title="bbox 253 4785 1886 4865; baseline 0.002 -22"><span class='ocrx_word' id='word_1_692' title='bbox 253 4787 330 4853; x_wconf 88' lang='lat' dir='ltr'><strong>estis,</strong></span> <span class='ocrx_word' id='word_1_693' title='bbox 344 4794 373 4842; x_wconf 91' lang='lat' dir='ltr'><strong>et</strong></span> <span class='ocrx_word' id='word_1_694' title='bbox 385 4785 517 4842; x_wconf 87' lang='lat' dir='ltr'><strong>desideria</strong></span> <span class='ocrx_word' id='word_1_695' title='bbox 541 4788 625 4859; x_wconf 91' lang='lat' dir='ltr'><strong>patris</strong></span> <span class='ocrx_word' id='word_1_696' title='bbox 639 4789 721 4845; x_wconf 83' lang='lat' dir='ltr'><strong>vestri</strong></span> <span class='ocrx_word' id='word_1_697' title='bbox 742 4791 824 4847; x_wconf 90' lang='lat' dir='ltr'><strong>vultis</strong></span> <span class='ocrx_word' id='word_1_698' title='bbox 844 4791 934 4848; x_wconf 85' lang='lat' dir='ltr'><strong>iacere</strong></span> <span class='ocrx_word' id='word_1_699' title='bbox 947 4792 1038 4865; x_wconf 73' lang='lat' dir='ltr'><strong>(loun.</strong></span> <span class='ocrx_word' id='word_1_700' title='bbox 1092 4791 1153 4846; x_wconf 72' lang='lat' dir='ltr'><strong>vitae</strong></span> <span class='ocrx_word' id='word_1_701' title='bbox 1175 4791 1243 4862; x_wconf 89' lang='lat' dir='ltr'><strong>pasti</strong></span> <span class='ocrx_word' id='word_1_702' title='bbox 1264 4790 1413 4860; x_wconf 88' lang='lat' dir='ltr'><strong>perieulum</strong></span> <span class='ocrx_word' id='word_1_703' title='bbox 1434 4791 1585 4845; x_wconf 86' lang='lat' dir='ltr'><strong>animarum</strong></span> <span class='ocrx_word' id='word_1_704' title='bbox 1610 4803 1720 4845; x_wconf 88' lang='lat' dir='ltr'><strong>suarum</strong></span> <span class='ocrx_word' id='word_1_705' title='bbox 1746 4793 1886 4847; x_wconf 61' lang='lat' dir='ltr'><strong>notanter</strong></span> 
     </span>
     <span class='ocr_line' id='line_1_61' title="bbox 254 4876 1885 4954; baseline 0.004 -22"><span class='ocrx_word' id='word_1_706' title='bbox 254 4876 344 4949; x_wconf 86' lang='grc' dir='ltr'>νιιι).ι</span> <span class='ocrx_word' id='word_1_707' title='bbox 358 4877 460 4932; x_wconf 88' lang='lat' dir='ltr'><strong>llorum</strong></span> <span class='ocrx_word' id='word_1_708' title='bbox 475 4886 574 4933; x_wconf 87' lang='lat' dir='ltr'><strong>matres</strong></span> <span class='ocrx_word' id='word_1_709' title='bbox 588 4879 714 4934; x_wconf 88' lang='lat' dir='ltr'><strong>nimirum</strong></span> <span class='ocrx_word' id='word_1_710' title='bbox 725 4896 867 4954; x_wconf 80' lang='lat' dir='ltr'><strong>synagogae</strong></span> <span class='ocrx_word' id='word_1_711' title='bbox 879 4881 955 4938; x_wconf 73' lang='lat' dir='ltr'><strong>iactae</strong></span> <span class='ocrx_word' id='word_1_712' title='bbox 976 4892 1039 4939; x_wconf 91' lang='lat' dir='ltr'><strong>suut</strong></span> <span class='ocrx_word' id='word_1_713' title='bbox 1091 4880 1333 4938; x_wconf 79' lang='lat' dir='ltr'><strong>devitarentllunc</strong></span> <span class='ocrx_word' id='word_1_714' title='bbox 1343 4890 1433 4936; x_wconf 91' lang='lat' dir='ltr'><strong>autem</strong></span> <span class='ocrx_word' id='word_1_715' title='bbox 1443 4882 1504 4950; x_wconf 76' lang='lat' dir='ltr'><strong>quir</strong></span> <span class='ocrx_word' id='word_1_716' title='bbox 1517 4896 1609 4937; x_wconf 87' lang='lat' dir='ltr'><strong>verum</strong></span> <span class='ocrx_word' id='word_1_717' title='bbox 1621 4881 1795 4938; x_wconf 85' lang='lat' dir='ltr'><strong>liberatorem</strong></span> <span class='ocrx_word' id='word_1_718' title='bbox 1808 4898 1885 4953; x_wconf 77' lang='lat' dir='ltr'><strong>spre</strong></span> 
     </span>
    </p>
   </div>
   <div class='ocr_carea' id='block_1_7' title="bbox 248 4967 1041 5129">
    <p class='ocr_par' dir='ltr' id='par_1_13' title="bbox 248 4967 1041 5129">
     <span class='ocr_line' id='line_1_62' title="bbox 253 4967 1041 5045; baseline 0.009 -22"><span class='ocrx_word' id='word_1_719' title='bbox 253 4967 434 5041; x_wconf 81' lang='lat' dir='ltr'><strong>qaasiyiduae,</strong></span> <span class='ocrx_word' id='word_1_720' title='bbox 447 4969 510 5040; x_wconf 90' lang='lat' dir='ltr'><strong>quia</strong></span> <span class='ocrx_word' id='word_1_721' title='bbox 522 4970 639 5040; x_wconf 90' lang='lat' dir='ltr'><strong>priorem</strong></span> <span class='ocrx_word' id='word_1_722' title='bbox 652 4970 750 5037; x_wconf 83' lang='lat' dir='ltr'><strong>tirum,</strong></span> <span class='ocrx_word' id='word_1_723' title='bbox 764 4973 816 5027; x_wconf 92' lang='lat' dir='ltr'><strong>buc</strong></span> <span class='ocrx_word' id='word_1_724' title='bbox 827 4981 869 5028; x_wconf 91' lang='lat' dir='ltr'><strong>est</strong></span> <span class='ocrx_word' id='word_1_725' title='bbox 881 4974 964 5028; x_wconf 85' lang='lat' dir='ltr'><strong>benur</strong></span> <span class='ocrx_word' id='word_1_726' title='bbox 978 4989 1041 5045; x_wconf 90' lang='lat' dir='ltr'><strong>pro-</strong></span> 
     </span>
     <span class='ocr_line' id='line_1_63' title="bbox 248 5058 1041 5129; baseline 0.008 -17"><span class='ocrx_word' id='word_1_727' title='bbox 248 5066 313 5129; x_wconf 88' lang='lat' dir='ltr'><strong>pter</strong></span> <span class='ocrx_word' id='word_1_728' title='bbox 335 5058 541 5115; x_wconf 86' lang='lat' dir='ltr'><strong>lomicationeut</strong></span> <span class='ocrx_word' id='word_1_729' title='bbox 560 5059 717 5115; x_wconf 73' lang='lat' dir='ltr'><strong>idolotatria</strong></span> <span class='ocrx_word' id='word_1_730' title='bbox 735 5062 834 5116; x_wconf 88' lang='lat' dir='ltr'><strong>babere</strong></span> <span class='ocrx_word' id='word_1_731' title='bbox 856 5077 909 5117; x_wconf 89' lang='lat' dir='ltr'><strong>uon</strong></span> <span class='ocrx_word' id='word_1_732' title='bbox 933 5078 1041 5118; x_wconf 90' lang='lat' dir='ltr'><strong>urerue·</strong></span> 
     </span>
    </p>
   </div>
   <div class='ocr_carea' id='block_1_8' title="bbox 254 5149 1041 5224">
    <p class='ocr_par' dir='ltr' id='par_1_14' title="bbox 254 5149 1041 5224">
     <span class='ocr_line' id='line_1_64' title="bbox 254 5149 1041 5224; baseline 0.004 -20"><span class='ocrx_word' id='word_1_733' title='bbox 254 5158 327 5205; x_wconf 89' lang='lat' dir='ltr'><strong>runt.</strong></span> <span class='ocrx_word' id='word_1_734' title='bbox 339 5149 372 5206; x_wconf 91' lang='lat' dir='ltr'><strong>lii</strong></span> <span class='ocrx_word' id='word_1_735' title='bbox 385 5166 482 5222; x_wconf 88' lang='lat' dir='ltr'><strong>aquam</strong></span> <span class='ocrx_word' id='word_1_736' title='bbox 494 5152 613 5208; x_wconf 81' lang='lat' dir='ltr'><strong>scientim</strong></span> <span class='ocrx_word' id='word_1_737' title='bbox 626 5162 688 5208; x_wconf 82' lang='lat' dir='ltr'><strong>uoto</strong></span> <span class='ocrx_word' id='word_1_738' title='bbox 696 5153 826 5218; x_wconf 87' lang='lat' dir='ltr'><strong>discendi,</strong></span> <span class='ocrx_word' id='word_1_739' title='bbox 839 5155 915 5223; x_wconf 87' lang='lat' dir='ltr'><strong>quasi</strong></span> <span class='ocrx_word' id='word_1_740' title='bbox 927 5155 1041 5224; x_wconf 70' lang='lat' dir='ltr'><strong>mentun</strong></span> 
     </span>
    </p>
   </div>
   <div class='ocr_carea' id='block_1_9' title="bbox 254 5243 1069 5327">
    <p class='ocr_par' dir='ltr' id='par_1_15' title="bbox 254 5243 1069 5327">
     <span class='ocr_line' id='line_1_65' title="bbox 254 5243 1069 5327; baseline 0.006 -31"><span class='ocrx_word' id='word_1_741' title='bbox 254 5243 373 5299; x_wconf 85' lang='lat' dir='ltr'><strong>adhibita</strong></span> <span class='ocrx_word' id='word_1_742' title='bbox 401 5244 551 5310; x_wconf 82' lang='lat' dir='ltr'><strong>redimunt,</strong></span> <span class='ocrx_word' id='word_1_743' title='bbox 578 5244 624 5302; x_wconf 87' lang='lat' dir='ltr'><strong>sed</strong></span> <span class='ocrx_word' id='word_1_744' title='bbox 638 5247 701 5316; x_wconf 86' lang='lat' dir='ltr'><strong>quia</strong></span> <span class='ocrx_word' id='word_1_745' title='bbox 725 5246 860 5302; x_wconf 83' lang='lat' dir='ltr'><strong>Christum</strong></span> <span class='ocrx_word' id='word_1_746' title='bbox 882 5247 908 5301; x_wconf 92' lang='lat' dir='ltr'><strong>in</strong></span> <span class='ocrx_word' id='word_1_747' title='bbox 931 5262 962 5303; x_wconf 86' lang='lat' dir='ltr'><strong>ea</strong></span> <span class='ocrx_word' id='word_1_748' title='bbox 988 5262 1069 5327; x_wconf 28' lang='lat' dir='ltr'><strong>tion,</strong></span> 
     </span>
    </p>
   </div>
   <div class='ocr_carea' id='block_1_10' title="bbox 252 5329 1041 5761">
    <p class='ocr_par' dir='ltr' id='par_1_16' title="bbox 252 5329 1041 5761">
     <span class='ocr_line' id='line_1_66' title="bbox 254 5329 1040 5408; baseline 0.009 -23"><span class='ocrx_word' id='word_1_749' title='bbox 254 5334 401 5397; x_wconf 87' lang='lat' dir='ltr'><strong>inveniunt,</strong></span> <span class='ocrx_word' id='word_1_750' title='bbox 426 5344 528 5391; x_wconf 68' lang='lat' dir='ltr'><strong>aeterna</strong></span> <span class='ocrx_word' id='word_1_751' title='bbox 550 5336 594 5391; x_wconf 89' lang='lat' dir='ltr'><strong>siti</strong></span> <span class='ocrx_word' id='word_1_752' title='bbox 620 5329 785 5407; x_wconf 79' lang='lat' dir='ltr'><strong>depereunt,</strong></span> <span class='ocrx_word' id='word_1_753' title='bbox 800 5353 906 5408; x_wconf 89' lang='lat' dir='ltr'><strong>semper</strong></span> <span class='ocrx_word' id='word_1_754' title='bbox 933 5339 1040 5407; x_wconf 89' lang='lat' dir='ltr'><strong>quidem</strong></span> 
     </span>
     <span class='ocr_line' id='line_1_67' title="bbox 253 5421 1041 5497; baseline 0.009 -23"><span class='ocrx_word' id='word_1_755' title='bbox 253 5421 389 5477; x_wconf 85' lang='lat' dir='ltr'><strong>discentes</strong></span> <span class='ocrx_word' id='word_1_756' title='bbox 401 5431 430 5476; x_wconf 89' lang='lat' dir='ltr'><strong>et</strong></span> <span class='ocrx_word' id='word_1_757' title='bbox 448 5439 585 5494; x_wconf 81' lang='lat' dir='ltr'><strong>antiquam</strong></span> <span class='ocrx_word' id='word_1_758' title='bbox 606 5424 639 5479; x_wconf 86' lang='lat' dir='ltr'><strong>ad</strong></span> <span class='ocrx_word' id='word_1_759' title='bbox 652 5425 792 5480; x_wconf 88' lang='lat' dir='ltr'><strong>scientiam</strong></span> <span class='ocrx_word' id='word_1_760' title='bbox 813 5427 934 5481; x_wconf 86' lang='lat' dir='ltr'><strong>veritatis</strong></span> <span class='ocrx_word' id='word_1_761' title='bbox 947 5442 1041 5497; x_wconf 86' lang='lat' dir='ltr'><strong>perve-</strong></span> 
     </span>
     <span class='ocr_line' id='line_1_68' title="bbox 252 5507 1040 5586; baseline 0.02 -30"><span class='ocrx_word' id='word_1_762' title='bbox 252 5507 370 5562; x_wconf 85' lang='lat' dir='ltr'><strong>nientes.</strong></span> <span class='ocrx_word' id='word_1_763' title='bbox 385 5510 516 5566; x_wconf 84' lang='lat' dir='ltr'><strong>Similiter</strong></span> <span class='ocrx_word' id='word_1_764' title='bbox 527 5514 608 5568; x_wconf 87' lang='lat' dir='ltr'><strong>etiam</strong></span> <span class='ocrx_word' id='word_1_765' title='bbox 622 5513 692 5584; x_wconf 77' lang='lat' dir='ltr'><strong>ligna</strong></span> <span class='ocrx_word' id='word_1_766' title='bbox 703 5517 790 5584; x_wconf 89' lang='lat' dir='ltr'><strong>pretio</strong></span> <span class='ocrx_word' id='word_1_767' title='bbox 798 5526 967 5586; x_wconf 88' lang='lat' dir='ltr'><strong>comparant,</strong></span> <span class='ocrx_word' id='word_1_768' title='bbox 978 5534 1040 5572; x_wconf 88' lang='lat' dir='ltr'><strong>cunt</strong></span> 
     </span>
     <span class='ocr_line' id='line_1_69' title="bbox 252 5594 1041 5675; baseline 0.022 -32"><span class='ocrx_word' id='word_1_769' title='bbox 252 5594 412 5650; x_wconf 79' lang='lat' dir='ltr'><strong>exercendis</strong></span> <span class='ocrx_word' id='word_1_770' title='bbox 432 5599 577 5654; x_wconf 68' lang='lat' dir='ltr'><strong>virtutibus</strong></span> <span class='ocrx_word' id='word_1_771' title='bbox 598 5616 707 5670; x_wconf 90' lang='lat' dir='ltr'><strong>operam</strong></span> <span class='ocrx_word' id='word_1_772' title='bbox 728 5604 807 5669; x_wconf 89' lang='lat' dir='ltr'><strong>dant;</strong></span> <span class='ocrx_word' id='word_1_773' title='bbox 827 5606 873 5659; x_wconf 90' lang='lat' dir='ltr'><strong>scd</strong></span> <span class='ocrx_word' id='word_1_774' title='bbox 887 5605 950 5675; x_wconf 89' lang='lat' dir='ltr'><strong>quia</strong></span> <span class='ocrx_word' id='word_1_775' title='bbox 962 5607 1041 5660; x_wconf 83' lang='lat' dir='ltr'><strong>anlo-</strong></span> 
     </span>
     <span class='ocr_line' id='line_1_70' title="bbox 255 5685 1040 5761; baseline 0.028 -32"><span class='ocrx_word' id='word_1_776' title='bbox 255 5693 315 5733; x_wconf 79' lang='lat' dir='ltr'><strong>aem</strong></span> <span class='ocrx_word' id='word_1_777' title='bbox 328 5685 466 5745; x_wconf 85' lang='lat' dir='ltr'><strong>charitatis</strong></span> <span class='ocrx_word' id='word_1_778' title='bbox 485 5692 513 5745; x_wconf 89' lang='lat' dir='ltr'><strong>iu</strong></span> <span class='ocrx_word' id='word_1_779' title='bbox 532 5706 565 5747; x_wconf 85' lang='lat' dir='ltr'><strong>eo</strong></span> <span class='ocrx_word' id='word_1_780' title='bbox 586 5693 684 5747; x_wconf 84' lang='lat' dir='ltr'><strong>babere</strong></span> <span class='ocrx_word' id='word_1_781' title='bbox 713 5692 869 5761; x_wconf 70' lang='lat' dir='ltr'><strong>lespiciunt,</strong></span> <span class='ocrx_word' id='word_1_782' title='bbox 886 5693 912 5748; x_wconf 92' lang='lat' dir='ltr'><strong>iu</strong></span> <span class='ocrx_word' id='word_1_783' title='bbox 927 5711 1040 5751; x_wconf 89' lang='lat' dir='ltr'><strong>vacuum</strong></span> 
     </span>
    </p>
   </div>
   <div class='ocr_carea' id='block_1_11' title="bbox 1093 4971 1886 5766">
    <p class='ocr_par' dir='ltr' id='par_1_17' title="bbox 1093 4971 1886 5569">
     <span class='ocr_line' id='line_1_71' title="bbox 1094 4971 1884 5044; baseline 0.001 -17"><span class='ocrx_word' id='word_1_784' title='bbox 1094 4980 1201 5039; x_wconf 88' lang='lat' dir='ltr'><strong>verunt,</strong></span> <span class='ocrx_word' id='word_1_785' title='bbox 1223 4971 1278 5026; x_wconf 91' lang='lat' dir='ltr'><strong>imo</strong></span> <span class='ocrx_word' id='word_1_786' title='bbox 1290 4971 1495 5038; x_wconf 80' lang='lat' dir='ltr'><strong>crucifixerant,</strong></span> <span class='ocrx_word' id='word_1_787' title='bbox 1508 4971 1541 5026; x_wconf 91' lang='lat' dir='ltr'><strong>de</strong></span> <span class='ocrx_word' id='word_1_788' title='bbox 1561 4978 1633 5026; x_wconf 89' lang='lat' dir='ltr'><strong>terra</strong></span> <span class='ocrx_word' id='word_1_789' title='bbox 1650 4987 1699 5026; x_wconf 88' lang='lat' dir='ltr'><strong>sua</strong></span> <span class='ocrx_word' id='word_1_790' title='bbox 1715 4973 1807 5041; x_wconf 82' lang='lat' dir='ltr'><strong>ejecti,</strong></span> <span class='ocrx_word' id='word_1_791' title='bbox 1823 4974 1884 5044; x_wconf 69' lang='lat' dir='ltr'><strong>vagi</strong></span> 
     </span>
     <span class='ocr_line' id='line_1_72' title="bbox 1093 5060 1886 5132; baseline 0.001 -16"><span class='ocrx_word' id='word_1_792' title='bbox 1093 5069 1121 5116; x_wconf 93' lang='lat' dir='ltr'><strong>et</strong></span> <span class='ocrx_word' id='word_1_793' title='bbox 1133 5060 1237 5132; x_wconf 80' lang='lat' dir='ltr'><strong>prologi</strong></span> <span class='ocrx_word' id='word_1_794' title='bbox 1251 5062 1278 5116; x_wconf 90' lang='lat' dir='ltr'><strong>in</strong></span> <span class='ocrx_word' id='word_1_795' title='bbox 1293 5070 1350 5117; x_wconf 88' lang='lat' dir='ltr'><strong>toto</strong></span> <span class='ocrx_word' id='word_1_796' title='bbox 1364 5071 1504 5117; x_wconf 88' lang='lat' dir='ltr'><strong>versantur</strong></span> <span class='ocrx_word' id='word_1_797' title='bbox 1516 5062 1591 5127; x_wconf 88' lang='lat' dir='ltr'><strong>orbe,</strong></span> <span class='ocrx_word' id='word_1_798' title='bbox 1606 5070 1634 5117; x_wconf 87' lang='lat' dir='ltr'><strong>et</strong></span> <span class='ocrx_word' id='word_1_799' title='bbox 1646 5061 1757 5117; x_wconf 88' lang='lat' dir='ltr'><strong>sedibus</strong></span> <span class='ocrx_word' id='word_1_800' title='bbox 1771 5064 1886 5119; x_wconf 79' lang='lat' dir='ltr'><strong>incertis</strong></span> 
     </span>
     <span class='ocr_line' id='line_1_73' title="bbox 1094 5151 1883 5222; baseline -0.001 -15"><span class='ocrx_word' id='word_1_801' title='bbox 1094 5153 1285 5216; x_wconf 87' lang='lat' dir='ltr'><strong>discurrentes,</strong></span> <span class='ocrx_word' id='word_1_802' title='bbox 1298 5153 1399 5209; x_wconf 87' lang='lat' dir='ltr'><strong>victum</strong></span> <span class='ocrx_word' id='word_1_803' title='bbox 1419 5168 1479 5206; x_wconf 91' lang='lat' dir='ltr'><strong>cum</strong></span> <span class='ocrx_word' id='word_1_804' title='bbox 1499 5151 1620 5222; x_wconf 89' lang='lat' dir='ltr'><strong>periculo</strong></span> <span class='ocrx_word' id='word_1_805' title='bbox 1641 5153 1703 5206; x_wconf 71' lang='lat' dir='ltr'><strong>vitae</strong></span> <span class='ocrx_word' id='word_1_806' title='bbox 1724 5154 1883 5222; x_wconf 78' lang='lat' dir='ltr'><strong>acquirunt.</strong></span> 
     </span>
     <span class='ocr_line' id='line_1_74' title="bbox 1095 5240 1884 5313; baseline 0.003 -18"><span class='ocrx_word' id='word_1_807' title='bbox 1095 5240 1169 5309; x_wconf 83' lang='lat' dir='ltr'><strong>Quod</strong></span> <span class='ocrx_word' id='word_1_808' title='bbox 1182 5241 1251 5298; x_wconf 87' lang='lat' dir='ltr'><strong>bene</strong></span> <span class='ocrx_word' id='word_1_809' title='bbox 1261 5241 1327 5298; x_wconf 78' lang='lat' dir='ltr'><strong>Cain</strong></span> <span class='ocrx_word' id='word_1_810' title='bbox 1339 5243 1471 5313; x_wconf 88' lang='lat' dir='ltr'><strong>parricida</strong></span> <span class='ocrx_word' id='word_1_811' title='bbox 1482 5241 1679 5313; x_wconf 72' lang='lat' dir='ltr'><strong>praefigurabat,</strong></span> <span class='ocrx_word' id='word_1_812' title='bbox 1691 5249 1735 5298; x_wconf 90' lang='lat' dir='ltr'><strong>cul</strong></span> <span class='ocrx_word' id='word_1_813' title='bbox 1747 5247 1884 5299; x_wconf 83' lang='lat' dir='ltr'><strong>sententia</strong></span> 
     </span>
     <span class='ocr_line' id='line_1_75' title="bbox 1094 5330 1884 5405; baseline 0.003 -20"><span class='ocrx_word' id='word_1_814' title='bbox 1094 5332 1156 5386; x_wconf 88' lang='lat' dir='ltr'><strong>data</strong></span> <span class='ocrx_word' id='word_1_815' title='bbox 1172 5340 1213 5387; x_wconf 89' lang='lat' dir='ltr'><strong>est</strong></span> <span class='ocrx_word' id='word_1_816' title='bbox 1230 5330 1306 5405; x_wconf 82' lang='lat' dir='ltr'><strong>(Gen.</strong></span> <span class='ocrx_word' id='word_1_817' title='bbox 1327 5332 1375 5405; x_wconf 88' lang='grc' dir='ltr'>ιι),</span> <span class='ocrx_word' id='word_1_818' title='bbox 1390 5342 1420 5388; x_wconf 83' lang='grc' dir='ltr'><strong>ιιι</strong></span> <span class='ocrx_word' id='word_1_819' title='bbox 1440 5348 1522 5402; x_wconf 76' lang='lat' dir='ltr'><strong>vagus</strong></span> <span class='ocrx_word' id='word_1_820' title='bbox 1535 5341 1563 5388; x_wconf 90' lang='lat' dir='ltr'><strong>ct</strong></span> <span class='ocrx_word' id='word_1_821' title='bbox 1584 5332 1723 5403; x_wconf 75' lang='lat' dir='ltr'><strong>prologus,</strong></span> <span class='ocrx_word' id='word_1_822' title='bbox 1736 5347 1843 5403; x_wconf 85' lang='lat' dir='ltr'><strong>parens</strong></span> <span class='ocrx_word' id='word_1_823' title='bbox 1856 5344 1884 5387; x_wconf 82' lang='lat' dir='ltr'><strong>et</strong></span> 
     </span>
     <span class='ocr_line' id='line_1_76' title="bbox 1094 5422 1885 5495; baseline 0.006 -21"><span class='ocrx_word' id='word_1_824' title='bbox 1094 5428 1211 5477; x_wconf 86' lang='lat' dir='ltr'><strong>tremens</strong></span> <span class='ocrx_word' id='word_1_825' title='bbox 1225 5436 1273 5491; x_wconf 87' lang='lat' dir='ltr'><strong>pet</strong></span> <span class='ocrx_word' id='word_1_826' title='bbox 1287 5422 1345 5477; x_wconf 88' lang='lat' dir='ltr'><strong>loca</strong></span> <span class='ocrx_word' id='word_1_827' title='bbox 1360 5423 1433 5477; x_wconf 84' lang='lat' dir='ltr'><strong>varia</strong></span> <span class='ocrx_word' id='word_1_828' title='bbox 1448 5422 1627 5489; x_wconf 88' lang='lat' dir='ltr'><strong>discurreret,</strong></span> <span class='ocrx_word' id='word_1_829' title='bbox 1641 5434 1822 5495; x_wconf 82' lang='lat' dir='ltr'><strong>uecnsqaara</strong></span> <span class='ocrx_word' id='word_1_830' title='bbox 1841 5440 1885 5479; x_wconf 85' lang='lat' dir='ltr'><strong>tn·</strong></span> 
     </span>
     <span class='ocr_line' id='line_1_77' title="bbox 1093 5521 1440 5569; baseline 0.006 -4"><span class='ocrx_word' id='word_1_831' title='bbox 1093 5521 1135 5567; x_wconf 87' lang='lat' dir='ltr'><strong>tus</strong></span> <span class='ocrx_word' id='word_1_832' title='bbox 1146 5521 1175 5567; x_wconf 92' lang='lat' dir='ltr'><strong>et</strong></span> <span class='ocrx_word' id='word_1_833' title='bbox 1188 5527 1299 5568; x_wconf 87' lang='lat' dir='ltr'><strong>securus</strong></span> <span class='ocrx_word' id='word_1_834' title='bbox 1310 5523 1440 5569; x_wconf 87' lang='lat' dir='ltr'><strong>maneret.</strong></span> 
     </span>
    </p>

    <p class='ocr_par' dir='ltr' id='par_1_18' title="bbox 1096 5603 1883 5766">
     <span class='ocr_line' id='line_1_78' title="bbox 1129 5603 1883 5675; baseline 0.003 -19"><span class='ocrx_word' id='word_1_835' title='bbox 1129 5623 1139 5656; x_wconf 81' lang='lat' dir='ltr'><strong>a</strong></span> <span class='ocrx_word' id='word_1_836' title='bbox 1157 5603 1238 5658; x_wconf 90' lang='lat' dir='ltr'><strong>Pellis</strong></span> <span class='ocrx_word' id='word_1_837' title='bbox 1261 5615 1352 5659; x_wconf 91' lang='lat' dir='ltr'><strong>nostra</strong></span> <span class='ocrx_word' id='word_1_838' title='bbox 1367 5606 1443 5675; x_wconf 88' lang='lat' dir='ltr'><strong>quasi</strong></span> <span class='ocrx_word' id='word_1_839' title='bbox 1463 5604 1584 5661; x_wconf 87' lang='lat' dir='ltr'><strong>elibanus</strong></span> <span class='ocrx_word' id='word_1_840' title='bbox 1605 5616 1700 5662; x_wconf 81' lang='lat' dir='ltr'><strong>crusta</strong></span> <span class='ocrx_word' id='word_1_841' title='bbox 1714 5612 1766 5671; x_wconf 81' lang='lat' dir='ltr'><strong>est,</strong></span> <span class='ocrx_word' id='word_1_842' title='bbox 1780 5621 1796 5659; x_wconf 88' lang='lat' dir='ltr'><strong>a</strong></span> <span class='ocrx_word' id='word_1_843' title='bbox 1810 5604 1883 5659; x_wconf 76' lang='lat' dir='ltr'><strong>facie</strong></span> 
     </span>
     <span class='ocr_line' id='line_1_79' title="bbox 1096 5695 1882 5766; baseline 0.001 -19"><span class='ocrx_word' id='word_1_844' title='bbox 1096 5713 1105 5747; x_wconf 81' lang='grc' dir='ltr'>ι</span> <span class='ocrx_word' id='word_1_845' title='bbox 1124 5703 1311 5766; x_wconf 85' lang='lat' dir='ltr'><strong>tempestatum</strong></span> <span class='ocrx_word' id='word_1_846' title='bbox 1335 5695 1421 5751; x_wconf 89' lang='lat' dir='ltr'><strong>lamis.</strong></span> <span class='ocrx_word' id='word_1_847' title='bbox 1437 5717 1446 5749; x_wconf 82' lang='lat' dir='ltr'><strong>r</strong></span> <span class='ocrx_word' id='word_1_848' title='bbox 1460 5696 1488 5750; x_wconf 94' lang='lat' dir='ltr'><strong>lu</strong></span> <span class='ocrx_word' id='word_1_849' title='bbox 1502 5695 1571 5766; x_wconf 85' lang='lat' dir='ltr'><strong>pelle</strong></span> <span class='ocrx_word' id='word_1_850' title='bbox 1592 5708 1705 5761; x_wconf 83' lang='lat' dir='ltr'><strong>exusta,</strong></span> <span class='ocrx_word' id='word_1_851' title='bbox 1722 5695 1882 5753; x_wconf 74' lang='lat' dir='ltr'><strong>deformita-</strong></span> 
     </span>
    </p>
   </div>
   <div class='ocr_carea' id='block_1_12' title="bbox 0 0 2026 6198">
    <p class='ocr_par' dir='ltr' id='par_1_19' title="bbox 0 0 2026 6198">
     <span class='ocr_line' id='line_1_80' title="bbox 0 0 2026 6198; baseline 0 0"><span class='ocrx_word' id='word_1_852' title='bbox 0 0 2026 6198; x_wconf 95' lang='lat' dir='ltr'><strong> </strong></span> 
     </span>
    </p>
   </div>
  </div>
 </body>
</html>
