4042 6200
176 352 229 410 583
400 348 406 353 '
495 344 527 402 B.
545 343 672 419 mutui
692 339 980 401 bremuncurte.
1000 339 1155 398 essebur.
1174 340 1317 400 orsurus
1333 342 1426 429 PARS
1444 346 1476 401 ll.
1758 347 1812 403 {ast

176 473 263 521 moute
275 470 366 519 suado
386 460 443 532 ejus
465 457 552 533 (Ptol.
567 458 674 528 uxcrui;
689 464 718 512 ot
736 457 821 512 item:
836 453 859 507 F
860 452 967 509 luminis
981 456 1008 515 Λ
1021 453 1121 517 situm,
1144 455 1222 524 quasi
1237 470 1329 512 casam
1346 456 1450 522 altain,
1468 455 1545 527 cujus
1557 458 1670 530 pluralis
1682 476 1814 518 namacius

175 557 287 626 impetur
305 551 422 622 letificat
436 551 564 605 ciuitatem
585 548 633 604 Dei
649 548 735 619 (Ptol.
753 548 832 619 xcv);
857 546 908 602 lroe
927 555 969 601 est
1021 553 1121 611 castra,
1138 546 1327 602 diminutivum
1342 548 1483 603 castollum
1499 559 1550 604 cst.
1570 549 1666 605 Castra
1688 551 1746 608 sire
1766 569 1814 608 ca·

176 645 295 716 Spiritus
309 642 396 698 suncti
415 641 502 714 gratia
524 640 644 697 laetiucat
668 647 791 696 sanctam
818 639 968 696 Ecclesiam
1019 636 1098 693 stella
1111 637 1340 696 cohabitationem
1352 641 1486 696 bonorum
1498 642 1638 698 hominurn
1651 643 1814 702 relsancto-

177 736 235 800 liei,
250 734 293 790 vel
305 732 448 804 utriuslibet
472 733 558 789 sancti
573 734 626 789 viri
647 732 754 788 llilelem
776 732 906 787 animam.
930 733 968 789 lie
1019 743 1080 783 rum
1093 729 1248 802 ariqeloram
1262 741 1375 803 possunt
1384 732 1547 804 siguificare.

176 835 230 899 quo
255 828 283 885 in
306 825 469 898 Apocalypsi
503 826 736 883 obtundantissime
761 825 966 897 scriptumest.
1055 814 1133 876 Unde
1144 819 1244 893 legitur
1257 822 1284 877 in
1300 822 1510 888 Exodo,costra
1526 824 1641 882 liliorum
1655 827 1747 895 lsrael,
1767 816 1815 886 ubi

178 919 256 978 Unde
272 919 338 975 illud
351 936 358 974 :
369 916 430 973 Vidi
445 918 735 975 udruemleroeotem
750 935 845 975 uounnt
857 917 967 973 descen·
1019 913 1217 971 castrametati
1233 923 1307 981 sunl,
1325 915 1517 984 8111161110ιὶ,
1536 918 1582 974 ubi
1599 916 1683 974 Jacob
1698 922 1816 990 patriar·

176 1012 281 1067 dentem
293 1011 326 1066 de
339 1010 403 1067 coelo
414 1020 546 1076 umorum,
561 1019 688 1082 tunquam
701 1027 824 1082 moneam
846 1010 902 1066 uiro
920 1027 968 1066 cato
1019 1004 1070 1060 cira
1090 1004 1197 1061 obviam
1220 1006 1272 1063 sibi
1293 1007 1389 1064 habuit
1404 1008 1516 1081 angelos
1533 1008 1581 1065 Dei
1597 1008 1664 1080 (Gen
1692 1012 1789 1085 rurist>
1803 1053 1813 1079 ,

176 1104 270 1175 (Apoe.
293 1101 361 1174 xxi).
389 1101 520 1159 Ciuitates
544 1118 610 1159 vero
632 1099 732 1159 ludum
757 1102 883 1159 similiter
905 1110 969 1159 saint
1020 1099 1164 1171 appellauit
1187 1117 1286 1158 nornen
1310 1103 1362 1159 loci
1382 1104 1455 1160 illius
1468 1104 1596 1172 llanaim,
1613 1107 1696 1161 idest
1709 1116 1811 1162 castra.

150 1214 154 1221 ¹
175 1194 303 1252 Ecclesiae
322 1195 423 1253 Christi
439 1196 481 1251 vel
493 1195 592 1252 anima·
604 1195 734 1253 fidelium.
749 1196 825 1253 Unde
836 1196 967 1269 seriptum
1019 1188 1115 1246 Castra
1128 1191 1186 1257 liei,
1198 1209 1259 1264 uuae
1272 1195 1340 1250 uidit
1351 1192 1437 1253 Jacob
1449 1197 1477 1251 in
1492 1196 1599 1263 itinere,
1613 1197 1686 1252 nulle
1701 1198 1813 1254 dubita-

175 1296 218 1343 eet
237 1289 264 1344 iu
279 1286 383 1359 psalmo
405 1305 414 1344 ς
439 1288 658 1359 AEuipieqiuniur
683 1290 800 1351 pinuque
821 1287 922 1356 iuda,
940 1298 969 1346 ei
1020 1283 1058 1339 tin
1070 1292 1122 1350 est,
1138 1285 1208 1357 quod
1223 1285 1381 1359 angelorum
1397 1287 1480 1343 luerit
1494 1287 1650 1355 multitudo,
1666 1303 1699 1344 ea
1712 1289 1815 1361 quippe
1854 1318 1858 1325 ·

176 1379 280 1451 reliqua
295 1377 389 1453 (rear.
408 1379 515 1452 crusii).
537 1378 618 1437 Ciues
638 1390 729 1438 autom
749 1380 842 1439 lldelcs
855 1383 969 1455 mystice
1019 1371 1047 1428 111
1060 1372 1209 1445 5111111111
1223 1376 1320 1433 1111111111
1335 1378 1396 1435 eoell
1407 1379 1575 1435 1101111111111·

175 1471 313 1527 mannum.
330 1469 409 1528 Upuu
418 1472 457 1529 sii
468 1470 613 1545 Apostolus
627 1490 634 1526 :
648 1471 702 1529 seu
711 1475 772 1531 eiii,
784 1475 851 1530 cim
865 1484 969 1531 impp.
1053 1461 1119 1537 Pagi
1135 1475 1198 1520 sunt
1212 1475 1275 1538 apta
1292 1466 1414 1524 aedillciis
1433 1468 1493 1525 loca
1512 1469 1584 1527 inter
1597 1485 1677 1543 agros
1690 1471 1814 1527 habitan·

176 1577 235 1616 rum
259 1571 284 1618 ei
302 1561 436 1619 domestici
455 1561 504 1618 Dei
518 1561 600 1635 (Epi,
617 1561 661 1634 η),
689 1561 793 1619 cicius
816 1565 899 1621 corda
925 1564 968 1620 vel
1021 1555 1103 1622 tibus,
1123 1556 1181 1613 haec
1195 1566 1222 1614 et
1236 1559 1416 1615 conciliabula
1435 1560 1506 1617 dieta
1521 1576 1537 1617 a
1555 1569 1689 1617 consentu
1715 1570 1743 1618 et
1768 1578 1815 1616 so-

175 1667 291 1723 corpora
312 1651 475 1723 impiorum,
499 1660 529 1708 ut
554 1653 580 1708 iu
599 1653 704 1723 psalmo
719 1671 725 1708 :
741 1652 864 1711 Ciuitates
878 1670 969 1711 eorum
1019 1645 1118 1703 1111111111
1131 1647 1425 1706 11111011111111111111111·
1442 1650 1566 1723 C⁰¹¹¹liila
1585 1660 1656 1718 ⁸1¹⁰l.
1683 1651 1815 1709 1111115113

175 1744 330 1800 terreum
344 1743 432 1817 (Prot
448 1746 499 1817 ιι).
522 1745 557 1800 ua
571 1746 599 1801 tn
619 1745 766 1819 Evangelio
779 1764 786 1801 2
800 1745 834 1801 Er
851 1748 968 1803 eiurare·
1020 1749 1064 1796 est
1076 1749 1225 1799 moronus
1243 1742 1302 1799 leri
1326 1743 1510 1801 misticorum:
1530 1752 1558 1800 ει
1587 1744 1660 1801 dicta
1681 1745 1813 1815 comptu,

175 1852 266 1890 eorum
279 1834 334 1906 iqui
348 1836 505 1891 succendisti
517 1834 625 1909 (Mettis.
647 1829 726 1911 istri.
744 1836 858 1906 puerulo
877 1846 968 1894 autem
984 1818 1092 1903 91111011
1112 1833 1170 1890 ¹00³
1189 1834 1274 1890 ιιιιιΙῑιι
1298 1834 1325 1892 ln
1350 1837 1422 1908 utitis
1447 1852 1542 1893 eorum
1558 1845 1730 1909 0011Ρ1111111,
1758 1853 1816 1909 (1111)

152 1980 157 1989 ,
176 1925 203 1981 iu
215 1927 381 1983 contrariam
401 1937 506 1999 partem
521 1928 618 1987 ciuitas
631 1929 749 2001 ponitur,
770 1929 907 2003 significat
921 1930 970 1987 Ba·
1020 1923 1181 1981 convenitur
1195 1940 1210 1980 a
1224 1926 1342 1983 rusticis.
1361 1925 1524 1983 Suburbana
1550 1937 1614 1984 sunt
1638 1927 1815 1985 circumlecta

174 2017 300 2089 lipianum
321 2018 490 2088 spiritalem,
507 2020 602 2077 urbem
625 2021 751 2079 uidelicet
766 2021 888 2089 diaboli,
910 2039 970 2094 qum
1019 2014 1064 2072 rel
1076 2014 1148 2085 jecta
1167 2016 1285 2073 civitatis
1305 2017 1431 2085 aedificia,
1446 2018 1526 2088 quasi
1544 2017 1595 2074 sub
1614 2019 1691 2073 urbe.
1710 2016 1815 2074 Subur-

176 2117 315 2181 mcrqotm
340 2110 368 2166 in
389 2110 552 2183 protundum
576 2113 686 2185 oopus,
712 2114 758 2169 not
777 2121 818 2169 ost
838 2113 972 2172 nauium
1021 2107 1091 2163 uano
1116 2116 1218 2175 auten,
1244 2125 1305 2180 uiae
1328 2107 1444 2165 aediucio
1467 2117 1578 2167 suntet
1598 2109 1813 2175 locaciuutis,

174 2201 370 2259 damnatorum
395 2212 423 2259 rt
446 2205 536 2261 omnis
567 2206 679 2277 spiritus
710 2207 860 2275 immundi,
889 2224 971 2282 super
1020 2201 1306 2272 possuntsignificare
1328 2203 1496 2259 divinarum
1516 2203 1635 2276 gentium
1653 2203 1740 2271 situs,
1767 2203 1814 2273 qui

175 2307 258 2363 equam
284 2291 386 2350 flebunt
410 2308 488 2367 reges
514 2302 616 2362 terre,
643 2297 690 2368 qui
709 2298 831 2354 camilla
846 2297 971 2357 incruenti
1022 2291 1056 2348 ad
1070 2292 1188 2348 ciuitatis
1203 2293 1261 2361 bei,
1278 2293 1330 2349 hoc
1347 2301 1389 2349 cst
1401 2302 1502 2350 sanctae
1516 2293 1655 2361 Ecclesia,
1672 2310 1739 2351 usus
1751 2310 1816 2364 pos·

174 2394 248 2451 sunt,
262 2395 291 2441 et
305 2387 488 2458 negotiatores
508 2395 588 2444 terem
610 2387 712 2445 dobunt
729 2399 756 2446 et
779 2389 910 2463 lugebunt
926 2407 971 2447 su.
1022 2390 1086 2438 suut
1106 2383 1266 2455 pertinere,
1286 2384 1395 2454 qrrando
1410 2399 1459 2456 per
1473 2384 1680 2456 praedicatorum
1695 2384 1816 2441 studium

175 2493 226 2550 per
241 2480 314 2536 illam
325 2481 417 2553 (Apro.
434 2482 522 2553 xviri).
542 2481 613 2539 llicit
633 2483 706 2539 enim
720 2482 866 2555 Apostolus
885 2501 892 2538 ε
909 2484 972 2540 Nou
1022 2477 1055 2533 ad
1069 2478 1271 2550 perceptionem
1284 2478 1361 2535 uerbi
1382 2476 1429 2534 hei
1452 2486 1634 2551 provocantur
1647 2487 1673 2534 ct
1688 2479 1817 2534 catccliu·

174 2572 300 2628 mmmm
313 2574 442 2630 ciuitatem
456 2575 498 2629 liic
517 2584 675 2642 manentem,
695 2576 741 2632 eod
757 2576 875 2646 {uturum
886 2578 972 2650 iuqui-
1022 2570 1095 2626 meni
1121 2570 1210 2626 liunt:
1227 2570 1331 2641 sicque,
1349 2568 1372 2625 si
1386 2568 1438 2626 lide
1452 2570 1700 2641 perseuerauerint.
1716 2570 1816 2625 unitati

175 2663 260 2719 durus
275 2662 355 2737 (liei.
370 2663 448 2737 xisti.
462 2666 515 2723 huc
528 2674 581 2734 est,
593 2666 732 2737 colestem
743 2668 869 2739 patriam,
883 2676 912 2727 et
929 2685 973 2727 uu.
1022 2671 1123 2719 mnctae
1137 2661 1265 2719 Ecclesiae
1279 2661 1464 2718 sociabuntur.
1479 2659 1577 2716 llccnia
1591 2669 1653 2717 siant
1665 2661 1735 2716 muri
1750 2661 1817 2717 civi·

175 2753 302 2811 uictaoem
325 2763 483 2813 sauctorum
516 2757 685 2830 angelorum.
714 2757 889 2831 Municipium
908 2767 972 2828 uit,
1022 2754 1097 2813 tatis.
1110 2752 1181 2808 diota
1197 2750 1232 2807 ab
1243 2766 1287 2818 co,
1313 2751 1385 2830 quod
1402 2751 1526 2806 muniant
1549 2750 1711 2815 civilatem,
1736 2750 1814 2823 quasi

175 2846 258 2918 quod,
273 2856 400 2905 ammoto
417 2856 490 2905 statu
510 2848 639 2916 ciuitatis,
658 2849 705 2921 jus
724 2849 835 2922 aliquod
856 2850 972 2908 priumie
1021 2844 1191 2900 munimenta
1212 2843 1305 2911 urbis,
1327 2842 1430 2911 idest,
1451 2850 1610 2899 tutamenta.
1630 2842 1749 2898 llunium
1766 2859 1816 2898 aar·

175 2946 224 2994 out
241 2939 355 3011 maioris
368 2938 613 3013 officiioprinoipe
630 2941 769 3013 imposne.
792 2942 899 3001 uictum
923 2959 972 2999 au·
1022 2944 1076 2991 tem
1094 2935 1213 3003 uictum,
1238 2932 1317 3007 quasi
1343 2951 1424 2991 manu
1447 2933 1568 2999 roccum,
1590 2936 1630 2991 stc
1650 2943 1678 2991 ει
1703 2934 1775 2991 muri
1798 2951 1815 2990 a

176 3039 230 3088 tem
244 3032 421 3106 municipium
437 3033 634 3102 umuneribus,
650 3034 677 3090 id
691 3043 746 3103 est,
769 3033 875 3106 ciliciis,
897 3035 971 3108 quud
1021 3027 1172 3085 munitione
1197 3027 1283 3093 dicti,
1306 3026 1384 3099 quasi
1406 3025 1521 3089 mauriti,
1547 3026 1619 3099 quod
1643 3026 1766 3082 muniant
1787 3035 1816 3082 ct

175 3133 280 3184 uotum
302 3128 416 3196 munio,
442 3128 539 3193 idest,
556 3129 655 3187 tributa
676 3129 767 3186 debita
789 3128 832 3186 uel
856 3144 969 3186 munem
1022 3128 1150 3178 tucantur
1169 3120 1299 3176 interiora
1323 3119 1408 3176 urlis.
1438 3119 1537 3176 Moeiiia
1562 3127 1653 3176 autem
1680 3118 1814 3190 duplicem

175 3218 299 3276 reddunt
321 3217 389 3275 Nam
413 3218 540 3277 liberales
553 3229 582 3276 ee
601 3218 790 3277 famosissima
812 3236 917 3287 minim,
938 3230 967 3278 qi
981 3174 1004 3239 C
1019 3213 1121 3269 habent
1135 3211 1370 3285 siqiiiltcatioricm.
1395 3209 1463 3266 Nam
1485 3211 1619 3268 interdum
1642 3210 1741 3266 munia
1764 3211 1815 3265 ab·
1855 3217 1857 3220 ’

175 3325 281 3381 quaeex
296 3310 419 3382 principe
442 3310 674 3382 proficiscuntur,
698 3311 735 3368 ibi
758 3325 813 3367 non
838 3320 965 3384 aguntur,
1018 3302 1335 3360 usll'edictlnllltomlllti
1354 3301 1468 3358 aedilrcia
1483 3301 1591 3373 publicu
1607 3300 1742 3367 cililalls,
1757 3309 1807 3357 ut:

176 3400 241 3458 lltec
252 3401 324 3457 etriru
345 3402 380 3459 ad
401 3402 560 3474 dignitatem
578 3402 697 3459 civitatis
710 3403 858 3474 pertinent.
869 3402 928 3460 lici
940 3411 969 3459 ct
1080 3410 1214 3463 Disidlmus
1225 3421 1319 3471 moror,
1332 3415 1357 3459 et
1369 3410 1460 3460 moeula
1473 3408 1600 3470 pandimus
1612 3408 1698 3458 urbis:

175 3492 287 3550 castella
301 3503 329 3550 et
341 3494 402 3567 pupi
417 3501 497 3562 sont,
522 3510 583 3567 quae
602 3494 675 3551 nollo
698 3495 829 3567 durtitaue
849 3495 969 3553 ciuitatis
1019 3490 1815 3565 proprieautemiuoeniasuntrantummuri:mmusautem

116 3581 121 3592 '
175 3586 353 3653 honorantur,
376 3585 423 3644 sod
445 3584 550 3658 uulgari
574 3585 714 3643 homiuum
735 3595 870 3643 monento
891 3585 967 3643 inco·
1019 3584 1140 3640 turribus
1151 3581 1415 3654 propugnaculisque
1429 3578 1722 3650 omaturtpromurale
1737 3595 1814 3645 vcro,

175 3673 279 3742 lmrtur,
293 3683 322 3731 ct
338 3682 450 3746 propter
462 3676 623 3748 parvitatem
638 3677 679 3734 sui
700 3677 796 3749 melori
811 3677 914 3735 ciuitati
928 3685 969 3734 at·
1018 3674 1090 3745 quud
1104 3673 1140 3730 sit
1153 3688 1203 3744 pro
1220 3672 1369 3729 munitione
1382 3670 1463 3726 muri.
1477 3669 1523 3726 Est
1542 3669 1614 3725 enim
1632 3683 1710 3723 muro
1723 3669 1816 3740 proxi·

176 3764 343 3821 tribuuntur.
357 3765 532 3838 Municipium
549 3767 676 3825 simililer
698 3767 834 3840 signillcat
849 3767 967 3823 loturam
1019 3773 1168 3823 mutuante
1180 3761 1481 3834 murumlloeniaergo
1492 3760 1612 3818 ciuitatis
1623 3758 1814 3830 sanct‘cjuxta

146 3870 150 3878 ⁴
175 3852 205 3911 in
218 3852 295 3911 omlis
308 3854 436 3926 putrium,
456 3864 484 3913 et
496 3856 611 3928 pluriam
626 3866 785 3930 perpetuam
798 3867 967 3915 sauctorum.
1018 3871 1127 3913 sensum
1143 3854 1288 3927 mysticum
1309 3861 1358 3909 aut
1380 3852 1569 3910 coeremicola
1581 3860 1645 3908 sum
1664 3848 1815 3921 jastonem,

176 3940 254 4000 Unde
275 3944 470 4017 etxhpostolus
489 3946 528 4003 ait
542 3966 550 4003 ε
566 3946 664 4006 Noster
680 3958 769 4006 eutem
791 3949 968 4020 municipatus
1019 3957 1067 4005 aut
1092 3948 1212 4006 culmina
1243 3961 1385 4004 sacrarum
1415 3946 1558 4001 virtutum.
1590 3943 1684 4001 Eurus
1720 3951 1814 3999 autem

175 4037 204 4092 iu
217 4035 288 4092 culis
297 4045 346 4094 eet.
361 4035 436 4092 liudo
445 4047 626 4110 exspectamur
637 4038 780 4095 bominum
792 4037 966 4105 Soioeroreru,
1018 4042 1104 4113 ipsius
1128 4041 1248 4098 ciuitatis
1275 4037 1511 4112 inexpugnabilem
1540 4037 1628 4102 ildei,
1668 4037 1816 4095 eharitatis

173 4128 219 4200 pti
233 4128 385 4200 reformabit
408 4145 502 4202 corpur
520 4129 676 4185 teuteus:
699 4138 796 4186 uedtoe
816 4127 969 4200 confisuru-
1018 4136 1130 4206 speique
1152 4131 1309 4190 firmitatem
1326 4130 1471 4203 significat.
1486 4129 1580 4186 Potest
1601 4138 1628 4185 et
1645 4129 1703 4200 ipse
1718 4130 1814 4185 bomi-

174 4229 231 4276 Μ
253 4221 357 4293 corpori
374 4220 506 4277 eurimtir
528 4237 585 4278 rue
608 4218 692 4294 (Phil.
709 4219 763 4293 uti·
779 4219 861 4277 Vicus
877 4229 967 4278 eutem
1018 4243 1089 4292 uus,
1103 4225 1253 4284 Ecclesiam
1275 4224 1396 4296 undique
1411 4231 1573 4296 protegens,
1590 4239 1817 4295 murusniaguns

174 4309 265 4366 &cuis
274 4311 413 4368 11111ιί1118
425 4319 530 4368 1111111111
544 4310 818 4376 nestorianismos!
829 4311 901 4382 qnod
911 4311 969 4368 tius
1018 4317 1141 4390 intelligi,
1156 4317 1190 4374 de
1201 4332 1256 4389 quo
1269 4315 1354 4375 lsaias
1366 4316 1406 4372 ait
1424 4333 1431 4370 :
1453 4313 1476 4370 U
1479 4316 1522 4372 rte
1537 4313 1701 4385 fortitudinis
1716 4327 1817 4372 uestra

176 4400 276 4458 habeat
288 4411 392 4459 tamum
406 4402 569 4461 sinemuris.
581 4402 631 4459 Est
643 4410 734 4460 autem
745 4402 805 4459 sine
817 4402 968 4458 munitione
1017 4407 1157 4474 soluetur,
1179 4416 1292 4478 ponetur
1306 4407 1335 4462 iu
1348 4421 1380 4461 eo
1396 4421 1488 4460 murae
1504 4403 1572 4476 (lou.
1586 4404 1679 4477 xxi·i);
1693 4413 1721 4460 et
1735 4416 1816 4464 aute·

176 4507 327 4559 isaurorum,
341 4492 406 4550 lieet
422 4501 451 4551 et
472 4493 525 4552 ulei
548 4493 674 4551 dicamm
697 4494 763 4565 ipsae
784 4493 967 4551 habitationes
979 4532 1006 4593 D
1019 4498 1124 4555 murale
1138 4539 1146 4566 ,
1171 4498 1199 4555 id
1223 4506 1278 4566 est,
1296 4498 1401 4554 baurim
1429 4497 1584 4569 protectio,
1610 4505 1639 4554 et
1653 4497 1816 4556 intercessio

175 4581 262 4642 urbis.
278 4583 372 4642 Dictus
390 4592 482 4642 autem
499 4584 576 4642 uicus
605 4600 639 4642 eo
668 4583 860 4657 quodsitrloe
874 4583 969 4640 civita·
1019 4602 1176 4649 sauctorum
1199 4590 1416 4662 patriarcharum
1430 4597 1457 4646 et
1471 4589 1664 4661 prophetarum
1678 4579 1720 4645 uel
1734 4599 1818 4646 oute·

175 4676 229 4740 tis,
253 4676 295 4731 rel
316 4678 388 4747 qood
406 4679 465 4735 vias
479 4679 578 4735 habeat
593 4686 696 4734 ratitum
718 4666 777 4735 sinu
798 4677 893 4736 murls.
909 4676 968 4735 Vici
1020 4696 1114 4737 rorum
1128 4689 1284 4737 sauctorum
1309 4680 1537 4751 predicatorum,
1555 4680 1644 4751 quiet
1659 4680 1817 4738 minuunt

174 4769 266 4826 auum
282 4768 325 4827 rel
346 4769 418 4826 ulle
431 4770 551 4843 gentium
571 4769 630 4828 rias
645 4769 687 4826 rel
708 4770 778 4828 situs
790 4768 833 4828 rel
844 4778 967 4828 terreum
1020 4771 1140 4829 docendo
1155 4772 1237 4828 corda
1254 4770 1433 4827 credentium.
1454 4771 1503 4829 Vel
1527 4787 1623 4828 murus
1635 4771 1772 4844 significat
1786 4772 1818 4828 li·

176 4862 298 4920 sotioues
322 4860 437 4934 mystice
459 4860 613 4931 exprimere
634 4869 771 4933 possum,
796 4859 860 4934 quia
888 4869 967 4919 extra
1019 4860 1101 4929 dem,
1126 4869 1154 4917 et
1176 4859 1345 4918 autemurale
1363 4860 1434 4917 bona
1448 4876 1540 4933 opera.
1556 4860 1616 4918 Non
1629 4863 1702 4918 enim
1715 4863 1818 4920 sullicit

173 4953 295 5011 ciuitatis
305 4953 394 5010 locum
410 4952 504 5024 positae
516 4960 590 5019 suut,
606 4954 633 5009 id
645 4961 696 5018 est,
708 4961 786 5008 extra
798 4954 967 5011 commuuio-
1019 4967 1127 5008 murum
1141 4951 1243 5008 habere
1257 4949 1329 5016 lidei,
1348 4950 1400 5005 nisi
1422 4950 1481 5022 ipsa
1500 4950 1569 5008 tides
1583 4951 1662 5008 bonis
1686 4950 1817 5023 operibus

140 5035 147 5046 ⁸
175 5029 343 5118 complebis
361 5044 408 5102 bei
433 5043 566 5101 habitant.
580 5043 658 5103 Unde
670 5053 713 5101 est
726 5042 809 5111 illud,
822 5044 895 5115 quod
914 5043 969 5101 bo·
1018 5041 1204 5099 confirmetur.
1218 5040 1373 5099 llicmurus
1387 5051 1415 5098 et
1428 5041 1480 5100 hoc
1500 5043 1670 5100 autemurale
1686 5043 1745 5101 sive
1760 5045 1817 5101 cir·

175 5137 265 5194 minus
275 5137 353 5208 iubet
373 5136 401 5193 iu
413 5135 574 5208 Euangeliou
587 5135 727 5207 parabola,
738 5135 846 5207 quaudo
859 5134 909 5204 illi,
919 5135 967 5208 qui
1018 5134 1185 5192 cummurale
1198 5134 1231 5192 dc
1249 5134 1318 5192 uiuis
1333 5134 1468 5206 lapidibus
1481 5135 1657 5208 exprimitur,
1673 5136 1719 5207 qui
1732 5135 1815 5207 juxta

175 5228 211 5286 ad
222 5230 330 5301 ntupum
343 5229 433 5287 vocati
446 5237 519 5296 sunt,
534 5228 664 5288 nolebant
677 5228 889 5298 rediissemus
902 5243 967 5287 suos
1017 5229 1180 5300 proplietam
1196 5227 1340 5284 volvuntur
1363 5244 1445 5300 super
1459 5237 1571 5285 terram
1585 5227 1653 5285 ltcm
1668 5229 1739 5284 muri
1756 5248 1817 5287 mu-

174 5320 251 5377 exire
272 5321 301 5377 in
324 5320 428 5394 plateas
448 5330 476 5379 et
495 5321 570 5378 vicos
586 5319 722 5388 ciuitatis,
739 5330 768 5376 ut
787 5334 965 5393 quoscunque
1019 5320 1139 5381 mmeuta
1160 5330 1224 5379 sunt
1238 5322 1386 5394 Scripturas
1399 5322 1506 5388 divina,
1519 5323 1561 5380 rel
1576 5325 1727 5396 prophetae,
1740 5323 1816 5379 sicut
1842 5311 1853 5332 “

175 5414 340 5486 inuenerint,
353 5427 482 5475 uocarent
493 5418 526 5474 ad
537 5419 645 5490 nuptias
657 5415 733 5492 (Eue.
748 5418 804 5490 xiv)
823 5436 829 5473 :
847 5415 899 5475 ho'c
911 5428 964 5485 est,
1019 5414 1117 5487 legitur
1139 5413 1168 5469 iu
1194 5413 1298 5484 psalmo
1327 5431 1333 5467 :
1363 5413 1544 5485 AEdificeutur
1565 5415 1635 5468 osuii
1661 5412 1813 5470 demetens

175 5506 333 5566 ruordanoe
345 5506 460 5566 hdaica
472 5508 552 5581 plebe
566 5509 661 5568 venire
674 5508 708 5566 ad
726 5508 834 5580 nuptias
846 5507 963 5571 Domini,
1018 5503 1105 5576 (Prot.
1116 5503 1154 5581 s).
1169 5504 1271 5562 'turres
1283 5513 1396 5571 roeatae,
1412 5506 1483 5578 quod
1493 5514 1594 5564 teretes
1606 5508 1661 5562 sint
1671 5515 1699 5564 et
1711 5506 1812 5579 longae.

175 5598 294 5655 mandat.
310 5599 431 5672 gentium
449 5600 650 5657 multitudinem
666 5600 694 5656 io
717 5599 806 5657 locum
820 5600 892 5656 illius
904 5599 966 5656 sub
1019 5596 1103 5656 'feres
1122 5598 1250 5656 estemm
1270 5597 1373 5669 aliquid
1397 5599 1543 5655 murndum
1558 5613 1619 5655 eum
1633 5598 1813 5670 proceritate,

176 5688 336 5750 muamus
350 5690 636 5763 implerentmnuptiae
649 5692 885 5748 discumbentium.
1017 5699 1049 5747 ut
1071 5691 1207 5746 columna.
1227 5689 1295 5744 Nam
1320 5698 1348 5746 et
1374 5691 1499 5760 quamuis
1519 5691 1658 5761 quadratae
1682 5701 1730 5746 aut
1750 5691 1815 5747 latae

211 5778 337 5839 &suum
357 5783 461 5855 antiqui
478 5784 604 5841 dicebant
621 5785 748 5858 oppidum
761 5785 820 5844 loco
834 5784 965 5842 altissimo
1019 5792 1234 5852 construantur,
1259 5783 1355 5855 procul
1383 5792 1473 5842 tamen
1505 5783 1657 5841 ridentibus
1687 5784 1813 5841 rutundus
