4042 6200
200 312 249 366 tls
524 309 554 365 B.
575 309 701 367 uitetur
719 311 829 369 utuut
847 311 1006 369 aucuttte.
1027 309 1181 368 uuuua't.
1201 307 1343 366 uetuutt
1360 306 1451 363 tuus
1468 306 1498 363 ΙΙ.
1783 314 1833 369 iil

197 425 317 482 nascitur
327 424 360 479 de
373 439 475 479 erroro.
485 423 623 496 Sapientia
636 442 701 499 ergo
711 427 801 482 earnis
814 434 856 481 est
866 428 984 497 primum
999 437 1023 494 Α
1038 425 1166 480 interiore
1188 440 1249 479 esso
1273 422 1479 477 manifestantur
1504 441 1510 476 :
1536 422 1599 492 quia
1617 423 1753 493 spiritales
1786 442 1831 483 res

197 517 224 572 in
240 515 299 572 loeo
311 524 446 570 astrorum
468 515 503 572 ab
516 515 672 570 bominibus
686 516 794 571 iuuenta
817 516 962 587 disputatio
977 533 983 570 :
1039 533 1092 570 uon
1107 514 1290 586 corporalibus
1302 513 1435 577 sensibus,
1448 514 1494 567 sed
1505 513 1690 582 spiritualibus
1701 515 1832 573 rimanda

196 607 292 662 deirrde
307 606 449 662 visibilium
465 607 619 662 oblectatio.
639 606 699 662 llaec
713 606 821 661 inimica
843 616 906 662 sunt
919 607 984 672 Deo,
1038 614 1109 660 scrut.
1126 605 1201 661 Unde
1214 604 1305 658 diuina
1320 619 1372 657 rex
1387 603 1414 656 in
1434 604 1542 657 cantico
1557 603 1757 661 Deuteronomii
1770 608 1829 663 ait:

195 701 259 769 qtria
271 698 465 753 elementorum
478 699 632 764 Dominum,
645 708 672 753 et
684 697 812 768 Opisrecm
827 697 928 762 mundi,
944 698 986 752 bis
1042 696 1275 767 l'idetc,puouinnr
1287 712 1402 766 eperum
1415 695 1494 759 Deus,
1507 706 1531 749 et
1545 714 1596 749 nau
1606 707 1642 750 est
1655 697 1723 752 otius
1736 711 1832 769 proter

195 799 345 861 nomimant,
361 806 421 859 ‹111ae
433 788 497 844 lecit
524 808 530 840 :
553 796 705 843 astruentes
734 787 799 842 nibil
812 802 890 856 posse
911 786 984 852 ficri,

193 889 374 948 qrrmterqnant
391 877 482 932 rrauudi
497 878 617 932 eontinet
636 877 714 931 ratio.
732 874 912 943 Quamobrem
936 890 984 928 ne-

192 978 257 1042 gant
270 969 353 1024 Derim
368 969 475 1034 iecisse,
488 976 519 1023 ut
530 969 606 1041 virgo
619 976 738 1038 pareret,
755 975 802 1021 aut
815 976 984 1022 mortuorum

193 1076 305 1131 corpora
321 1069 493 1132 resurgerent
508 1079 514 1113 ι
529 1061 591 1131 qnia
603 1060 713 1113 stultum
733 1067 782 1123 ert,
798 1058 934 1127 inquiunt,
956 1066 985 1110 ut

191 1151 281 1221 fecerit
305 1151 376 1205 Deus
403 1150 473 1204 ultro
490 1151 649 1221 quantaupit
664 1149 752 1202 bomo.
779 1148 895 1203 illucet
920 1147 984 1202 aiibi

191 1243 321 1313 seriptum
339 1252 402 1298 est:
419 1239 487 1296 Cura
507 1240 664 1312 concupiscit
688 1238 812 1293 aduersus
839 1239 983 1309 spiritum:

191 1333 298 1402 spiritus
319 1347 377 1385 ocra
392 1330 515 1385 nuruum
530 1346 635 1383 caruem
659 1326 730 1400 (Gal.
746 1329 784 1399 r).
807 1328 840 1382 Et
854 1343 982 1382 rursum:

191 1424 260 1478 Coro
274 1434 297 1477 et
317 1423 423 1494 aurtpuir
441 1438 548 1493 requam
561 1421 610 1475 Dei
624 1438 675 1475 uon
695 1421 863 1493 possidebunt
882 1418 907 1491 (l
920 1416 983 1473 Cor.

191 1516 248 1589 ar),
270 1517 322 1572 boe
344 1525 401 1581 est,
423 1515 559 1585 peccatrix
582 1516 636 1568 vita
660 1521 688 1568 et
708 1511 910 1584 sanguinolenta
929 1527 982 1566 non

191 1616 311 1662 meretur
335 1606 416 1660 vitam
444 1605 544 1660 babere
568 1612 708 1659 aeternam.
734 1602 825 1673 Neque
846 1604 984 1673 corruptio

191 1700 401 1771 incorruptelam
420 1699 566 1770 possidebit
582 1718 589 1753 τ
604 1698 650 1753 sed
674 1697 762 1752 sarrcti
787 1705 815 1751 ct
835 1694 902 1764 justi
931 1696 982 1750 riri

1037 802 1077 839 nte
1093 786 1180 857 (Dent.
1203 801 1278 840 taxat
1292 785 1312 857 ).
1334 785 1366 839 Et
1381 786 1406 839 iu
1422 785 1529 840 usaturo
1544 804 1550 838 ε
1564 787 1704 853 Attendite,
1719 791 1832 860 populus

1037 892 1118 939 utens,
1135 874 1216 944 leqrrn
1232 892 1326 939 rrteurn,
1336 875 1461 929 inclinate
1475 894 1565 930 uureut
1583 889 1693 932 uestrum
1713 881 1740 934 iu
1754 882 1830 935 turbu

1037 965 1090 1019 oris
1106 966 1155 1019 ruei
1169 962 1256 1036 (Paul.
1272 965 1385 1037 ιιιιιίι).
1400 965 1433 1020 Et
1448 967 1473 1020 in
1491 967 1634 1036 Euangelio
1652 968 1709 1039 ipsa
1724 969 1831 1028 Veritas

1037 1056 1096 1110 ait:
1113 1055 1164 1121 Qut
1180 1057 1256 1109 iubet
1270 1073 1347 1110 eures
1370 1057 1513 1122 audiendi,
1527 1058 1617 1112 urediut
1647 1059 1756 1131 (Uultu.
1778 1068 1828 1133 aa).

1037 1148 1070 1202 Et
1085 1149 1111 1201 ιιι
1126 1149 1286 1219 Apocalypsi
1303 1167 1309 1201 :
1326 1149 1378 1215 Qui
1392 1150 1480 1216 laudet,
1495 1152 1592 1220 inqiut,
1605 1172 1682 1208 eures
1693 1157 1829 1222 audiendi,

1035 1243 1126 1296 audiet
1152 1243 1215 1313 quid
1235 1243 1350 1312 Spiritus
1361 1243 1432 1297 dicut
1444 1244 1569 1300 Ecclesiis
1583 1247 1675 1319 (ipos.
1692 1250 1734 1320 ιι).
1750 1249 1783 1304 Ει
1802 1252 1829 1304 ιιι

1035 1330 1171 1386 Psaltetio'
1197 1352 1204 1387 ι
1233 1329 1343 1386 Gutture
1367 1344 1392 1387 et
1417 1336 1519 1400 ridete,
1542 1339 1666 1408 quorrimu
1680 1342 1768 1395 runcis
1791 1353 1829 1396 ed

1035 1421 1164 1476 Dorrrinur
1174 1422 1261 1492 (Prot.
1275 1426 1383 1497 xrxrrr).
1398 1426 1581 1496 Etllpostolus
1595 1447 1601 1482 z
1614 1425 1721 1495 Christi,
1732 1430 1828 1501 inquit,

1035 1513 1116 1566 botrus
1130 1513 1194 1567 odor
1208 1532 1299 1570 rrimus
1314 1528 1337 1570 et
1352 1518 1379 1571 iu
1402 1520 1443 1571 bfr
1461 1519 1506 1588 qui
1518 1530 1638 1588 pereunt,
1651 1530 1676 1575 et
1693 1521 1720 1575 iu
1731 1521 1770 1574 tis
1783 1523 1829 1592 qui

1034 1601 1100 1656 uului
1112 1602 1178 1670 fiunt
1198 1603 1240 1672 tlt
1255 1601 1316 1659 Cor.
1334 1604 1374 1676 n).
1387 1605 1421 1660 Et
1435 1606 1461 1660 iu
1474 1606 1618 1678 Evangelio
1630 1609 1759 1664 Dominus
1770 1628 1829 1665 mu-

1034 1693 1127 1749 lierem
1145 1696 1362 1752 bemorroissam
1387 1697 1439 1753 tide
1461 1715 1490 1753 se
1506 1701 1624 1772 tetigisse
1640 1704 1725 1772 magis
1745 1720 1828 1775 quam

190 1793 323 1848 immutati
348 1800 376 1847 et
398 1790 564 1846 immortales
581 1788 669 1845 effecti
692 1803 741 1858 per
754 1788 982 1843 resurrectionem
997 1779 1020 1838 B
1034 1801 1147 1855 corpore
1161 1787 1290 1852 ostendit,
1305 1787 1397 1843 dicens
1413 1804 1420 1841 :
1438 1787 1530 1861 Tetiqit
1546 1808 1586 1844 ure
1598 1791 1704 1862 uliquis,
1718 1810 1778 1847 uum
1803 1803 1826 1847 et

189 1886 280 1941 earinis
293 1884 319 1938 in
334 1883 377 1938 die
395 1881 490 1952 judicii
510 1882 543 1937 ad
559 1896 670 1953 regumn
695 1878 775 1935 simul
790 1894 851 1934 curn
874 1878 983 1935 Christo

190 1977 342 2033 transibunt
370 1984 540 2045 perpetuum.
578 1972 681 2029 Sensus
710 1973 833 2042 eorporis
863 1972 983 2042 quinque

189 2078 252 2124 sum
267 2086 273 2123 :
288 2068 372 2133 risus,
389 2067 506 2130 auditus,
522 2066 662 2131 odoratus,
676 2074 771 2137 gaustus
785 2074 812 2120 et
827 2073 923 2121 tactus.
942 2065 982 2120 Ex

187 2159 286 2230 quibus
312 2158 365 2214 duo
384 2157 542 2228 aperiuntur
560 2165 589 2211 et
612 2155 785 2221 clauduntur,
801 2156 854 2211 duo
876 2170 983 2226 semper

188 2262 312 2324 patentes
322 2261 395 2307 sunt.
409 2244 513 2306 Sensus
525 2251 602 2317 dicti,
615 2252 678 2321 quia
692 2266 741 2321 per
755 2265 802 2306 eos
813 2252 903 2306 anima
919 2251 982 2307 sub-

187 2345 311 2402 tilissime
326 2352 410 2400 toturn
421 2359 519 2415 eorpus
533 2344 616 2415 agitat
637 2344 730 2415 rigore
745 2342 890 2398 sentiendi.
905 2342 982 2399 Unde

185 2444 214 2491 et
230 2435 374 2507 praesentia
397 2444 596 2504 nuncupantur,
608 2434 679 2504 <pund
695 2434 749 2489 sint
760 2450 817 2505 prae
832 2435 957 2490 sensibus
972 2453 979 2487 ι

187 2526 258 2581 sieut
271 2540 327 2595 prae
341 2525 436 2588 oculis,
452 2539 512 2593 quae
532 2532 631 2596 presto
652 2533 714 2579 sunt
730 2524 825 2579 oculis.
846 2523 926 2579 Visus
939 2531 982 2579 est

186 2614 263 2685 quia
284 2613 452 2685 pbilosophis
473 2613 570 2669 humor
590 2614 692 2669 vitreus
710 2614 869 2686 appellatur.
887 2615 980 2671 Visum

186 2716 276 2760 utitem
297 2704 356 2760 sseri
371 2704 480 2775 quidun
498 2714 653 2759 asseverant
667 2712 714 2759 aut
727 2713 848 2759 extrema
861 2705 980 2762 :etherea

186 2795 266 2860 luce,
290 2804 337 2850 aut
361 2795 468 2851 interno
491 2795 587 2866 spiritu
603 2795 693 2849 lucido
713 2811 761 2867 per
775 2804 870 2852 tenues
891 2796 979 2851 niusa

184 2893 297 2949 cerebro
317 2893 455 2947 vendentes
472 2900 552 2963 atque
566 2890 717 2963 penetratis
732 2891 831 2946 tunicis
844 2891 871 2946 iu
889 2907 980 2946 aerem

183 2992 335 3048 onerantes,
364 2994 392 3039 ot
427 2991 493 3037 tune
518 2981 706 3037 commistione
735 2980 833 3037 similis
859 2982 980 3036 materie

1033 1893 1079 1947 eqo
1093 1878 1161 1931 aeusi
1176 1878 1296 1932 uirtutem
1310 1879 1342 1931 de
1355 1896 1395 1933 ure
1409 1880 1502 1933 exiisse
1516 1879 1592 1952 (Luc.
1604 1883 1674 1954 ιιιι).
1698 1882 1743 1938 stc
1762 1900 1827 1954 erga

1033 1984 1094 2022 cunr
1104 1969 1178 2024 omni
1190 1969 1295 2024 cantela
1308 1970 1506 2026 obseruandum
1518 1984 1571 2037 est,
1584 1973 1647 2043 quid
1658 1975 1691 2029 ad
1704 1978 1827 2044 eorporis

1033 2076 1143 2126 sensus,
1157 2069 1184 2116 et
1199 2061 1264 2130 quid
1281 2061 1315 2116 ad
1328 2062 1424 2116 animae
1440 2062 1574 2127 pertineat
1589 2063 1748 2134 dignitatem
1766 2084 1772 2118 :
1793 2082 1827 2119 ne

1032 2150 1103 2206 sorte
1114 2151 1243 2206 contusus
1256 2151 1332 2217 ordo,
1355 2162 1382 2206 ct
1402 2151 1597 2207 irrationabilis
1610 2155 1753 2210 acstirrtatio
1775 2155 1826 2209 ali-

1032 2240 1094 2296 eubi
1116 2256 1266 2311 repugnare
1294 2241 1418 2295 videatur
1435 2242 1552 2297 ueritati.
1574 2242 1664 2298 Prima
1680 2259 1744 2314 pars
1763 2262 1826 2301 onr-

1031 2330 1106 2400 poris
1129 2340 1221 2399 eaput,
1248 2331 1394 2400 datumque
1416 2331 1454 2385 illi
1484 2333 1535 2387 lane
1560 2349 1658 2389 norrrcu
1676 2349 1728 2400 eo,
1753 2338 1825 2405 quul

1032 2438 1128 2478 sensus
1141 2438 1236 2477 omncs
1248 2431 1275 2477 et
1286 2424 1360 2479 nerri
1373 2424 1436 2480 iude
1445 2425 1550 2481 initum
1565 2428 1684 2499 capiunt,
1698 2439 1778 2499 atque
1791 2444 1824 2484 cx

1031 2531 1064 2571 eo
1086 2516 1175 2569 omnis
1189 2515 1295 2570 vivendi
1317 2532 1397 2571 catrsa
1423 2517 1537 2572 oriatur.
1565 2518 1603 2574 lbi
1629 2520 1701 2575 eninr
1729 2536 1826 2575 omncs

1031 2621 1127 2661 sensus
1150 2616 1291 2677 apparent.
1308 2607 1384 2663 Unde
1404 2610 1488 2680 ipsius
1503 2611 1610 2677 anima,
1626 2630 1687 2682 quae
1709 2613 1826 2668 consulit

1031 2697 1158 2769 corpori,
1171 2698 1368 2767 quodammodo
1382 2716 1525 2771 personam
1544 2702 1624 2773 gerit.
1640 2703 1728 2775 Caput
1747 2720 1823 2768 tero,

1031 2791 1101 2860 qnod
1112 2791 1198 2861 priora
1206 2792 1328 2860 eorporis
1338 2807 1402 2862 pars
1414 2802 1455 2847 est
1467 2792 1507 2865 (ut
1517 2809 1597 2864 snpra
1609 2796 1735 2867 diximus)
1747 2795 1824 2865 jrtxta

1030 2883 1188 2953 allegoriam
1209 2891 1255 2936 aut
1275 2882 1411 2938 Cbristum
1429 2885 1583 2956 signidem,
1607 2887 1653 2956 qni
1676 2896 1717 2940 cst
1742 2896 1823 2956 caput

1030 2972 1153 3042 corporis
1170 2971 1297 3026 Ecclesiae
1316 2971 1397 3045 (Epir.
1413 2972 1440 3045 r)
1460 2983 1529 3028 :aut
1545 2976 1712 3030 diuinitatem
1729 2976 1824 3030 Salva·

185 3077 272 3134 risum
286 3076 390 3132 dantes.
407 3074 488 3131 Visus
498 3075 596 3141 dietus,
610 3073 680 3145 quod
695 3073 814 3128 vivacior
828 3073 864 3129 sit
873 3073 979 3128 caeteris
1031 3065 1107 3121 turis·
1127 3064 1203 3119 Unde
1220 3062 1317 3135 legitur
1329 3064 1356 3119 iu
1369 3064 1499 3134 Alt⁰sl⁰l⁰
1522 3083 1528 3121 2
1544 3063 1629 3137 Cultu!
1642 3065 1758 3122 munderis
1774 3067 1825 3132 tit.

184 3168 324 3231 sensibus,
351 3165 566 3235 acpmstamtor
579 3165 635 3220 sive
658 3162 788 3230 velocior,
809 3164 977 3235 ampliusque
992 3143 1014 3206 C
1030 3155 1166 3228 cuputtrirt‘
1178 3154 1313 3224 Christus,
1337 3166 1414 3227 eaput
1439 3153 1536 3211 Curiati
1559 3157 1628 3212 Deus
1650 3157 1675 3230 (l
1688 3155 1750 3212 Gor.
1773 3157 1823 3230 xi).

185 3257 285 3329 rigeat,
300 3265 432 3326 quantum
444 3256 575 3311 memoria
591 3255 662 3311 inter
677 3255 776 3312 mentis
789 3253 886 3311 ollieia.
903 3254 977 3311 ilici-
1030 3252 1145 3308 Ponitur
1169 3255 1241 3309 enim
1267 3252 1411 3324 aliquando
1439 3259 1520 3323 eaput
1550 3268 1600 3323 pro
1624 3252 1824 3323 principalitate

184 3349 245 3402 nior
261 3356 303 3402 est
326 3348 449 3414 cerebro,
466 3347 536 3402 unde
558 3348 649 3403 ornrria
663 3355 783 3402 rnanant.
802 3347 842 3401 Ex
862 3361 916 3416 quo
931 3345 977 3412 ur,
1030 3351 1138 3403 mentis.
1159 3349 1236 3405 Unde
1254 3350 1464 3420 scriptumest:
1485 3347 1563 3403 Omni
1578 3359 1691 3418 tempere
1716 3351 1767 3404 siut
1782 3367 1823 3404 ce·

184 3449 269 3506 ntea,
284 3454 343 3509 qnae
353 3439 385 3494 ad
398 3439 466 3495 alios
477 3440 612 3511 pertinent
623 3454 719 3496 sensus
728 3439 820 3495 nidere
833 3438 955 3494 dicamus
969 3457 975 3493 :
1028 3440 1149 3493 uiuente
1162 3449 1209 3493 tua
1223 3439 1378 3504 candidum
1391 3438 1477 3493 oleum
1490 3440 1522 3494 de
1535 3441 1619 3510 cupite
1632 3451 1677 3494 tuo
1692 3457 1743 3494 uon
1758 3441 1824 3511 ded·

184 3529 266 3584 ueluti
279 3545 341 3585 cum
354 3529 483 3596 dicimus;
497 3530 564 3596 uide,
577 3530 706 3601 quomodo
722 3538 798 3583 tonat
813 3545 821 3583 :
836 3529 902 3593 aide,
914 3545 978 3599 quo-
1028 3531 1080 3583 riot
1103 3530 1202 3600 (Erote.
1225 3532 1263 3603 rx)
1279 3549 1285 3584 :
1303 3532 1355 3589 boe
1366 3540 1417 3595 est,
1435 3532 1509 3586 ornati
1531 3540 1651 3602 tempore
1667 3532 1720 3587 sim
1739 3549 1823 3603 opera

183 3621 261 3676 orode
275 3622 343 3693 rupit
358 3622 429 3688 ssia,
445 3630 497 3677 ete.
514 3620 627 3676 Auditus
638 3620 798 3691 appellatus,
811 3620 883 3690 quod
898 3634 978 3675 rores
1029 3627 1074 3674 tua
1089 3628 1117 3674 et
1136 3622 1305 3677 conversatio
1317 3623 1428 3687 manda,
1442 3629 1470 3675 et
1483 3622 1570 3676 oleum
1586 3621 1727 3677 charitatis
1741 3632 1823 3692 atque

185 3712 311 3778 lrauriat,
332 3713 384 3767 hoc
407 3719 457 3777 est,
485 3711 701 3767 aereaerberato
732 3709 860 3780 suscipiat
885 3724 975 3766 sonos.
1028 3711 1220 3767 misericordiae
1240 3713 1273 3767 de
1293 3720 1383 3768 mente
1403 3721 1448 3768 tua
1471 3729 1524 3768 non
1543 3713 1661 3769 debriat.
1685 3714 1823 3770 lurenitur

184 3801 334 3867 odoratas,
356 3800 433 3871 quusi
455 3800 527 3856 aeris
542 3800 634 3855 odoris
656 3808 781 3856 attactus.
803 3799 887 3855 Tanto
905 3799 977 3853 enim
1028 3801 1174 3872 aliquando
1198 3813 1279 3873 caput
1299 3819 1348 3873 pro
1365 3804 1444 3859 initio
1464 3804 1544 3876 poni,
1564 3814 1593 3860 ut
1615 3814 1657 3861 est
1676 3806 1764 3860 illud:
1789 3806 1822 3860 ln

185 3904 249 3945 aere
264 3890 391 3945 sentitur.
406 3888 452 3945 Sic
466 3897 494 3944 et
508 3887 631 3952 ollactus,
648 3890 719 3959 quod
733 3890 861 3945 odoribus
879 3887 978 3943 efficia·
1028 3894 1111 3964 eapite
1125 3893 1185 3946 turi
1199 3896 1323 3965 seriptum
1339 3906 1376 3949 ert
1388 3896 1420 3949 de
1431 3913 1470 3950 rite
1484 3896 1569 3960 (Paul.
1585 3896 1678 3967 narrt)
1696 3916 1703 3952 :
1719 3907 1746 3952 et
1759 3898 1822 3967 quia

187 3988 241 4033 tur.
258 3978 359 4035 Gustus
372 3994 387 4032 a
402 3987 511 4050 gutture
532 3980 631 4034 dietus.
646 3979 745 4037 Tactus
765 3994 808 4045 eo,
822 3979 893 4049 quud
915 3992 978 4049 pet·
1028 3980 1061 4035 ln
1075 3983 1203 4054 principio
1218 3985 1278 4053 [ecit
1294 3984 1364 4038 Deus
1379 3985 1471 4039 culum
1485 3995 1509 4039 et
1523 3996 1620 4040 terrum
1637 3985 1713 4057 (Gen.
1730 3986 1771 4057 t);
1795 3997 1823 4041 et

186 4079 284 4127 tractet
309 4079 337 4127 et
359 4078 464 4142 margat,
488 4080 516 4126 et
538 4071 691 4141 peremnia
712 4072 833 4126 membra
857 4069 977 4138 vigorem
1028 4073 1062 4127 lu
1086 4076 1213 4145 principio
1237 4085 1293 4128 erut
1325 4073 1456 4142 Verbum,
1480 4087 1505 4130 et
1536 4074 1647 4131 Verbum
1672 4087 1731 4131 erar
1750 4079 1821 4145 uprrut

185 4179 280 4220 seusus
304 4171 441 4235 aspergat.
463 4162 531 4218 Nam
560 4172 633 4218 tuctu
659 4165 822 4235 probamus,
848 4162 977 4231 quidquid
1027 4165 1128 4231 Deoua,
1151 4176 1175 4219 et
1193 4165 1263 4220 Deus
1281 4175 1337 4218 erut
1360 4164 1470 4220 Verbum
1486 4166 1575 4237 (tenu.
1598 4165 1628 4238 ι).
1642 4165 1780 4221 lorcnitor
1795 4176 1824 4221 et

185 4254 292 4311 crateris
313 4254 436 4308 sensibus
447 4252 571 4322 judicare
585 4269 637 4308 non
651 4268 802 4323 possumus.
818 4252 873 4309 Utro
887 4263 977 4307 autem
1028 4255 1172 4326 aliquando
1187 4257 1294 4312 nomine
1315 4257 1410 4328 eapitis
1430 4259 1562 4327 primatus
1576 4257 1719 4325 etrjnslibct
1741 4259 1820 4313 officii

185 4360 285 4415 garrera
299 4351 387 4398 taetus
401 4354 473 4397 sunt.
488 4341 555 4398 Nam
566 4352 613 4397 aut
626 4344 795 4399 extrinsecus
807 4344 890 4409 uenit,
906 4342 977 4413 quod
1029 4345 1173 4416 designari.
1187 4345 1263 4401 Unde
1275 4346 1403 4401 dicuutur
1414 4349 1528 4418 apostoli
1541 4358 1568 4404 et
1588 4349 1714 4405 doctores
1728 4349 1820 4405 Eccle-

186 4434 266 4489 teriat
279 4448 287 4488 t
301 4441 348 4488 ant
368 4434 442 4489 intus
455 4434 483 4488 in
498 4434 557 4504 ipso
576 4450 689 4506 corpore
707 4436 803 4491 oritur.
827 4434 977 4503 Unicuique
990 4435 1075 4545 1)siae
1089 4438 1176 4506 capita
1194 4452 1254 4492 esse
1266 4439 1403 4509 gentium,
1419 4440 1481 4509 quia
1497 4441 1633 4512 principes
1649 4450 1676 4495 et
1698 4442 1819 4512 magistri

186 4530 277 4578 autom
315 4522 408 4579 sensui
439 4524 547 4594 propria
578 4533 674 4579 natura
702 4523 774 4580 data.
811 4521 879 4577 Nam
903 4523 975 4593 quod
1028 4524 1475 4598 suntsrdeliurnpopulorum.ltenr
1491 4540 1571 4601 eaput
1582 4531 1718 4587 inchoatio
1734 4534 1819 4586 berrao·

186 4612 332 4668 ridendum
345 4622 404 4678 est,
415 4614 500 4670 uenalis
515 4615 621 4685 capitur
637 4632 643 4670 :
659 4615 730 4686 quod
749 4614 909 4669 audiendum
921 4622 973 4680 est,
1028 4632 1221 4687 romoperum,
1231 4619 1301 4674 sicut
1314 4620 1370 4691 ipsa
1381 4620 1505 4676 voluntas
1524 4623 1651 4687 bominis,
1667 4631 1695 4677 ut
1710 4622 1821 4677 inleri-

186 4706 313 4771 auribus;
341 4704 432 4759 mollia
455 4714 484 4760 et
504 4704 572 4760 dura
595 4714 668 4761 tactu
689 4706 866 4760 estimantur.
889 4703 976 4774 Sapor
1028 4709 1100 4764 tien:
1116 4706 1490 4781 Pouetmnuumuupereuput
1504 4712 1596 4767 trastiae
1609 4729 1664 4766 sure
1676 4710 1769 4785 (tetur.
1788 4715 1818 4780 ι).

180 4797 354 4872 pristiacum
366 4797 639 4853 naribusducitur.lu
650 4796 741 4852 multis
752 4797 818 4852 locis
830 4796 975 4867 Scripturas
1029 4796 1160 4854 Similiter
1181 4807 1209 4852 et
1222 4798 1248 4851 in
1265 4800 1424 4868 quibusdam
1444 4800 1511 4854 locis
1532 4802 1614 4856 ‹lrrces
1634 4811 1660 4855 et
1683 4802 1819 4871 principos

186 4890 306 4946 sacraebi
316 4888 435 4960 quinque
445 4888 975 4958 sensuscorporisquinariumnumerum
1031 4887 1183 4956 iniquorum
1196 4885 1292 4955 eapitis
1314 4885 1421 4940 nomine
1437 4897 1591 4941 censentur.
1605 4887 1681 4942 Unde
1695 4888 1795 4945 dicitnr
1810 4909 1816 4943 :

186 4985 300 5058 ntpstiee
310 4982 506 5053 exprimuntur3
516 4988 544 5035 ut
552 4988 594 5035 est
602 4979 666 5036 illud
679 4979 706 5033 in
714 4979 842 5049 parabola
851 4977 976 5035 Saltato-
1031 4976 1199 5049 Uirttiptiruti
1214 4988 1274 5032 sicut
1289 4994 1366 5048 super
1380 4975 1487 5048 capillos
1506 4978 1599 5049 cupitis
1613 4979 1679 5043 mei,
1694 4979 1739 5050 qui
1760 4982 1821 5033 edc-

188 5080 226 5136 ris
248 5077 355 5152 luant.
369 5077 443 5147 xxv),
460 5075 504 5129 ubi
518 5082 782 5129 narraturservusa
801 5071 909 5127 domino
929 5087 979 5128 suo
1029 5077 1090 5122 runt
1116 5083 1157 5120 rue
1177 5067 1260 5137 protis
1282 5065 1367 5138 (Prot.
1389 5065 1496 5138 ιιιιιι).
1521 5065 1556 5122 Ut
1576 5082 1641 5138 ergo
1665 5065 1821 5121 ostenderet

188 5169 307 5241 quinque
322 5165 420 5221 talenta
433 5163 657 5235 aoeepisse,etea
670 5160 978 5232 cunrangmcutoeidem
1029 5156 1089 5228 plus
1113 5172 1173 5212 esse
1193 5170 1337 5210 numerum
1360 5153 1523 5218 infidelium,
1545 5169 1626 5224 quam
1644 5154 1816 5217 devotorum,

188 5264 298 5318 donnino
314 5260 461 5315 revertenti
474 5265 691 5331 representasse.
707 5255 837 5310 Similiter
848 5263 877 5310 et
887 5254 913 5309 in
927 5269 979 5310 cae-
1030 5246 1110 5312 dicit,
1126 5245 1315 5316 multiplicatos
1331 5259 1392 5299 esse
1405 5243 1523 5313 perfidus
1542 5241 1649 5298 ludens
1669 5257 1750 5311 super
1770 5257 1821 5295 nn·

190 5352 343 5417 terisloeis,
355 5350 400 5407 ubi
413 5350 554 5420 quinarius
577 5362 705 5403 numerus
722 5347 839 5402 insertus
857 5354 911 5411 est,
931 5352 978 5398 ant
1031 5355 1134 5395 merum
1147 5338 1320 5410 capillorum,
1340 5337 1430 5403 idest,
1444 5345 1516 5392 reete
1531 5335 1707 5391 credentium.
1722 5331 1821 5389 l'ertex

190 5444 310 5514 «parioque
325 5442 407 5496 libros
420 5439 509 5508 Legis,
523 5447 570 5492 aut
593 5437 712 5510 quinque
741 5452 837 5492 sensus
857 5435 979 5506 eorporis
1031 5438 1201 5502 usucaptis,
1215 5445 1268 5501 qua
1283 5428 1372 5498 capilli
1389 5428 1486 5497 eapitis
1499 5426 1670 5497 colliguntur,
1685 5434 1712 5479 et
1726 5425 1821 5493 inqua

192 5534 304 5606 arrystiea
315 5531 510 5602 significatione
524 5531 700 5586 demonstrat.
714 5527 865 5584 Notandum
877 5536 978 5593 autem,
1031 5523 1157 5579 caesaries
1165 5521 1289 5586 uertitur,
1303 5520 1375 5574 unde
1387 5526 1413 5572 at
1425 5531 1606 5586 nuncupatur.
1626 5518 1724 5572 i'ertcx
1748 5515 1822 5569 euim

192 5627 263 5699 quol
276 5624 355 5680 iidem
375 5624 424 5695 ipsi
446 5638 543 5679 sensus
560 5623 605 5694 qrri
621 5623 646 5677 in
659 5623 794 5677 exteriore
808 5620 916 5675 ltomiue
931 5621 979 5675 dc·
1032 5616 1139 5687 quando
1152 5615 1179 5671 in
1193 5615 1292 5670 bonam
1305 5620 1411 5684 partem
1429 5612 1571 5683 accipitur,
1592 5610 1727 5681 siguificat
1746 5624 1822 5665 sum·

192 5720 348 5780 scribuntur
361 5716 442 5771 simili
464 5715 543 5770 modo
555 5714 703 5770 secuudum
720 5712 828 5768 niodum
848 5726 926 5768 suum
951 5711 980 5767 iu
1034 5710 1153 5766 mitatem
1162 5705 1322 5780 justitiaene!
1332 5703 1524 5776 perlectionem
1538 5706 1658 5762 munium
1669 5705 1822 5761 uirtutum:
