4042 6200
239 357 290 412 etti
576 350 608 407 B.
629 348 755 406 unuani
771 346 883 407 unhul
900 348 1059 406 huculbi.
1079 349 1233 410 uotum.
1253 355 1397 414 desumi
1414 358 1505 416 PARS
1522 359 1556 415 ti.
1810 362 1863 424 los

237 464 505 534 vitiosarumque
525 462 595 518 mole
614 471 695 518 terrae
711 463 837 535 angitur,
855 470 887 518 nt
907 462 1029 520 ennodii
1042 466 1068 526 Α
1081 469 1239 528 iunocenter
1251 473 1356 541 rirunt,
1381 475 1421 532 sic
1439 484 1467 533 ιι
1480 477 1564 534 caulae
1579 484 1701 534 sanctam
1718 478 1863 537 Ecclesiam

236 554 429 628 praetendatur.
446 553 551 609 Dictum
563 561 652 607 anum
664 567 680 606 a
692 552 779 607 ratiis.
790 550 859 608 uam
874 553 935 608 valli
945 553 1026 617 dicti,
1078 562 1241 633 significans,
1262 567 1307 623 ubi
1324 583 1389 625 0222
1406 569 1507 626 chrispi
1526 571 1621 642 9035oe
1633 580 1864 630 conservamus

237 650 309 721 :quod
323 647 441 720 sagarum
454 655 483 702 ct
494 645 638 701 uellantur.
653 646 798 701 Intervalla
812 656 876 702 sunt
888 649 973 719 spatia
985 649 1029 704 in·
1078 675 1092 713 a
1105 660 1198 716 besuus
1210 660 1398 718 defendamur,

238 752 280 798 ter
294 740 383 812 capita
397 737 539 803 vallorum,
556 737 649 802 idest,
665 738 799 808 stipitum,
812 738 910 807 quibus
927 738 1027 814 sallum
1351 772 1464 831 CAPUT
1481 773 1578 832 mu

236 835 286 890 tit:
302 832 374 888 unda
389 839 418 886 et
432 838 531 885 catera
548 844 655 900 quoquc
678 829 765 900 spatia
779 830 935 885 dicuntura
950 830 1028 901 stipi·
1581 816 1589 830 ⁹

236 926 310 982 tibus
330 922 443 980 scilicet.
467 921 555 993 Agger
579 930 621 976 est
639 919 784 991 miuslibat
810 922 849 977 rei
872 922 1027 987 acervatio,

236 1014 306 1070 unde
321 1013 400 1068 lassa
412 1018 458 1066 aut
470 1009 556 1065 ualles
566 1020 680 1080 possunt
694 1009 802 1079 repleri.
816 1009 906 1082 Agger
918 1013 1027 1081 proprie

236 1105 334 1161 dieitur
349 1111 421 1158 terra
439 1110 559 1174 aggesta,
573 1117 634 1171 quae
647 1101 717 1157 uallo
733 1099 807 1157 lacto
820 1103 931 1174 propius
947 1105 1027 1174 poni·

236 1205 283 1252 tur
298 1213 304 1249 :
321 1195 369 1249 scd
383 1194 496 1248 ahusiue
507 1199 536 1247 ct
549 1206 642 1247 muros
656 1199 686 1247 et
697 1192 865 1248 nutrimenta
879 1192 970 1248 omnia
981 1208 1029 1264 ag·

236 1302 327 1359 geram
340 1286 465 1342 dicimus.
484 1284 589 1341 Vallum
603 1284 675 1340 enim
691 1284 735 1341 uel
749 1299 830 1356 agger
843 1286 870 1340 iu
883 1285 1027 1355 scripturis

237 1376 484 1448 coangustationem
500 1376 617 1431 hostium
631 1375 775 1446 signidem,
796 1392 849 1446 qua
865 1377 958 1432 hostes
982 1390 1028 1432 oo

236 1475 345 1525 arctant
366 1482 414 1522 eos
427 1465 525 1536 quibus
540 1479 638 1522 nocere
649 1466 753 1521 rolant.
770 1466 847 1529 llurh
863 1466 897 1521 ad
916 1464 1028 1522 lentsa-

237 1560 291 1615 lem
310 1557 712 1628 beminusiniivangetiaait:
735 1557 843 1613 Venient
864 1559 960 1614 diesin
978 1567 1025 1625 te,
1098 1613 1130 1627 Η
1303 1613 1309 1627 ,
1473 1614 1479 1628 ,
1583 1615 1590 1630 ,

235 1659 260 1706 et
271 1649 470 1705 mraumdalunt
481 1658 506 1704 ιι
517 1648 617 1703 ininu'ai
626 1649 666 1702 tui
678 1647 763 1716 uallo,
779 1659 802 1705 et
819 1652 1027 1722 suasuqustabunt
1078 1613 1187 1669 dmum·
1231 1612 1343 1685 ”5⁵²¹oe
1383 1621 1541 1722 mmmm,
1568 1631 1626 1722 ΨΘ
1661 1615 1864 1723 ωῦθῖῃωῖιυω

236 1740 362 1811 undique,
374 1739 446 1795 etad
459 1749 557 1794 terram
569 1748 732 1810 prosternent
743 1750 767 1795 te
788 1740 891 1807 stillim
903 1750 961 1797 tuas
981 1745 1027 1814 qui
1078 1711 1125 1759 ”m
1155 1713 1315 1775 mentem
1344 1705 1488 1812 ²⁰f¹e⁸¹³¹f¹
1519 1709 1674 1815 ⁸¹3¹¹¹n⁰³‚⁸’
1707 1718 1778 1814 ⁸¹f¹¹¹
1801 1708 1867 1765 ’ΠΜ

235 1832 264 1887 4„
276 1842 301 1886 w
313 1841 373 1887 ‘m
384 1830 460 1903 (Luc.
472 1828 545 1903 mk
558 1832 630 1902 quod
640 1831 774 1903 significat
784 1832 1025 1900 animaehumnae'
1041 1815 1064 1873 B
1080 1795 1282 1852 tahenraculum
1301 1797 1448 1855 Mosarcum
1472 1815 1500 1854 tn
1519 1800 1626 1857 deserto
1641 1816 1668 1855 ιιι
1691 1802 1772 1870 harpias
1797 1817 1868 1873 prm-

1078 2066 1164 2132 Quam
1179 2066 1304 2121 amabilia
1316 2078 1377 2123 sant
1392 2068 1561 2124 tabernacula
1575 2079 1632 2136 tua,
1648 2070 1759 2125 ironiae
1771 2070 1781 2141 (
1789 2068 1866 2125 Paul.

1077 2158 1221 2227 cxxxiiii:
1250 2158 1292 2215 rel
1318 2159 1501 2218 conditionem
1527 2162 1650 2233 corporis
1675 2163 1802 2229 humani,
1833 2164 1867 2219 de

1380 866 1419 923 Dc
1433 869 1562 924 tentoriis.

1113 978 1297 1034 Tabernacula
1323 981 1438 1035 tentoria
1462 988 1526 1037 sunt
1548 982 1686 1048 militum,
1714 982 1812 1054 quibus
1838 982 1865 1038 iu

1078 1067 1175 1124 itinere
1202 1068 1267 1124 solis
1292 1068 1420 1135 ardores,
1447 1077 1691 1142 tempestatemque
1718 1072 1864 1138 imbrium,

1079 1158 1239 1229 frigorisque
1260 1158 1376 1228 iniurias
1395 1160 1492 1214 vitant.
1521 1159 1597 1215 Dicta
1625 1168 1716 1216 autem
1741 1162 1867 1216 taberna-

1077 1250 1158 1314 cula,
1179 1249 1250 1318 qarod
1273 1249 1385 1304 cortinae
1408 1249 1531 1305 distentae
1552 1250 1677 1315 ionibus,
1700 1249 1798 1306 tabuiis
1824 1252 1865 1305 in·

1079 1338 1270 1403 initiantibus,
1296 1338 1531 1408 appenderentur,
1557 1355 1617 1411 qum
1644 1340 1759 1395 tcutoria
1784 1341 1868 1395 susti·

1077 1438 1183 1486 ruerent.
1219 1430 1376 1486 Tentorium
1409 1440 1535 1487 uocantur
1571 1448 1605 1488 eo
1636 1434 1708 1503 quod
1742 1433 1867 1488 tendatur

1078 1521 1187 1577 funibus
1207 1529 1288 1592 atquc
1309 1522 1437 1591 paxillis,
1459 1523 1530 1578 unde
1550 1532 1578 1580 ιι
1597 1522 1678 1580 hodie
1698 1525 1867 1594 pretendere
1915 1522 1919 1529 '

236 2014 398 2085 angustiam.
412 2013 463 2083 Qui
477 2028 593 2084 namque
614 2021 677 2069 sunl
690 2015 816 2070 humana
830 2014 928 2070 animae
942 2015 1027 2085 maio-

236 2122 281 2164 res
294 2106 407 2172 inimici,
419 2120 500 2177 quam
511 2106 620 2178 maligni
633 2107 762 2177 spiritus?
772 2107 818 2178 qui
833 2108 904 2164 hanc
913 2122 1027 2179 corpore

234 2208 379 2258 exeuntem
391 2198 527 2265 obsident,
547 2213 629 2269 quam
648 2199 778 2255 incarnis
791 2213 883 2255 amore
897 2199 1027 2269 positam,

236 2291 398 2364 deceptoriis
407 2289 631 2347 delectationibus
640 2287 821 2356 locenthana
831 2289 859 2345 in
869 2290 1026 2345 societatem

233 2399 290 2441 suae
302 2381 484 2439 damnationis
495 2381 633 2437 trahentes
643 2388 795 2447 coarctant,
810 2389 841 2436 ut
853 2382 880 2436 in
896 2381 954 2451 ipsa
968 2379 1027 2451 iarn

233 2476 406 2533 extremitate
421 2475 483 2530 uitae
497 2474 676 2545 deprehensa,
690 2490 706 2530 a
721 2474 821 2544 quihus
834 2474 958 2530 hostibus
969 2474 1026 2530 cir-

234 2564 372 2623 cumclusa
394 2564 441 2629 sit,
453 2563 552 2629 rideat,
567 2574 596 2620 et
610 2571 699 2619 umen
718 2563 852 2620 euadendi
867 2564 970 2619 aditum
983 2564 1026 2619 iu·

233 2653 328 2710 uenire
339 2668 392 2708 non
406 2654 510 2724 possit:
526 2654 590 2725 quia
604 2656 710 2726 operari
723 2653 779 2724 iam
793 2657 863 2712 bona
878 2671 932 2712 non
950 2655 1024 2723 licet,

233 2760 294 2815 quac
312 2759 374 2800 cam
390 2743 467 2800 licuit
481 2759 561 2815 agcrc
580 2746 751 2818 contempsit.
765 2745 889 2803 blacerio
904 2756 1027 2817 suntpa·

234 2837 317 2892 rietes
329 2835 413 2907 longi
428 2837 526 2907 quibus
544 2838 630 2894 uineae
648 2838 937 2909 aliaqueclauduntnr.
957 2838 1027 2894 Lon·

232 2942 296 2999 gum
317 2928 389 2983 enim
400 2926 487 2984 Graeei
506 2944 617 2985 macron
638 2930 742 2987 dicunt.
757 2928 842 3000 Sepcs
856 2929 1025 2985 munimenta

233 3026 353 3074 satanam
367 3025 439 3085 sunt,
453 3019 515 3074 iude
527 3027 556 3074 et
578 3019 727 3091 appellatas.
751 3020 865 3077 hlaceria
881 3020 924 3077 rel
947 3035 1026 3092 sepes

233 3110 347 3182 mystica
360 3111 518 3183 artgclorunr
530 3114 680 3170 custodiam
693 3114 854 3185 significant,
878 3130 932 3186 qna
945 3115 1023 3187 plebs
1342 3087 1455 3146 CAPUT
1473 3088 1589 3196 mm·

233 3203 296 3269 liei,
308 3217 370 3275 quaa
381 3203 460 3259 uinea
473 3201 578 3260 bonini
594 3204 713 3262 Sabaoth
735 3221 786 3277 per
797 3208 957 3278 prophetam
971 3223 1022 3278 ap·
1036 3171 1060 3234 C
1369 3182 1409 3237 ΒΘ
1431 3182 1567 3256 ‘mm

231 3293 332 3364 pellata
356 3300 421 3359 est,
444 3293 700 3351 circumvallabatur
726 3304 807 3367 atque
837 3298 1021 3354 muniebatur.
1110 3293 1269 3367 Sepulcrum
1284 3295 1536 3367 asepultodictum.
1551 3297 1631 3355 Prius
1643 3298 1865 3370 unumquisque

232 3382 312 3439 Unde
337 3383 364 3438 iu
382 3383 450 3439 lsaia
464 3384 594 3454 scriptum
609 3392 673 3441 est:
692 3384 777 3441 i’inea
788 3387 910 3457 [amasai
929 3386 1024 3443 dilecto
1075 3384 1103 3440 in
1124 3385 1205 3442 domo
1218 3400 1266 3440 sua
1279 3385 1461 3455 sepeliebatur
1476 3404 1482 3443 :
1497 3397 1589 3459 postea
1604 3390 1715 3445 retitura
1736 3398 1778 3445 est
1795 3389 1865 3462 legi·

231 3475 262 3529 in
273 3490 355 3529 cornu
369 3473 426 3545 tillo
440 3474 490 3530 otei
505 3474 573 3547 (Ira.
597 3475 635 3549 ι).
649 3476 683 3532 m
695 3485 757 3547 post
770 3476 907 3548 paululum
920 3497 927 3532 τ
942 3478 1025 3549 Aufe-
1073 3474 1142 3539 bus,
1155 3489 1190 3529 ne
1211 3473 1299 3531 fetore
1314 3476 1373 3546 ipso
1385 3473 1498 3548 cOpora
1517 3478 1665 3533 uiuentium
1678 3486 1804 3534 contacta
1822 3480 1866 3534 in·

232 3564 410 3636 rarn,inquit,
421 3582 506 3637 sepem
519 3566 709 3638 cluanuama
720 3561 1023 3638 direptionemlliruam
1074 3563 1228 3620 licerenlur.
1244 3565 1443 3623 Monumentum
1461 3568 1522 3624 ideo
1539 3576 1722 3640 nuncupatur,
1738 3584 1772 3626 eo
1788 3570 1865 3639 qnod

231 3655 374 3710 maceriam
387 3657 455 3724 eiua,
468 3667 492 3713 et
513 3659 562 3714 erit
578 3659 606 3714 itt
626 3659 848 3714 conculcationem
863 3658 970 3734 (itia).
989 3659 1025 3716 Et
1073 3664 1190 3710 mentem
1211 3665 1319 3713 moueat
1333 3658 1366 3713 td
1379 3657 1498 3715 defuncti
1514 3660 1684 3716 memoriam.
1701 3659 1770 3716 Cum
1787 3662 1864 3716 cuim

232 3746 419 3818 inlitangslio
433 3749 490 3819 ipsc
506 3749 636 3805 Dominus
652 3749 719 3805 texit
732 3750 889 3820 parabolam
909 3750 1021 3806 dicens:
1074 3763 1127 3802 non
1150 3747 1251 3804 uideris
1270 3757 1494 3818 mouumentum,
1517 3751 1582 3807 illud
1607 3760 1668 3820 cst,
1692 3752 1764 3822 quod
1791 3752 1865 3809 scri·

232 3836 320 3893 llomo
333 3838 507 3908 quidamerat
516 3839 718 3911 passionibus,
729 3839 910 3911 quiplanmait
920 3841 1023 3896 uincam
1072 3847 1148 3908 ptum
1162 3849 1224 3893 est:
1240 3838 1346 3894 Excidit
1367 3849 1493 3912 tanquam
1507 3851 1625 3897 mortum
1644 3859 1661 3896 u
1688 3843 1776 3897 carae.
1791 3841 1863 3899 Cum

230 3937 256 3982 et
266 3943 352 3999 asperas
362 3927 532 3984 circumdedit
549 3929 574 3983 al
590 3927 697 3993 (Ιιιιιι.
713 3928 783 4000 xxi).
797 3927 864 3985 item
878 3928 906 3984 in
918 3927 1023 3984 Psalle-
1073 3940 1162 3983 auum
1177 3929 1292 3994 uideris,
1307 3938 1398 3986 monet
1412 3939 1531 3988 mentem
1544 3974 1553 4000 ,
1568 3942 1593 3987 et
1609 3932 1643 3988 ad
1658 3933 1819 3988 memoriam
1836 3942 1865 3990 ιι

232 4019 274 4076 rio
287 4019 321 4075 de
338 4021 432 4077 cadem
452 4021 531 4077 unes
548 4021 586 4076 ila
604 4021 703 4093 legitur
725 4038 732 4077 ι
752 4021 913 4077 Destruciau'
932 4037 1021 4077 omnes
1072 4017 1195 4084 reducit,
1211 4027 1241 4073 ut
1253 4027 1389 4075 mortuum
1404 4021 1565 4078 recorderis.
1580 4022 1753 4079 llonrtmcnta
1766 4023 1864 4094 itaque

230 4110 360 4166 macena:
379 4111 447 4182 aius,
470 4112 580 4183 potuisti
605 4113 761 4168 munitiones
782 4109 840 4183 ejus
853 4111 882 4166 in
900 4109 1022 4182 {amidi-
1071 4119 1100 4165 et
1114 4109 1251 4166 memorie
1265 4125 1315 4180 pro
1329 4110 1428 4167 mentis
1448 4111 1630 4168 admonitione
1651 4113 1739 4169 dictae.
1756 4113 1865 4168 Tuum·

228 4219 288 4259 neta
300 4199 386 4276 (Paul.
400 4201 506 4277 umus).
527 4204 620 4275 ltaque
637 4204 755 4260 maceria
769 4213 819 4269 cst,
833 4218 894 4275 quae
914 4203 973 4260 loca
987 4205 1022 4261 ab
1071 4199 1114 4254 lus
1133 4200 1235 4265 dietus,
1250 4199 1329 4270 quasi
1354 4208 1460 4257 tamem
1480 4202 1568 4258 tellus.
1591 4202 1780 4274 Saroophagus
1792 4218 1865 4273 grac·

232 4294 350 4365 aliquam
379 4294 526 4351 utilitatem
556 4303 706 4367 praeparata
744 4294 908 4351 delensionis
939 4307 1020 4349 eausa
1071 4305 1132 4344 curn
1148 4297 1205 4354 est,
1224 4304 1258 4345 ιο
1278 4290 1351 4361 qnod
1374 4291 1410 4347 ihi
1430 4307 1543 4363 corpora
1565 4299 1779 4347 coanimantur:
1794 4307 1863 4346 sarr

229 4385 390 4440 communit.
404 4385 468 4442 llaec
481 4401 535 4442 non
549 4385 742 4441 commixtione
753 4383 795 4440 rai
806 4383 918 4440 alerius
934 4382 1020 4439 adid·
1070 4380 1143 4435 enim
1159 4394 1246 4451 grace
1259 4397 1339 4447 caro,
1353 4382 1471 4455 phagein
1493 4384 1636 4441 comedere
1649 4385 1758 4440 dicitur.
1785 4384 1865 4440 Mau·

229 4480 317 4538 catur,
333 4473 422 4530 sedin
435 4474 808 4546 paristlsmodumsauorum
823 4481 927 4529 mutum
949 4473 1018 4528 adu·
1072 4471 1152 4526 solea
1175 4481 1239 4527 sunt
1269 4473 1393 4544 scpulcra
1423 4475 1467 4530 rel
1500 4485 1675 4531 monumema
1707 4489 1817 4546 regum,
1845 4491 1863 4530 a

230 4565 341 4621 natione
364 4565 541 4631 construitur,
566 4565 696 4637 adonius
716 4563 919 4622 similitudinem
941 4563 1018 4634 ponit
1071 4561 1215 4618 ilausolaco
1245 4578 1309 4636 rego
1337 4564 1526 4637 AEgyptiomm
1556 4567 1637 4621 dicta.
1658 4565 1727 4620 Nasu
1750 4581 1784 4621 co
1807 4565 1861 4620 de-

1077 2266 1131 2322 quo
1157 2250 1223 2307 dicit
1245 2249 1412 2322 Apostolus:
1439 2253 1564 2320 Quamdiu
1587 2274 1677 2312 ramus
1703 2259 1732 2313 in
1756 2256 1804 2313 hoc
1828 2268 1867 2312 ta·

1077 2339 1237 2407 herunculo,
1265 2341 1458 2412 inqemissr'mns
1487 2345 1589 2415 grauati
1601 2387 1609 2411 ,
1640 2346 1755 2401 nolentes
1785 2363 1867 2416 eapo-

1076 2430 1154 2497 lian',
1179 2430 1225 2485 sed
1249 2433 1414 2502 supervestiri
1441 2431 1573 2506 (licor.
1594 2435 1642 2508 r).
1667 2434 1733 2491 ltcm
1759 2437 1866 2508 cogita·

1076 2523 1178 2579 tionem
1198 2524 1298 2579 mentis
1317 2524 1452 2597 significat
1473 2526 1694 2593 tabernaculum,
1717 2535 1748 2583 ut
1768 2536 1812 2582 eet
1835 2527 1866 2582 il·

1076 2613 1121 2671 iud
1146 2614 1218 2670 beati
1239 2611 1311 2671 iah:
1336 2614 1410 2686 ignia
1432 2616 1539 2673 deuoret
1563 2615 1731 2672 laberuacula
1752 2634 1864 2683 earum,

1075 2705 1122 2779 qui
1146 2722 1257 2762 munera
1283 2705 1392 2761 libenter
1415 2707 1547 2778 accipiunt
1574 2705 1657 2778 (lob.
1684 2706 1764 2781 xv);
1793 2707 1867 2763 sicul

1075 2795 1149 2851 enim
1177 2809 1276 2865 corpus
1304 2795 1332 2850 ia
1365 2796 1559 2863 tabernaculo,
1586 2798 1627 2854 sic
1653 2813 1730 2854 mens
1758 2797 1866 2853 habitat

1075 2887 1102 2944 ιιι
1132 2887 1318 2957 cogitatione:
1351 2887 1399 2943 sed
1429 2888 1499 2960 ignis
1529 2889 1702 2947 tabernacula
1728 2891 1863 2956 devorat,

1075 2977 1140 3034 dum
1165 2986 1248 3035 ιιιιιι
1272 2978 1393 3034 auaritia
1418 2980 1595 3050 cogitationes
1620 2982 1754 3039 deuastat.

230 4655 381 4726 simplicem
394 4655 469 4711 illam
487 4657 669 4726 invictamque
679 4654 863 4712 defensionem
883 4652 1016 4718 diuinam,
1071 4654 1163 4712 iuncto
1192 4669 1260 4712 uxor
1286 4655 1347 4727 ejus
1369 4658 1445 4711 mira:
1469 4656 1663 4727 magnitudinis
1684 4665 1713 4712 ιι
1734 4655 1862 4726 pulchri·

227 4763 308 4822 quam
337 4763 448 4805 nemeae
475 4747 526 4805 iuit
550 4750 681 4814 amoueri,
703 4758 734 4804 ut
773 4761 840 4819 gens
863 4744 1018 4801 Judaaomm
1071 4749 1172 4803 tudinis
1192 4748 1327 4805 custmxit
1351 4748 1521 4819 sepulcrum,
1547 4748 1698 4811 intanmm,
1719 4755 1862 4817 utusque

226 4840 360 4913 potuisset
382 4839 501 4896 bosham
525 4840 679 4895 incursione
698 4838 809 4894 samari.
832 4836 1018 4893 Pulcherrima
1070 4838 1151 4894 hodie
1171 4839 1262 4894 omnia
1281 4849 1455 4895 monumenta
1477 4840 1593 4910 pretiosa
1613 4854 1648 4895 ex
1667 4839 1777 4896 nominc
1798 4838 1863 4907 eius

228 4940 320 4989 auum
338 4929 517 4987 dictumest:
537 4929 695 4986 Manilianas
718 4928 941 5000 ejuupoauiatiin
960 4926 1016 4997 ior·
1071 4929 1215 4986 mausolaea
1241 4938 1440 5000 nuncupentur.
1473 4930 1598 5002 Pyramia
1627 4939 1670 4986 est
1699 4944 1784 5003 genus
1810 4945 1861 4985 se·

228 5023 385 5079 ιιιιίιιιιιιιι.ι
414 5028 444 5077 ιιι
462 5020 549 5091 culpis
570 5019 733 5077 iacientibus
758 5020 845 5089 ipsum
871 5017 1015 5073 liomimrm
1068 5019 1224 5091 palatorum
1256 5020 1417 5090 quadratum
1445 5029 1474 5076 ct
1502 5021 1668 5093 fastigiatum
1695 5020 1765 5077 ultra
1798 5035 1863 5075 om·

228 5114 417 5181 formidarent,
433 5111 511 5184 cujus
525 5112 650 5169 mlcbaut
671 5110 821 5167 munitione
833 5109 938 5164 uallari.
961 5108 1016 5163 lla·
1069 5124 1131 5165 nem
1159 5109 1402 5176 excelsitudinem,
1434 5126 1494 5181 quaa
1523 5110 1582 5167 tisri
1610 5126 1694 5166 mauu
1727 5111 1813 5182 possit
1850 5127 1859 5165 t

225 5204 298 5258 ceria
312 5218 377 5275 ergo
391 5202 647 5276 signiticaterucen
661 5200 772 5267 Christi,
791 5200 942 5271 utquidam
965 5213 1014 5255 uo·
1067 5204 1192 5260 undeet
1217 5219 1372 5260 mensuram
1403 5205 1560 5260 umbrarum
1591 5219 1724 5277 egressa,
1751 5202 1860 5260 nullam

225 5297 295 5364 lunt,
309 5305 341 5353 ut
352 5307 394 5353 est
406 5297 472 5353 iliud
497 5293 620 5352 Psaltcrii
641 5308 649 5348 ι
670 5292 807 5364 Tanquam
825 5292 919 5361 parieti
939 5291 1015 5346 incli-
1068 5294 1169 5349 habere
1197 5294 1320 5349 umbrata
1352 5293 1489 5350 dicuntur.
1523 5294 1581 5350 'lali
1613 5303 1704 5350 autem
1737 5292 1859 5349 edificio

225 5394 325 5441 rratoet
345 5387 468 5441 maceria
489 5380 708 5456 impulsarffanl.
731 5379 797 5453 ιιι).
811 5380 902 5435 Certim
924 5379 1015 5434 ruuni·
1069 5391 1198 5455 snrgnnt,
1225 5394 1294 5440 uta
1321 5383 1375 5440 lato
1400 5385 1547 5454 incipiant,
1571 5395 1600 5440 ιι
1626 5385 1653 5440 in
1681 5391 1796 5455 augusto
1823 5382 1862 5439 fi.

225 5484 318 5531 meata
346 5476 437 5533 ouium
465 5475 508 5532 uel
526 5476 676 5546 sepimenta
702 5471 823 5528 ovilium.
843 5471 893 5527 Est
924 5479 1015 5527 autern
1067 5476 1199 5541 niantur,
1232 5476 1303 5533 sicut
1332 5477 1413 5547 iguis.
1445 5476 1500 5548 Pyr
1533 5477 1606 5533 enirn
1641 5476 1742 5533 dicitur
1772 5474 1859 5546 igme.

226 5579 325 5621 nusum
359 5581 498 5638 graecum,
528 5584 542 5622 e
571 5567 703 5622 detracta.
729 5562 798 5618 Nam
821 5560 908 5619 Graeci
940 5561 1017 5616 aulas
1068 5563 1123 5619 iias
1147 5563 1281 5636 AEgyptus
1304 5565 1406 5619 babet:
1433 5565 1504 5635 apud
1527 5566 1645 5636 maiores
1667 5564 1739 5619 cuim
1760 5571 1862 5634 quoten-

226 5656 493 5713 uocautauimalinm
508 5656 688 5727 receptacula.
702 5651 1018 5723 hilegoriccautcmsiu·
1067 5664 1109 5710 tes
1136 5663 1184 5709 aot
1209 5654 1260 5710 sub
1285 5655 1422 5710 montibus
1455 5663 1502 5711 aut
1534 5657 1563 5711 iu
1590 5655 1716 5712 domibus
1741 5650 1860 5722 sepelie-

224 5755 253 5804 ιιι
267 5760 334 5805 otus
356 5746 499 5819 religiosos
522 5747 657 5814 horariucs,
677 5746 723 5815 qui
742 5743 876 5800 mansueti
900 5749 965 5799 sunt
987 5752 1016 5799 ιι
1068 5745 1176 5800 bantur.
1197 5742 1389 5799 ludetractum
1413 5752 1469 5812 est,
1493 5751 1524 5799 ut
1544 5757 1626 5815 supcr
1647 5743 1780 5800 cadauera
1806 5750 1862 5797 aut
