4042 6200
217 296 266 353 139

515 292 547 348 Β.
566 291 692 348 ΒΑΒΑΝι
712 292 820 350 tttUtu
840 290 999 350 llllClllEl‘.
1021 290 1174 350 llOGUNl.
1195 290 1337 350 OPERUM
1356 291 1445 352 PARS
1463 291 1506 352 ιιι.

1786 295 1838 356 tto

210 419 239 465 et
258 405 409 465 dilectionis
430 417 494 461 suae'
504 405 676 478 presentiam
703 404 808 461 retriret
823 420 831 460 ε
846 421 897 461 ιιι
910 403 996 460 solum
1011 402 1226 467 Atentadoucm
1242 401 1300 471 ejus
1313 404 1418 460 hostem
1433 417 1570 461 versutum
1586 408 1726 464 admiserit
1742 427 1748 462 :
1764 407 1841 466 Unde

211 498 396 569 populassent
420 497 492 568 ipsos
505 496 586 553 etiam
609 511 701 552 rerum
725 496 849 553 dominos
869 495 996 567 concupi·

210 591 321 646 meritiis
334 589 488 645 renuntiare
507 603 539 644 ae
555 587 606 644 sibi
621 586 736 644 libenter
749 587 936 658 obtemperare
955 587 996 642 la·

210 691 292 737 ceret.

243 768 337 824 iustus
354 768 427 840 prior
444 777 480 823 est
500 776 637 821 accusator
656 767 707 822 tui.
726 766 799 822 l'enit
812 766 912 820 amicus
926 765 994 836 ejus,

209 873 233 916 ιι
249 860 410 930 irmestipubit
422 875 492 913 eunt.
513 856 607 912 Omnis
624 857 670 928 qni
689 873 751 913 rere
768 856 859 927 justus
880 865 933 922 cst,
949 855 994 912 ubi

207 953 377 1024 peccantium
391 960 479 1006 errata
493 950 635 1021 conspicit,
649 951 737 1019 primo
751 950 784 1004 ad
800 950 917 1020 seipsum
931 964 995 1003 ocu·

208 1042 264 1097 loru
278 1040 500 1097 considerationis
519 1037 641 1106 inflectit,
659 1040 776 1108 donique
794 1053 870 1094 suam
891 1036 994 1109 fragili-

208 1143 291 1188 tatent
302 1131 432 1187 sollicitus
443 1130 621 1195 accusarant,
635 1130 675 1184 sie
684 1131 791 1185 deinum
802 1129 835 1183 ad
846 1129 994 1198 corripien-

207 1224 257 1278 dos
270 1221 337 1277 alios
352 1220 468 1290 linguam
485 1219 617 1290 benignus
629 1220 725 1282 exerit,
744 1219 791 1273 sed
805 1217 849 1272 ille
869 1219 916 1288 qui
938 1218 994 1272 suis

207 1312 330 1368 fidelibus
341 1311 430 1367 dicere
440 1310 565 1382 dignatus
575 1319 636 1365 est:
656 1307 707 1363 Vos
720 1320 806 1364 autern
816 1308 873 1363 disi
885 1308 993 1374 amicos,

205 1405 267 1476 ιιιιιιι
280 1418 439 1475 quecunque
456 1401 544 1456 audiui
561 1418 578 1455 u
601 1398 682 1455 Patre
700 1416 768 1463 meo,
786 1409 847 1454 nota
860 1397 910 1467 [eci
925 1400 994 1453 trudis

206 1492 297 1567 (doun.
313 1492 368 1566 ιιι).
384 1493 463 1548 Vertit
476 1492 504 1547 iu
520 1506 567 1546 oor
579 1490 637 1560 ejus
649 1505 697 1560 per
711 1490 881 1560 presentiam
894 1489 994 1544 utrina

205 1583 439 1656 contemplationis
456 1601 463 1635 ι
478 1582 512 1637 Ει
526 1597 607 1654 quam
625 1581 676 1636 hoc
691 1579 726 1635 sit
741 1579 898 1634 munduma
915 1578 994 1634 sorde

205 1676 355 1745 iniquitatis
366 1674 498 1748 agnoseit,
513 1671 624 1744 ejusque
637 1670 815 1726 humilitatem
828 1669 908 1741 digua
923 1684 993 1725 mer-

204 1767 270 1822 cede
284 1772 447 1820 remunerat.

240 1859 336 1914 Frater
347 1859 392 1929 qui
408 1858 548 1927 adjuratur
561 1874 578 1911 u
589 1854 682 1926 fratre,
694 1852 771 1924 quasi
784 1852 875 1909 ciuitas
887 1852 966 1922 firma
980 1867 990 1904 .·

203 1961 227 2006 ιι
236 1950 349 2021 judicia,
361 1950 436 2022 quasi
447 1943 732 2003 determinandum
743 1943 856 2015 populus
866 1952 990 2014 uterque,

203 2039 357 2096 tuuaomm
382 2037 485 2094 scilicet
507 2045 536 2092 et
562 2035 703 2108 gentiunt,
732 2033 855 2089 fraterna
882 2034 933 2090 sibi
962 2035 989 2089 in

203 2129 310 2185 Christo
323 2129 455 2183 charitate
465 2126 609 2192 consentit,
622 2140 702 2181 unam
717 2123 774 2192 jam
788 2114 931 2179 aaronica
940 2122 991 2178 lic-

203 2220 291 2276 etesia
309 2219 446 2275 civitatem
464 2217 613 2284 construit,
639 2222 667 2272 et
684 2215 754 2271 sicut
771 2223 864 2269 vectes
881 2213 990 2269 urbium

202 2319 294 2382 potes
307 2310 441 2378 muniunt,
461 2310 499 2365 ita
516 2307 641 2379 dogmata
661 2307 802 2377 utriusque
823 2303 990 2362 Testamenti

202 2402 336 2459 Ecclesias
353 2416 402 2473 per
415 2402 519 2466 orbem,
535 2413 595 2471 qua
607 2412 689 2454 unam
701 2395 862 2454 catholicam
877 2395 989 2463 iaciant,

202 2493 236 2547 ab
250 2489 395 2547 infidelium
410 2488 564 2545 incursione
581 2484 738 2542 detendunt.

236 2579 302 2637 Cum
314 2578 532 2636 obsecrationibus
547 2575 665 2648 loquetur
676 2591 785 2647 pauper,
802 2583 827 2630 et
841 2574 911 2629 diues
925 2571 991 2644 effa·

201 2674 271 2728 titur
299 2671 390 2743 rigide.
417 2669 537 2725 llumiles
561 2667 659 2739 spiritu
681 2664 820 2722 humiliter
845 2664 989 2722 Dominum

201 2765 315 2820 adurant
330 2782 337 2817 ι
349 2775 378 2818 ιι
390 2761 560 2834 erarrgelicus
569 2760 614 2817 ille
626 2758 800 2834 publicanus;
817 2757 927 2830 superbi
938 2772 988 2813 sua

202 2854 298 2909 merita
309 2852 425 2923 jactant,
437 2860 468 2908 ut
478 2852 636 2926 pharisaeus.

1046 501 1075 547 et
1090 492 1194 564 primus
1210 492 1295 548 nostri
1306 495 1411 564 generis
1422 511 1520 565 parens
1536 505 1595 567 post
1607 498 1841 567 prevaricationis

1046 595 1186 638 excessum
1200 581 1353 655 increpatus
1366 601 1382 641 a
1397 586 1511 642 Domino
1523 588 1557 643 ad
1573 589 1759 646 detonsionem
1775 581 1843 646 mos

1045 674 1190 729 oscusmdi
1202 673 1301 747 refugit
1312 675 1421 733 dicens:
1435 677 1533 733 liulier
1545 696 1625 751 quum
1633 681 1729 736 dedisti
1738 683 1840 736 sarium

1045 765 1119 830 ιιιιιιι,
1131 765 1202 820 dedit
1216 766 1281 840 niilri
1294 766 1326 821 de
1337 766 1417 839 lipna,
1433 780 1458 823 et
1468 771 1569 825 comedi
1580 771 1656 844 (Gen.
1671 772 1725 844 ur),
1739 783 1767 828 et
1780 774 1840 845 ipsa

1046 855 1144 911 mulier
1166 855 1276 926 inquit:
1296 856 1408 929 Serpens
1425 860 1522 930 decepit
1542 878 1593 915 nte.
1613 863 1701 920 Ambo
1720 879 1840 934 natuque.

1046 947 1073 1000 ιι
1095 945 1250 1003 Creatorem
1273 949 1345 1019 quod
1363 958 1542 1019 peccaverant
1563 954 1778 1024 retorquebant:
1793 954 1840 1012 ille

1045 1038 1117 1109 quod
1133 1038 1285 1106 mulierem,
1299 1055 1444 1110 perquam
1460 1041 1588 1111 perireta
1602 1042 1716 1110 Domino
1734 1045 1837 1101 sociam

1045 1127 1349 1199 accepisse13illaqrrod
1364 1129 1493 1187 Dominus
1507 1143 1669 1204 serpcutenr,
1683 1136 1729 1207 qui
1745 1153 1774 1193 se
1789 1138 1838 1194 de-

1045 1215 1157 1287 ciperet,
1169 1216 1196 1271 in
1209 1217 1335 1287 paradiso
1344 1218 1538 1276 constituisset.
1553 1220 1611 1289 Quo
1623 1233 1717 1279 contra
1729 1226 1838 1295 sapiens

1045 1306 1187 1362 Dominum
1211 1317 1339 1378 precatur
1364 1317 1393 1363 ut
1423 1326 1475 1366 non
1502 1311 1618 1368 declinet
1643 1329 1691 1369 cor
1711 1331 1790 1371 suurn
1808 1318 1837 1372 in

1045 1396 1158 1450 uerbum
1172 1396 1272 1452 malum
1296 1399 1330 1453 ad
1346 1401 1514 1455 excusandas
1532 1403 1720 1460 excusationes
1735 1406 1762 1460 in
1776 1422 1838 1478 pec·

1045 1483 1122 1538 eatis.
1147 1482 1248 1540 Sedet
1269 1484 1314 1541 ille
1334 1501 1398 1543 suos
1422 1488 1597 1559 supplantans
1617 1508 1727 1563 gressus
1740 1506 1835 1552 contra

1045 1572 1129 1628 ileum
1148 1572 1235 1629 lervet
1257 1575 1357 1641 arriano,
1380 1577 1427 1646 qui
1448 1577 1537 1633 dirina
1561 1579 1674 1650 imperia
1694 1598 1742 1652 per
1758 1600 1833 1640 suana

1045 1663 1172 1720 inertiam
1184 1673 1361 1721 contemnens
1372 1667 1483 1736 insuper
1494 1667 1581 1739 ipsum
1593 1669 1746 1737 Dominum,
1758 1674 1834 1743 qtrasi

1005 1754 1031 1814 B
1045 1753 1225 1825 importabilia
1239 1757 1394 1813 hominibus
1406 1772 1490 1813 onera
1507 1759 1675 1830 imposuerit,
1691 1772 1780 1819 niente
1792 1781 1834 1821 re·

1044 1846 1188 1914 prehendit
1200 1846 1307 1902 insana.

1077 1934 1180 1990 Diuitire
1199 1939 1299 1991 addunt
1317 1937 1415 1993 natrices
1428 1938 1574 2011 piurintns,·
1589 1959 1605 1995 u
1621 1958 1734 2013 paupere
1749 1958 1832 2000 nutent

1042 2033 1065 2077 ιι
1079 2025 1106 2078 ιιι
1117 2042 1182 2096 quos
1198 2026 1300 2092 lrabuit,
1312 2037 1478 2098 separantur.
1494 2029 1598 2086 Divitiae
1613 2032 1689 2103 regni
1705 2032 1831 2101 coelestis,

1042 2127 1102 2181 aare
1117 2127 1166 2181 per
1186 2122 1295 2169 sanctos
1314 2115 1438 2170 ductores
1454 2115 1578 2174 fidelibus
1599 2119 1749 2177 tribuendae
1766 2139 1833 2194 pra-

1042 2202 1177 2270 dicautur,
1203 2203 1303 2260 multos
1322 2206 1424 2262 amicus
1446 2214 1474 2261 et
1494 2208 1590 2264 iisdem
1611 2211 1833 2280 praedicatoribus

1042 2301 1070 2349 et
1091 2308 1185 2349 earum
1205 2293 1329 2367 largitori
1343 2296 1458 2353 Domitm
1471 2298 1621 2365 asciscunt;
1635 2315 1651 2354 a
1667 2300 1832 2372 pbilosophis

1041 2393 1131 2442 autent
1148 2387 1291 2443 etcaetcris
1304 2388 1424 2460 gentium
1436 2389 1584 2461 magistris,
1601 2391 1664 2460 quia
1681 2400 1757 2448 certe
1768 2394 1830 2448 boa-

1041 2477 1164 2534 titudinis
1181 2478 1210 2533 in
1229 2478 1351 2534 laturum
1372 2488 1471 2535 nomnt
1487 2482 1653 2551 promittere,
1676 2493 1704 2541 et
1723 2484 1752 2540 lui
1765 2500 1831 2556 quos

1041 2568 1203 2636 imbuerunt,
1218 2579 1395 2640 separantur;
1415 2569 1540 2627 videlicet
1559 2574 1682 2628 cunrersi
1699 2574 1734 2630 ad
1754 2573 1832 2631 fidem

1041 2673 1170 2729 spemque
1183 2657 1329 2715 Dominicae
1342 2659 1530 2731 promissionis
1544 2662 1737 2718 certissimam.

1076 2739 1128 2817 Q'at
1141 2760 1243 2805 tantum
1257 2751 1333 2806 ιιιίι
1351 2761 1478 2820 ιιιιιιιι,
1495 2752 1562 2807 niltil
1582 2754 1686 2810 babebit
1698 2763 1711 2810 .‘
1721 2759 1768 2828 gui
1782 2775 1831 2812 uu-

1040 2849 1092 2894 tent
1113 2856 1247 2910 possessor
1268 2851 1305 2896 cst
1326 2842 1430 2907 mentis,
1452 2842 1538 2915 diligit
1559 2845 1675 2899 arrianam
1694 2863 1781 2903 suurn.
1800 2850 1832 2904 Et

240 2941 621 3000 l'iramsiilisadsccietutent
633 2941 830 3014 mugitumicus
845 2941 893 2996 erit
908 2956 987 3012 auant
1037 2932 1182 3005 Apostolus
1210 2933 1340 2991 ait:Nou
1367 2937 1501 2992 auditores
1525 2938 1590 3011 lepis
1613 2938 1832 3009 justificabuntur

201 3033 427 3103 [rutrr.Credeus
446 3033 621 3107 exgentibus
639 3033 753 3106 populus
772 3032 860 3105 magis
882 3039 988 3087 amatus
1041 3026 1111 3096 apud
1150 3026 1260 3094 Deum,
1292 3029 1338 3084 sed
1376 3031 1488 3101 {actores
1521 3030 1585 3104 lepis
1613 3033 1833 3103 jrtstipiculmntur

200 3134 268 3181 esta
281 3126 406 3194 Domitio,
418 3141 499 3197 quam
508 3123 637 3181 iudaicus
649 3125 708 3182 sine
722 3123 774 3181 lide
785 3124 946 3197 perdurans,
960 3123 988 3178 in
1001 3103 1025 3167 C
1041 3114 1131 3189 (Rom.
1143 3118 1186 3190 ιι).

201 3236 255 3291 quo
272 3220 418 3277 secundum
432 3234 542 3276 carnem
556 3228 636 3275 naeus
649 3226 700 3273 est,
716 3217 809 3273 Potest
827 3223 854 3271 et
873 3216 907 3270 du
921 3228 986 3286 apo-
1077 3206 1160 3264 Testis
1182 3208 1268 3280 [disus
1293 3228 1345 3266 non
1369 3214 1419 3268 erit
1442 3215 1601 3285 impunitus,
1616 3224 1640 3269 rt
1660 3217 1705 3288 qui
1717 3216 1833 3289 loquitur

200 3310 276 3367 stolis
290 3327 323 3366 ex
340 3309 439 3366 iudeis
459 3308 531 3385 natis
551 3307 674 3380 intelligi,
692 3305 755 3378 quia
770 3305 857 3378 magis
870 3305 989 3359 amarint
1039 3299 1177 3354 mettduciu
1194 3301 1296 3371 peribat.
1316 3302 1503 3376 Redarguorat
1520 3321 1581 3360 eum
1602 3306 1650 3376 qui
1667 3306 1750 3362 rerba
1772 3318 1830 3363 tan-

200 3400 340 3456 credeutes
354 3416 387 3455 ex
402 3398 536 3471 gentibus,
549 3413 631 3471 quam
648 3413 703 3452 sue
721 3397 808 3468 gentis
822 3393 985 3451 incredulos.
1032 3399 1097 3465 ¹tum
1112 3392 1232 3448 scientiae
1252 3393 1355 3463 absque
1378 3396 1545 3466 operationis
1558 3396 1676 3452 efficacia
1690 3408 1828 3467 sectatur;

491 3488 604 3547 CAPUT
629 3488 700 3544 lllll.
1038 3483 1179 3554 redarguit
1192 3501 1264 3542 nune
1276 3484 1361 3551 illum,
1385 3488 1431 3557 qui
1453 3488 1511 3558 ipss
1525 3489 1607 3544 uerba
1624 3489 1723 3545 divine
1734 3499 1829 3546 aucto·

235 3580 329 3636 Melior
341 3589 485 3651 estpauper
497 3579 543 3652 qui
562 3577 677 3634 umbuiut
691 3579 719 3633 in
738 3577 903 3650 simplicitate
924 3595 986 3647 suu,
1038 3574 1129 3630 ritatis
1150 3575 1221 3632 male
1241 3576 1443 3647 interpretando
1464 3579 1625 3650 corrumpit.
1642 3578 1719 3647 Quod
1740 3593 1828 3637 autern

199 3688 278 3745 quant
291 3671 362 3726 diaes
381 3680 503 3741 torquens
518 3667 587 3723 ladio
602 3669 739 3740 insipient.
756 3666 850 3722 Melior
866 3676 908 3723 cst
921 3666 987 3722 sint·
1037 3668 1124 3723 multa
1147 3670 1245 3740 sepius
1261 3671 1394 3725 iterantur
1414 3671 1551 3727 lirruitatis
1575 3671 1706 3727 indicium
1728 3683 1781 3740 est,
1800 3681 1828 3727 ut

198 3763 260 3834 ples
273 3762 379 3817 auditor
396 3759 470 3814 vorbi
489 3758 547 3824 Dei,
563 3759 587 3814 si
598 3773 631 3813 ca
644 3772 703 3828 ιιι,
715 3757 864 3828 intelligere
875 3757 902 3811 in
915 3755 988 3812 Scri·
1036 3757 1135 3828 loseph
1159 3761 1294 3814 somnium
1314 3764 1385 3832 rugis
1400 3762 1584 3833 interpretans
1598 3762 1645 3827 ait,
1661 3763 1779 3833 eoquod
1792 3764 1827 3819 sit

199 3853 286 3923 pturis
299 3851 395 3921 potuit,
408 3849 545 3921 operando
557 3847 675 3920 perlicit,
686 3862 767 3919 quam
780 3847 902 3903 eruditus
915 3847 987 3918 quis
1037 3858 1126 3906 sermo
1138 3849 1185 3905 Dei
1198 3860 1225 3904 et
1238 3852 1373 3906 veraciter·
1387 3852 1540 3924 impleatur.

199 3957 251 4012 que
271 3942 293 3998 si
310 3931 338 3998 in
362 3940 415 3996 illis
428 3948 583 4011 queaeute
597 3938 727 3995 intellexit
741 3939 774 3994 ad
788 3939 902 3995 heresin
918 3952 986 4008 ιιι·
1075 3940 1138 3995 Nun
1159 3941 1248 3995 decent
1274 3942 1382 3996 stultum
1397 3942 1507 4011 delicie,
1522 3961 1567 3999 nec
1582 3962 1682 4000 seruum
1696 3945 1827 4000 dominati

199 4035 340 4089 dicandam
355 4032 425 4088 labia
438 4039 584 4102 retorquet.
1036 4032 1206 4102 principibus.
1225 4031 1284 4087 lion
1304 4034 1401 4089 decent
1415 4036 1572 4093 hereticum
1587 4037 1690 4093 delicia>
1704 4036 1827 4111 Scripto-

236 4123 285 4180 [ιιι
297 4141 349 4179 non
368 4133 404 4179 est
421 4122 528 4178 selentia
542 4124 647 4190 anime,
662 4124 888 4189 annectionem·
903 4133 927 4179 et
941 4124 986 4195 qni
1037 4141 1139 4190 rarum,
1161 4126 1224 4196 quia
1244 4127 1287 4182 lais
1306 4128 1375 4183 bene
1394 4129 1432 4184 uti
1451 4146 1504 4187 ιιι
1526 4131 1620 4188 norit:
1637 4131 1730 4202 Neque
1753 4132 1825 4187 illum

199 4214 360 4283 pertinuerat
374 4213 481 4285 peditur
494 4212 611 4282 offendit.
626 4211 729 4268 llnimae
741 4206 848 4282 Ι(ιιιιιιιι
861 4214 985 4269 humanae
1036 4214 1082 4284 uiri
1097 4230 1190 4271 seretis
1205 4218 1292 4272 adime
1308 4220 1412 4289 peceati
1429 4236 1489 4276 esse
1500 4223 1639 4292 probatur,
1654 4222 1824 4294 praulcrriju-

199 4305 312 4359 seientia
332 4303 395 4357 etta
410 4299 529 4357 celestis
542 4310 583 4358 est
602 4301 766 4370 necessaria,
780 4303 843 4372 quia
857 4302 985 4358 nimimm
1036 4305 1085 4360 stis
1096 4304 1122 4359 in
1136 4306 1266 4377 regimme
1280 4307 1416 4365 Ecclesiae.

199 4393 258 4448 sine
272 4392 324 4447 bac
337 4392 414 4447 beata
428 4391 455 4446 iu
470 4400 628 4463 perpetuum
644 4405 702 4448 esse
718 4408 773 4448 non
793 4400 891 4463 potest.
905 4392 984 4447 litta-
1072 4395 1198 4451 Doctrina
1205 4399 1252 4452 unt
1257 4416 1303 4470 per
1308 4400 1593 4470 patientiamnascitur.
1604 4405 1732 4462 Doctrina
1740 4406 1825 4461 eccle

199 4497 262 4536 uren
282 4481 329 4552 qui
342 4479 479 4536 ellrenatis
491 4482 616 4536 sensibus
629 4482 727 4537 mentis
740 4480 801 4553 plus
823 4483 924 4552 appetit
939 4498 979 4537 sa·
998 4455 1146 4541 Dsiastica
1158 4502 1207 4558 per
1218 4489 1375 4558 patientiam
1393 4490 1544 4560 ductorum,
1557 4512 1639 4566 quam
1654 4496 1688 4551 sit
1703 4497 1823 4567 perlecta

199 4586 262 4642 pere
274 4585 355 4640 qnam
374 4570 462 4635 decet,
481 4569 639 4640 plerumque
661 4569 835 4626 offensionem
851 4571 985 4625 naratio-a
1036 4584 1210 4632 nronstratur.
1231 4580 1299 4647 Quia
1315 4582 1379 4636 dum
1394 4585 1478 4655 magis
1492 4584 1684 4643 afflictionibus
1697 4603 1729 4643 ae
1744 4590 1823 4645 ururti

199 4658 318 4714 stultitia
333 4659 482 4713 temerariis
495 4659 653 4714 tractatibus
665 4658 788 4723 incurrit,
806 4661 878 4729 quod
890 4660 916 4713 in
930 4660 985 4729 pri·
1036 4679 1134 4734 corpus
1152 4667 1268 4723 subdere
1289 4685 1369 4739 qnam
1385 4689 1401 4727 a
1420 4672 1534 4731 doeetrdi
1554 4675 1642 4733 allicio
1655 4691 1764 4735 cessare
1780 4697 1823 4735 ror

200 4750 250 4805 rnis
268 4747 378 4802 bomani
402 4761 507 4818 genens
529 4746 686 4817 parentibus
711 4747 826 4819 mystice
849 4750 984 4818 signatum
1035 4753 1153 4820 luerunt,
1169 4758 1346 4814 ostendebant
1359 4761 1451 4832 utiquo
1463 4775 1592 4834 quantum
1609 4776 1682 4823 esset
1697 4768 1823 4824 salunris

198 4854 251 4909 est,
264 4843 310 4915 qui
325 4842 388 4897 dum
402 4842 520 4911 appetitu
534 4840 653 4895 scientie
670 4841 780 4910 tnajotis
795 4841 906 4895 uetitum
921 4859 985 4897 con·
1035 4857 1116 4911 qtram
1139 4854 1213 4901 tane
1239 4846 1369 4904 instantia
1396 4852 1537 4910 delensare
1561 4866 1700 4912 curarunt.
1726 4860 1819 4923 Aliten

200 4944 301 5011 tingere
311 4935 527 5009 properabant‚a
543 4944 613 4991 statu
627 4933 799 4991 beatitudinis
815 4934 841 4988 in
855 4949 906 5005 ntra
920 4950 983 4989 (eon-
1036 4936 1160 4989 ltuctrinu
1186 4937 1235 4990 u'ri
1257 4955 1302 5009 per
1325 4942 1476 5011 pasientiarn
1500 4949 1632 5014 noscitur,
1658 4950 1723 5018 quia
1747 4960 1820 5007 tantu

199 5032 246 5087 diti
267 5038 339 5095 sunt,
361 5028 497 5085 deviantes
519 5028 545 5083 in
566 5041 673 5098 poenam
689 5026 804 5083 miseriae
821 5034 848 5081 et
867 5027 984 5081 ruortali-
1036 5024 1150 5093 quisque
1168 5026 1257 5083 minus
1282 5031 1432 5087 ostenditur
1454 5034 1559 5101 ductans,
1585 5047 1686 5106 quanto
1708 5042 1819 5101 cottt’in.

199 5126 261 5181 raris
275 5123 436 5178 inciderant,
1036 5113 1106 5168 citur
1127 5115 1217 5170 narinus
1241 5118 1356 5185 patiens,
1380 5136 1468 5192 neque
1491 5126 1563 5179 eninr
1582 5136 1670 5195 potest
1689 5130 1820 5186 ueraciter

235 5214 352 5270 Stultitia
364 5209 475 5265 luminis
489 5208 636 5279 supplantat
655 5224 757 5279 pressas
773 5207 839 5278 ejus,
855 5216 878 5261 et
892 5215 982 5259 rantra
1036 5203 1106 5257 boun
1120 5204 1240 5259 discendo
1259 5204 1425 5276 impendere,
1449 5209 1471 5266 si
1492 5213 1606 5268 virendo
1627 5216 1713 5271 nescit
1731 5233 1819 5289 equa-

199 5299 545 5368 Deumsenetauimosua.
562 5298 710 5354 Stultorum
728 5299 904 5353 morisestet
922 5312 982 5351 cum
1036 5293 1145 5348 nimiter
1164 5293 1251 5351 aliena
1278 5298 1347 5353 mala
1377 5300 1500 5356 tolerare.
1530 5302 1615 5360 Recte
1639 5316 1730 5362 autem
1754 5309 1817 5364 sub·

199 5391 333 5458 peccando
344 5390 416 5445 riaru
429 5389 552 5445 raritatis
564 5389 711 5454 deserunt,
720 5403 772 5442 non
788 5404 817 5443 se
829 5402 934 5443 errasse
946 5387 984 5441 la·
1035 5384 1109 5439 ditur
1122 5400 1129 5436 :

200 5486 318 5546 teantur,
339 5481 385 5536 sed
401 5481 435 5536 ad
457 5481 561 5552 culpant
580 5480 727 5535 corrditoris
744 5479 786 5534 sui
801 5486 890 5533 reatus
903 5478 983 5548 origi·
1069 5471 1105 5526 Et
1124 5472 1208 5541 pluria
1231 5475 1286 5543 ejtts
1306 5488 1342 5530 est
1356 5477 1444 5548 iniqua
1465 5485 1642 5552 pretergredi.
1656 5484 1724 5553 Quia
1739 5487 1802 5541 uirui

199 5582 259 5622 uem
274 5568 403 5636 reserant,
422 5571 499 5640 quasi
525 5572 583 5641 ipse
606 5572 774 5626 occasionem
791 5568 919 5639 peccandi
936 5569 984 5620 tri·
1035 5579 1095 5617 rum
1109 5563 1239 5633 perfectio
1251 5568 1368 5623 doctoris
1380 5579 1420 5625 cst
1438 5572 1478 5626 sic
1493 5572 1607 5630 alioruin
1620 5577 1816 5648 ituprotritatern

199 5655 299 5724 buerit,
321 5657 368 5729 qui
389 5659 431 5713 rel
455 5659 574 5730 tragilem
600 5660 692 5717 iecerit
720 5661 867 5722 hominem,
888 5657 929 5712 rel
949 5657 982 5710 ad
1035 5657 1169 5724 patienter
1182 5658 1303 5723 sullume,
1317 5670 1347 5715 ut
1362 5676 1437 5716 suam
1456 5675 1562 5731 quoque
1579 5663 1753 5736 fragilitatem
1772 5686 1817 5723 ru.-
