4042 6200
123 296 174 352 {25
435 287 466 343 B.
487 281 612 341 nabab!
631 280 740 337 bitllJlll
760 277 918 334 attentae.
939 274 1093 332 trudunt.
1114 272 1256 332 OPEllUii
1273 269 1362 327 Pons
1379 270 1411 325 ll.
1696 271 1746 325 {22

120 413 205 482 Dilipe
218 408 358 464 boariorum
381 404 462 459 Deum
485 413 558 455 tuum
571 400 660 471 (Dent.
670 398 723 468 vr);
736 406 782 451 et:
798 393 907 447 lloooro
921 390 945 448 A
960 387 1059 442 bebant
1076 386 1190 457 antiqui,
1210 386 1280 441 sieut
1292 394 1386 440 aratur
1405 394 1486 439 terra.
1501 380 1525 438 Α
1540 383 1653 438 birristra
1674 386 1746 439 enim

119 505 459 577 petrrmtuumetmntrem
476 490 660 563 tuomiEcod.
684 488 747 558 xxi:
768 485 832 556 quid
855 499 908 538 non
959 480 993 535 ad
1019 480 1157 534 dexteram
1177 478 1295 548 primum
1321 475 1489 532 deducebant
1514 475 1622 547 stylum,
1648 476 1746 533 deinde

119 587 284 652 iaciendum,
296 594 344 641 ut:
358 583 419 638 Non
442 579 626 642 mechaberis,-
650 592 703 630 uon
713 574 813 644 turtum
827 571 908 642 tocies
959 567 1185 625 convertebantur
1202 567 1236 621 ab
1255 565 1384 630 inferiori,
1404 572 1432 621 et
1450 580 1543 621 rursus
1559 566 1593 620 ad
1607 566 1746 622 dexteram

120 679 225 756 (loidi.
240 678 372 735 Similiter
384 683 413 731 et
434 672 573 747 gentilium
598 674 730 740 precepta
750 664 794 721 rel
814 662 910 733 iubent
958 676 1063 726 versus,
1074 675 1142 730 quos
1156 659 1290 728 hodieque
1304 658 1397 713 rustici
1412 666 1509 713 rocam
1520 672 1625 713 versus.
1639 655 1746 714 Sebeda

121 771 164 828 rel
174 776 265 825 retunt
279 786 286 821 ε
298 765 395 834 iubent
411 760 575 824 iaciendum,
589 765 642 812 ut:
663 755 759 810 Nudus
771 769 843 818 oros,
854 768 910 807 sere
958 759 1018 815 est,
1033 750 1104 820 quod
1115 749 1204 804 adhuc
1219 750 1388 813 emendatur,
1401 758 1429 804 et
1445 750 1558 805 necdum
1571 749 1598 805 in
1611 748 1688 805 libris
1702 766 1743 806 re-

121 863 207 918 oudur
219 877 228 915 :
240 867 342 923 retunt,
353 863 393 920 at,
405 854 476 909 llere
486 853 554 905 iuter
567 850 630 904 sitos
641 846 752 901 corilum
765 860 830 909 sere,
844 857 906 897 neus
958 841 1066 896 ductum
1085 849 1127 895 εει
1141 853 1149 892 :
1162 847 1190 894 et
1203 846 1245 894 εει
1263 854 1360 894 nomeu
1377 836 1501 894 Graeeum
1521 839 1592 895 sicut
1604 847 1632 896 et
1647 847 1744 895 murus.

121 949 225 1024 {lnqello
249 948 358 1006 Summo
371 952 437 1017 pete.
459 942 566 998 Primus
586 948 676 995 aarum
698 936 769 1007 apud
781 934 909 990 llebraos
1257 948 1372 1006 CAPUT
1386 949 1431 1005 qq·

121 1047 253 1112 praecepta
279 1037 385 1109 Moyses
408 1033 540 1104 scripsit:
563 1029 634 1102 apud
654 1029 764 1083 Latinos
792 1025 909 1080 llarcins
1139 1017 1330 1074 Decouorribus
1344 1018 1556 1091 Emuqelr'orurrt.

121 1141 195 1189 vates
216 1131 319 1202 primm
344 1135 477 1199 praccepta
502 1121 662 1192 composuit,
692 1133 726 1172 ex
749 1117 847 1187 quibus
866 1121 909 1170 est
992 1108 1118 1167 canones
1132 1111 1338 1184 Evangelionrm
1351 1111 1624 1187 llmmoniusprimns
1637 1119 1745 1190 excogi-

121 1223 204 1279 illud:
220 1218 371 1274 Postremus
392 1216 478 1277 dicus,
493 1214 592 1284 purius
617 1219 701 1265 tactos
715 1206 813 1282 [apori.
825 1206 908 1261 Para·
959 1201 1026 1256 tatii
1037 1200 1223 1269 Alexandriae,
1238 1219 1306 1275 quos
1320 1213 1412 1273 postea
1424 1204 1555 1262 Eusebius
1568 1207 1744 1265 Caesariensis

120 1314 181 1371 bola
197 1321 226 1368 ει
234 1310 401 1382 problemata
413 1304 566 1361 nominibus
576 1301 632 1358 suls
646 1300 775 1365 indicant,
788 1298 909 1353 altiusse
957 1298 1066 1347 Secum
1083 1291 1189 1362 Plinius
1207 1294 1366 1363 C⁰fflll⁰⁵l¹ib
1389 1291 1438 1361 Qui
1461 1295 1522 1350 illel>
1542 1295 1605 1351 ¹³⁰2!
1625 1308 1698 1361 ³⁰⁰¹·
1714 1307 1744 1351 ¹¹¹

120 1401 287 1474 persemtari
301 1406 437 1469 oportere.
461 1393 593 1450 Parabola
612 1391 711 1462 quippe
728 1387 841 1457 alicuius
868 1387 908 1443 rei
956 1395 1007 1452 per
1019 1395 1067 1436 ⁰⁰⁸
1088 1381 1208 1437 invenire
1222 1391 1250 1438 θῑ
1262 1383 1333 1439 5οῙῐο
1348 1384 1501 1454 mimus·
1517 1387 1562 1455 (1¹¹i
1579 1387 1744 1459 sflfllmlum

119 1491 321 1547 ,qnqqqudpnem
333 1503 383 1560 per
395 1484 472 1560 [pm]
484 1500 513 1540 se
524 1483 603 1556 perit.
616 1482 691 1550 Quod
704 1480 767 1535 licet
780 1480 816 1535 sit
826 1492 908 1534 roeo·
958 1471 1188 1543 Euangelrstamm
1210 1474 1308 1529 similia
1328 1483 1376 1530 aut
1394 1476 1502 1547 propria
1523 1479 1650 1535 dixerint.
1675 1479 1745 1536 Sunt

119 1579 211 1635 bulum
224 1575 421 1645 Gracum,1am
437 1582 526 1629 tamen
539 1587 586 1644 pro
597 1571 694 1626 Latino
704 1575 851 1638 usurpatur
862 1583 869 1619 :
881 1572 910 1621 ct
957 1570 1048 1618 arrum
1065 1577 1177 1618 numero
1189 1563 1298 1633 decem,
1314 1581 1427 1637 quorum
1441 1569 1546 1638 primus
1560 1571 1680 1628 continet
1691 1589 1743 1628 na·

120 1679 213 1724 notum
227 1676 279 1734 εει,
292 1666 364 1738 quod
377 1666 403 1720 in
416 1661 563 1735 parabolis,
589 1674 651 1731 quse
673 1658 800 1713 dicuntur
814 1670 906 1711 rerum
956 1666 1057 1717 meros,
1066 1652 1422 1724 inquibusquatuoreadem
1433 1658 1561 1714 dixerunt
1572 1674 1580 1714 ε
1591 1660 1745 1728 usturam,

120 1757 319 1822 siniitiruitines,
337 1755 427 1819 mbos,
443 1754 476 1809 de
500 1752 599 1822 quibus
615 1750 713 1821 agitur,
737 1755 905 1817 comparant.
922 1722 1075 1823 Bllarcus,
1088 1742 1185 1809 Lucas,
1205 1743 1332 1802 loannes.
1346 1746 1496 1817 Secundus,
1518 1751 1656 1823 inquibus
1673 1762 1745 1811 tres:

119 1847 289 1904 propleuma
301 1856 402 1911 numm,
416 1859 477 1915 qum
490 1842 585 1897 Latine
611 1837 779 1910 appellantur
792 1834 910 1908 proposi·
960 1834 1110 1903 llattltaeus,
1130 1835 1247 1904 barrus,
1267 1837 1365 1895 Lucas.
1384 1840 1503 1908 Tertius,
1518 1843 1545 1899 in
1556 1846 1721 1915 quibustres
1736 1868 1745 1903 ι

121 1938 388 2008 ιίοηεε,ῳεεεειὶοεεε
397 1942 468 1997 sunt,
480 1933 611 1989 babentes
620 1926 808 1999 aliquid,quod
818 1925 910 1997 dispo·
960 1926 1110 1993 llattbaens,
1124 1927 1221 1992 Lucas,
1234 1928 1361 1987 ioannes.
1375 1932 1504 2001 Quartus,
1518 1935 1544 1991 in
1560 1938 1658 2009 quibus
1671 1947 1744 1994 tres:

122 2030 222 2085 tatione
234 2026 390 2083 soluendum
401 2026 446 2081 sit.
460 2023 579 2092 Quaestio
592 2029 681 2076 antem
696 2028 749 2085 εει,
764 2034 826 2074 cum
836 2034 910 2090 qua·
960 2013 1109 2083 multans,
1123 2017 1237 2079 llarcus.
1252 2016 1379 2077 loannes.
1392 2021 1508 2090 Quintus
1522 2025 1549 2081 in
1560 2027 1658 2097 quibus
1669 2029 1746 2085 duo:

119 2118 243 2184 ritnr,an
260 2115 324 2186 quid
336 2116 381 2181 sit,
396 2122 443 2168 ant
456 2112 536 2182 quale
553 2111 597 2167 sit.
613 2109 806 2180 itrqnmentnm
818 2116 908 2162 autern
959 2110 1109 2177 llattbaeus,
1128 2111 1224 2168 Lucas.
1244 2112 1379 2171 Sertnsin
1389 2117 1487 2186 quilius
1498 2120 1572 2175 duo:
1592 2120 1745 2192 blaubws,

120 2210 233 2272 diruam,
249 2206 327 2277 quasi
343 2210 479 2277 argutum,
495 2202 539 2258 rel
554 2201 625 2272 qtrod
639 2200 675 2256 sit
697 2206 792 2270 argute
813 2197 908 2252 inven-
959 2200 1076 2258 Marcus.
1095 2201 1243 2273 Septimus,
1258 2203 1285 2260 in
1300 2206 1398 2277 quibus
1410 2208 1462 2263 duo
1479 2227 1485 2264 :
1501 2209 1652 2278 liattbaeus,
1664 2211 1745 2270 loaa·

121 2309 176 2356 tum
191 2298 224 2354 ad
235 2295 447 2369 comprobandas
460 2308 514 2349 res.
535 2291 683 2363 Epistulam
699 2288 809 2361 proprie
822 2287 908 2344 Graeci
958 2297 1017 2348 nes.
1033 2293 1161 2359 Octavus,
1173 2292 1198 2348 in
1209 2295 1307 2365 quibus
1317 2296 1370 2352 duo
1383 2315 1389 2351 :
1404 2297 1500 2365 Lucas,
1514 2299 1628 2357 llareus.
1641 2302 1744 2371 Nonus,

120 2397 228 2454 vocant,
243 2401 304 2458 quac
317 2387 510 2455 interpretatur
522 2382 629 2445 Latine,
640 2380 733 2435 missa.
748 2376 824 2449 Styla
835 2377 908 2433 enim
960 2384 985 2438 in
999 2385 1097 2455 quibus
1110 2385 1163 2441 duo
1180 2404 1186 2440 :
1201 2385 1300 2452 Lucas,
1312 2387 1439 2444 loannes.
1458 2390 1594 2459 Decimus,
1611 2394 1747 2466 inquibus

120 2495 167 2535 seu
188 2478 262 2548 styli,
282 2476 362 2531 naisso
385 2472 428 2528 rel
439 2470 517 2528 missi
528 2478 590 2524 ante
600 2468 817 2523 membranarum
829 2480 908 2521 usum
959 2475 1055 2545 sirrguli
1073 2492 1167 2533 eornm
1186 2477 1308 2548 quaedam
1331 2480 1440 2551 propria
1463 2481 1598 2538 dixemut
1625 2484 1745 2553 Quorum

123 2570 150 2624 in
174 2567 305 2624 dedolatis
328 2564 425 2637 ligneis
446 2561 583 2619 codicellis
596 2558 771 2631 epistolarum
793 2556 909 2627 alloquia
958 2565 1163 2635 expositioque
1185 2575 1237 2623 est.
1261 2567 1314 2623 Per
1336 2569 1457 2641 sinqulos
1474 2571 1547 2626 enim
1561 2573 1746 2647 Erarrpelistas

121 2660 308 2715 scribebantur
324 2675 330 2712 :
346 2656 417 2712 unde
429 2653 573 2725 portitores
584 2665 678 2707 earum
696 2648 909 2705 tabellariosro-
959 2671 1087 2714 numerus
1111 2658 1221 2730 quirlam
1243 2659 1369 2731 capitulis
1388 2660 1482 2718 allisus
1502 2661 1607 2731 adiacet
1627 2667 1747 2737 :qrrilrns

120 2760 260 2811 caverunt.
271 2749 361 2806 Codex
373 2748 518 2803 multorum
533 2744 664 2800 libromm
681 2752 732 2810 εει,
747 2742 909 2799 liberonius
958 2749 1080 2804 numeris
1101 2749 1222 2820 subiecta
1242 2758 1284 2805 εει
1305 2765 1369 2806 area
1388 2752 1510 2823 quaedam
1532 2754 1615 2809 minio
1640 2764 1747 2827 notata,

120 2841 272 2905 voluminis,
288 2851 317 2896 ct
335 2840 423 2895 dietus
446 2838 530 2894 codex
551 2850 600 2906 per
624 2834 853 2891 translationcma
867 2848 909 2889 co
958 2854 1018 2909 quae
1037 2838 1148 2905 indicat,
1163 2839 1190 2893 in
1202 2848 1285 2910 quoto
1305 2855 1408 2897 canone
1424 2841 1531 2913 positus
1547 2844 1584 2898 sit
1603 2860 1742 2909 numerus,

121 2935 227 2991 dicibus
237 2934 363 2990 arborum
376 2947 423 2988 seu
435 2931 539 2994 riuum,
555 2928 633 2998 quasi
653 2927 769 2991 caudex,
784 2927 856 2997 quod
873 2941 907 2980 ex
958 2930 1000 2985 cui
1014 2929 1132 2999 subiecta
1146 2939 1188 2987 est
1199 2947 1271 2987 area.
1284 2930 1366 2989 Verbi
1378 2934 1464 3004 gratia
1473 2952 1479 2989 :
1489 2934 1510 2989 si
1521 2942 1634 2991 estarea
1645 2937 1743 3007 prima,

121 3038 152 3079 se
174 3023 370 3079 multitudinem
384 3021 525 3084 librorum,
538 3018 616 3088 quasi
639 3016 833 3080 Romanorum,
846 3029 909 3070 eoa·
958 3021 985 3075 io
997 3021 1086 3091 primo
1102 3036 1227 3077 canone:
1244 3022 1266 3079 si
1279 3022 1407 3091 secunda,
1419 3025 1446 3079 in
1462 3026 1580 3081 secundo
1595 3044 1602 3080 ε
1617 3027 1640 3082 εἰ
1652 3028 1742 3092 tertia,

121 3117 217 3173 tinent.
241 3105 370 3172 volumen
395 3115 463 3170 liber
483 3119 524 3167 est
538 3126 553 3165 a
568 3110 701 3166 volvendo
715 3110 812 3173 dietus,
837 3079 943 3165 sicutC
960 3111 987 3166 in
1002 3114 1092 3168 tertio.
1104 3113 1138 3168 Et
1150 3115 1191 3169 sic
1200 3129 1249 3184 per
1262 3115 1384 3172 ordinem
1399 3131 1484 3186 usque
1495 3118 1529 3172 ad
1539 3117 1672 3176 decimum
1684 3135 1746 3190 per·

121 3207 192 3279 apud
213 3206 338 3262 llebraeos
361 3203 496 3259 volumina
510 3201 586 3274 legis,
605 3200 740 3255 volumina
761 3199 909 3269 l‘roplreta-
959 3202 1063 3258 renies.
1075 3201 1105 3259 Si
1122 3202 1205 3273 igitur
1217 3211 1310 3274 aperto
1323 3204 1442 3275 quolibet
1453 3206 1597 3279 Evangelio
1612 3208 1746 3279 placuerit

123 3291 200 3355 rum.
218 3295 299 3351 Liber
325 3302 367 3351 est
389 3293 502 3349 interior
518 3291 608 3356 tunica
623 3289 741 3351 corticis,
757 3303 818 3358 quae
838 3288 910 3358 ligno
959 3291 1041 3356 scire,
1055 3292 1100 3362 qui
1118 3291 1282 3362 reliquorum
1304 3293 1536 3365 Evangelistarum
1554 3297 1652 3372 similia
1669 3299 1744 3355 dixe·

122 3388 250 3450 cohaeret,
260 3382 548 3456 rleqroirgiliussic:
562 3380 622 3434 dito
630 3377 780 3433 liberlrrrrrt
792 3379 818 3432 io
827 3375 908 3432 ulmo.
960 3379 1033 3434 rint:
1045 3395 1167 3435 assumes
1176 3378 1343 3447 adjacentem
1355 3397 1496 3436 numerum
1504 3383 1625 3453 capituli,
1638 3393 1665 3439 et
1675 3401 1745 3455 quar·

125 3479 199 3537 [lude
210 3487 237 3534 et
250 3475 436 3539 libcrdicitur,
458 3475 484 3529 in
511 3487 565 3544 qno
589 3472 753 3527 scribimus:
770 3469 832 3539 qnia
846 3477 909 3525 ante
960 3480 1004 3520 res
1020 3467 1106 3536 ipsum
1120 3482 1262 3524 numerum
1283 3469 1309 3523 in
1325 3485 1374 3525 suo
1395 3486 1512 3535 canone,
1530 3488 1610 3541 quern
1631 3473 1743 3541 indicat,

122 3584 201 3624 usum
212 3568 312 3623 charta
325 3565 366 3621 rel
376 3561 632 3620 membranammde
644 3559 719 3613 libris
731 3558 857 3612 arborum
867 3573 911 3612 ro
959 3554 1052 3626 ibique
1066 3556 1197 3622 iuvenies,
1208 3558 1253 3626 qni
1265 3566 1294 3613 ει
1306 3559 1370 3629 quid
1381 3560 1508 3616 dixerunt
1524 3579 1531 3616 z
1546 3562 1621 3617 etita
1634 3562 1743 3619 demum

121 3659 223 3715 lurrtina
238 3657 338 3713 fiebant
351 3663 378 3710 et
390 3652 658 3724 compaginabuntur.
669 3649 744 3705 llnde
758 3657 785 3704 et
809 3648 910 3719 cripto-
959 3645 987 3699 in
1002 3661 1116 3716 corpore
1129 3648 1256 3718 inquisita
1278 3648 1351 3716 loca,
1366 3665 1426 3721 quae
1438 3666 1471 3707 ex
1488 3653 1554 3722 ipsis
1569 3654 1689 3710 numeris
1703 3655 1744 3710 di·

123 3767 168 3806 res
182 3766 197 3805 a
215 3750 293 3804 libris
306 3748 432 3803 arborum
447 3745 573 3800 librarios
591 3749 766 3798 vocaverunt.
794 3740 910 3796 librarii
959 3744 1065 3801 contin,
1080 3751 1128 3806 per
1139 3737 1243 3810 singula
1256 3738 1401 3811 Evangelia
1414 3742 1448 3798 tle
1462 3742 1565 3799 eisdem
1581 3745 1681 3802 dixisse
1698 3745 1741 3801 in·

122 3851 202 3897 anteo
225 3838 378 3911 bibliopolae
390 3837 464 3892 dieti.
484 3835 594 3892 Librum
612 3833 683 3889 enirn
703 3832 789 3888 Graeci
809 3832 910 3887 biblum
958 3829 1061 3884 uenies.

122 3940 228 3987 uocant.
243 3930 358 3986 Librarii
373 3939 472 3993 arumna,
491 3926 517 3983 id
532 3933 583 3991 est,
599 3925 745 3994 antiquarii
758 3933 907 3979 uocantur:
1241 3920 1355 3978 CAPUT
1368 3923 1421 3980 Vll·

123 4024 169 4079 sed
185 4021 289 4079 librarii
313 4031 384 4087 sunt,
403 4020 448 4092 qrd
469 4028 497 4075 ει
512 4034 581 4075 nura
601 4015 723 4073 scribunt
743 4024 771 4070 et
787 4023 877 4070 uetera
900 4031 908 4070 a
1158 4008 1194 4063 De
1207 4013 1349 4067 tenoribus
1364 4015 1545 4074 conciliorum.

123 4111 278 4182 antiquarii,
294 4111 339 4182 qui
357 4110 541 4166 tantummodo
557 4116 649 4163 uetera
664 4125 671 4160 ε
688 4107 757 4162 unde
771 4116 798 4161 ει
812 4122 909 4162 nomen
992 4097 1085 4153 Canon
1103 4109 1193 4155 autern
1209 4100 1312 4167 Graece,
1336 4102 1431 4161 Latine
1452 4109 1542 4178 reputa
1563 4120 1741 4183 nuncupator.

123 4211 304 4274 sumpserunt.
320 4200 485 4256 ascribendo
502 4207 590 4254 autern
610 4197 698 4262 scriba
718 4212 816 4252 nomen
830 4211 908 4251 acce·
960 4193 1060 4264 llrgrrla
1072 4204 1161 4249 autem
1175 4194 1256 4259 dicta,
1271 4198 1341 4266 quod
1358 4207 1431 4254 recte
1441 4200 1522 4264 ducit,
1538 4218 1587 4258 nec
1599 4203 1744 4274 aliqnando

122 4293 178 4363 pit,
197 4288 312 4346 odicium
328 4289 482 4358 exprimens
502 4287 623 4342 vocabuli
644 4286 783 4355 qualitate.
804 4284 907 4339 lustru·
959 4284 1086 4340 aliorsum
1107 4286 1199 4343 trabit.
1216 4286 1415 4354 Aliidirerunt,
1437 4291 1555 4362 regulam
1576 4294 1685 4359 dictant,
1701 4297 1744 4353 rel

123 4391 212 4438 naenia
226 4380 320 4438 scribat
332 4380 450 4435 calamus
463 4387 492 4435 et
504 4394 591 4449 penna
608 4396 615 4431 ε
633 4394 666 4433 ex
683 4378 726 4432 lris
740 4377 811 4432 enim
827 4378 907 4431 verba
960 4375 1031 4444 rptod
1047 4385 1131 4446 regat,
1143 4376 1185 4431 rel
1195 4378 1266 4448 quod
1277 4394 1398 4433 normam
1412 4388 1484 4435 reete
1497 4382 1602 4437 vivendi
1614 4384 1743 4454 praebeat,

123 4473 228 4544 paginis
242 4471 389 4541 inligantur
402 4486 409 4523 ε
420 4470 466 4524 sed
484 4468 604 4524 carlamus
619 4467 724 4522 arboris
739 4476 780 4522 cst
797 4486 804 4521 ι
820 4483 906 4537 penna
959 4464 1000 4518 rel
1014 4464 1084 4532 quod
1099 4466 1254 4530 distortum,
1268 4481 1435 4538 pravumque
1445 4468 1508 4538 quid
1519 4471 1644 4541 corrigat.
1658 4473 1745 4528 Cano-

124 4564 193 4630 aris,
205 4560 282 4631 cujus
297 4575 426 4617 mennten
439 4560 465 4614 in
477 4559 678 4624 duodividitur,
694 4560 721 4613 in
732 4567 907 4628 totocorpore
960 4570 1008 4610 nes
1035 4564 1126 4610 autem
1148 4557 1312 4626 generalium
1338 4559 1514 4616 conciliorum
1540 4577 1555 4616 a
1579 4564 1744 4634 temporibus

124 4656 228 4712 rrnitate
242 4660 347 4708 serrata
358 4652 449 4716 credo,
462 4659 570 4720 propter
583 4651 749 4720 mysterium,
762 4658 792 4704 ut
804 4650 830 4703 in
843 4650 908 4704 duo·
960 4644 1128 4700 Constantini
1142 4655 1289 4715 ceperunt.
1306 4647 1334 4703 ln
1346 4650 1556 4719 procedentibus
1567 4669 1682 4726 namque
1695 4671 1744 4710 an·

124 4749 176 4805 hus
188 4746 307 4818 apicibus
320 4743 401 4798 llettrs
415 4751 442 4797 et
456 4741 559 4796 Nurum
572 4740 773 4796 Testamentum
791 4741 909 4811 signare
961 4736 1015 4800 nis,
1028 4737 1213 4805 perseeutione
1224 4736 1355 4804 terrente,
1369 4741 1549 4797 docendarum
1563 4744 1681 4814 plebium
1692 4748 1744 4802 mi-

125 4850 169 4895 tur
183 4858 189 4893 :
203 4838 300 4908 quibus
310 4835 467 4906 exprimitur
475 4832 548 4888 rerbi
563 4832 767 4887 Sacramentum
780 4831 909 4901 sanguine
960 4827 1035 4881 nime
1045 4827 1160 4881 dabatur
1174 4825 1296 4883 lacultas.
1311 4826 1375 4883 lnde
1385 4828 1574 4887 Christianus
1585 4833 1610 4887 in
1624 4834 1746 4894 diversas

124 4929 258 5000 passionis
276 4925 399 4982 eilusunr.
417 4924 510 4979 Dictus
530 4929 619 4978 autern
640 4920 772 4987 calamus,
792 4921 864 4992 quod
878 4923 906 4975 li·
958 4917 1075 4971 lroereses
1087 4918 1171 4972 scissa
1186 4924 1227 4972 est
1245 4934 1252 4971 ε
1269 4918 1331 4989 qnia
1346 4934 1400 4974 non
1414 4930 1474 4976 erat
1485 4923 1595 4978 lieentia
1609 4926 1745 4998 episcopis

125 5033 237 5088 ,quorem
250 5024 341 5085 ponat.
360 5014 437 5069 Unde
451 5023 479 5069 et
495 5013 564 5084 apud
580 5021 677 5067 nantas
695 5012 793 5077 colors,
810 5026 910 5081 ponere
959 5003 1077 5058 inunum
1091 5005 1300 5069 convenire‚nisi
1311 5014 1431 5077 tempore
1444 5010 1562 5079 predicti
1574 5014 1745 5084 imperatoris

125 5111 233 5166 (licitur.
249 5107 339 5163 Penrra
352 5115 440 5161 autem
460 5105 629 5175 apendendo
644 5112 754 5168 vocata,
770 5103 796 5159 id
810 5112 853 5158 est
863 5118 910 5156 ro-
960 5109 1041 5163 supra
1056 5094 1129 5148 dicti.
1144 5092 1202 5162 lpse
1213 5095 1283 5148 eninr
1293 5096 1366 5150 dedit
1375 5096 1530 5155 laeultatcrn
1541 5100 1702 5160 Christianis
1712 5106 1746 5160 li·

126 5202 214 5256 ranno.
235 5200 367 5256 rosteram
390 5197 430 5270 (ει
446 5196 573 5267 uterinus)
598 5197 697 5250 artum.
722 5193 797 5251 eoru
818 5204 909 5250 aurem
959 5182 1746 5261 mesomelasttuoeeuamancrrparrosrnconurro

126 5289 254 5345 librorum
269 5286 411 5359 appellata,
425 5285 481 5341 sire
491 5300 524 5340 ex
536 5283 709 5340 similitudine
724 5282 848 5338 loliorum
862 5300 908 5338 ar·
960 5274 1069 5331 Nicaetw
1076 5276 1109 5331 de
1118 5279 1191 5332 omni
1202 5276 1269 5332 urbe
1277 5282 1619 5347 ltflafflffl⁰⁰¹¹lessiss¹¹less
1627 5281 1705 5351 1¹¹¹ss
1713 5285 1744 5339 fi·

125 5380 232 5441 borum,
248 5391 294 5431 seu
309 5378 372 5446 qnia
382 5391 416 5431 ex
430 5374 536 5429 follibus
552 5373 627 5438 tirum,
644 5372 722 5426 idest
735 5385 768 5426 ex
782 5371 907 5442 pellibus,
961 5367 1021 5423 dem
1030 5366 1218 5436 Erranqelieam
1229 5366 1600 5439 et.lpostolicamsymirolum
1614 5381 1745 5442 postape-

125 5482 172 5535 qur
186 5464 219 5519 de
229 5464 325 5519 occisis
333 5463 589 5533 pecudibusdetralri
600 5462 687 5516 solent
702 5478 709 5512 ε
728 5458 805 5528 cujus
819 5468 909 5529 partes
960 5455 1502 5513 stolastradideruntlntercuteraautern
1511 5460 1743 5529 conciliaqnatuor

127 5560 229 5632 popinae
242 5559 368 5614 dicuntur
378 5597 385 5622 ,
397 5572 430 5612 oo
442 5557 512 5626 quod
527 5556 577 5611 sibi
590 5556 703 5610 invicem
718 5553 908 5624 compaginan—
961 5560 1025 5607 sunt
1039 5549 1206 5605 venerabiles
1219 5549 1324 5620 synodi,
1338 5564 1397 5618 qum
1413 5557 1496 5602 totam
1511 5550 1695 5621 principaliter
1715 5553 1741 5606 ti·

128 5660 182 5705 tur.
198 5648 298 5706 Versus
316 5656 406 5703 autern
425 5646 487 5702 iude
504 5645 583 5716 rrrlgo
599 5645 696 5708 vorati,
714 5644 776 5715 quia
790 5644 830 5698 sie
841 5645 907 5699 seri·
962 5642 1022 5698 dem
1035 5639 1259 5710 conspisciuntur,
1268 5638 1344 5706 qnasi
1356 5646 1470 5708 quatuor
1483 5643 1619 5711 euangelia
1630 5641 1670 5696 ret
1683 5642 1739 5696 toti·
