4042 6200
99 324 168 384 ΗΒ)
540 322 723 382 expositio
741 324 855 382 sunsit
873 323 1057 383 titubabant.
1075 358 1110 368 -
1129 326 1193 384 ΗΒ.
1214 327 1285 384 ΧΠ.
1671 333 1742 392 1²42

97 437 173 492 sicut
188 437 216 491 iu
227 433 373 505 Evangelio
389 434 511 493 dicitur:
525 455 534 488 ι
548 434 600 505 Qui
612 435 701 492 credit
713 435 742 492 in
756 451 812 503 rus,
825 436 897 492 sicut
910 433 934 498 Α
948 437 1019 495 alius
1030 439 1163 511 propbeta
1180 441 1214 497 ad
1230 442 1318 511 ipsum
1331 440 1540 513 Redemptorem
1561 442 1680 515 loquitur
1698 447 1742 506 di·

97 530 168 584 dicit
191 527 341 599 Scriptura,
365 526 477 583 [lumina
498 529 532 585 de
545 538 639 586 uentre
652 528 710 599 eius
721 529 805 586 duent
820 545 898 601 aquae
949 543 1030 584 cens:
1045 530 1108 584 riu
1121 538 1211 585 autem
1222 529 1250 585 in
1260 532 1391 602 sanguine
1406 532 1559 588 testamenti
1574 533 1611 588 tui
1625 535 1742 596 eduxisti

99 621 171 677 vivae
181 619 274 692 (donn.
288 617 349 689 ιιι).
365 637 376 673 ι
390 618 442 675 Ubi
456 618 622 691 evangelista
637 628 747 676 secutus
758 620 895 693 adjunxit:
948 618 1054 674 uinctos
1068 626 1129 674 tuos
1141 619 1175 674 dc
1188 617 1259 684 lacu,
1272 619 1300 674 iu
1310 634 1364 690 quo
1375 635 1428 675 nun
1440 630 1484 677 est
1496 636 1566 693 aqna
1579 618 1672 694 (laed.
1687 625 1740 694 ι).ι

102 730 114 765 ι
134 711 293 767 liocautem
305 709 375 766 utria
387 709 422 766 de
441 710 550 781 spiritu,
563 726 644 782 quern
661 713 798 783 accepturi
818 723 898 769 erant
948 706 1084 763 luvocavit
1099 721 1164 780 ergo
1181 707 1345 779 Redemptor
1365 719 1459 766 noster
1473 728 1571 768 nomen
1586 712 1693 770 Domini
1709 716 1742 772 de

98 802 244 859 credentes
274 800 301 856 tn
326 815 400 857 eum.
425 820 435 854 ι
467 800 586 858 Rursum
609 818 659 874 per
679 818 790 884 ‘aquam
818 819 897 861 sacra
947 798 1008 855 hou
1027 798 1187 864 novissimo,
1202 814 1265 855 eum
1280 799 1308 854 in
1322 800 1423 856 virtute
1440 801 1590 859 divinitatis
1603 804 1741 861 descendit

98 886 216 947 scientis
228 890 396 962 designatur,
417 890 489 947 sieut
501 891 601 948 dieitur
613 910 620 946 ι
634 912 645 946 ι
659 894 737 964 liqna
758 893 898 964 sapientiae
947 891 982 945 ad
995 888 1109 955 inferos,
1124 898 1153 945 et
1168 889 1314 947 destruetis
1328 889 1454 947 claustris
1469 893 1578 960 tartari,
1593 910 1658 952 suos
1672 911 1741 964 quus

98 981 229 1037 salutaris
239 980 344 1052 potavit
356 994 404 1036 eos
419 978 505 1052 (Eccl.
516 981 574 1053 ιι).
589 1001 599 1034 ι
615 982 668 1038 Per
678 998 777 1055 aquam
790 998 899 1054 quoque
948 980 985 1038 ibt
1000 982 1101 1053 reperit
1112 994 1212 1038 eruens
1226 983 1312 1038 vicur
1325 982 1358 1037 ad
1371 998 1485 1054 superus
1505 987 1638 1042 ascendit.
1664 983 1741 1060 (Cus-

99 1088 185 1145 praun
208 1072 324 1128 scientia
348 1071 478 1144 appellari
499 1073 580 1139 solet,
600 1074 671 1130 sicot
688 1075 759 1145 apud
771 1073 897 1132 Salomo-
946 1072 1251 1146 aiod.)1niernumrcro
1265 1090 1319 1132 non
1331 1075 1553 1134 irrationabiliter
1569 1077 1741 1135 forsitan-ar-

101 1178 165 1219 nem
187 1162 285 1219 mulier
310 1176 371 1232 quae
397 1170 491 1234 typum
511 1163 648 1221 haereseos
679 1172 769 1232 tenet,
792 1166 899 1223 callidis
946 1165 1219 1222 ultramuressesub
1239 1166 1330 1234 terris,
1347 1181 1410 1223 cum
1424 1166 1555 1223 ichteri
1568 1168 1741 1226 Testamenta

100 1254 277 1311 suasionibus
290 1253 440 1315 blanditur,
455 1253 567 1311 dicens:
584 1270 596 1299 ι
610 1253 696 1326 Aquae
709 1254 819 1312 turum
838 1253 898 1311 dul·
947 1252 981 1310 de
995 1254 1102 1310 Datbau
1117 1262 1144 1311 et
1155 1254 1258 1311 abiron
1273 1254 1371 1328 legitur
1395 1255 1490 1328 (Num.
1508 1263 1582 1331 xvtl:
1601 1277 1611 1310 ι
1628 1260 1741 1332 Aperuit

98 1345 190 1401 ciorcs
201 1341 367 1415 sunthrou.
379 1340 430 1413 ιι).
446 1361 456 1395 ι
472 1342 612 1413 niquarum
628 1358 694 1415 ergo
706 1344 816 1400 nomine
828 1358 897 1400 non·
946 1362 976 1403 se
996 1355 1081 1413 term,
1094 1356 1123 1403 et
1137 1347 1279 1420 deglutivit
1296 1363 1353 1416 eos,
1367 1358 1395 1405 et
1414 1348 1468 1405 vivi
1486 1347 1686 1406 descenderunt
1706 1352 1742 1408 ad

99 1452 240 1509 nunquam
262 1436 352 1492 solent
375 1433 564 1491 tribulationes
595 1435 727 1508 intelligi,
755 1435 826 1493 sicut
848 1452 897 1508 por
946 1435 1086 1493 interos.»
1110 1436 1165 1494 Sed
1181 1453 1236 1508 quo
1250 1438 1348 1494 itinere
1369 1437 1433 1494 illuc
1453 1437 1551 1495 atrimae
1567 1437 1737 1502 transieran-

99 1529 272 1585 Psabuistam
293 1527 394 1584 dicitur
410 1543 440 1582 cr
460 1524 570 1582 Salvum
593 1541 638 1583 me
651 1525 706 1592 iac,
727 1526 809 1593 lious,
828 1543 897 1598 qna·
947 1535 1001 1594 tur,
1015 1525 1144 1598 quoniam
1165 1526 1192 1582 in
1208 1526 1371 1581 auctoritate
1391 1525 1483 1582 divina
1498 1542 1551 1582 non
1567 1526 1673 1598 legitur,
1689 1528 1741 1583 lm-

100 1618 177 1673 niam
204 1616 375 1673 intraverunt
398 1630 477 1687 aquae
501 1616 643 1686 usquead
667 1617 785 1672 animam
807 1632 896 1672 meam
945 1613 1199 1672 bemusincertum.
1214 1614 1352 1671 Internum
1366 1624 1457 1671 autem
1471 1615 1570 1672 babere
1585 1616 1741 1674 interiorem

99 1709 190 1782 (Paul.
207 1707 315 1781 ιιιιιι).
332 1707 408 1764 »Per
421 1722 521 1779 aquam
533 1706 626 1781 populi
639 1708 826 1780 designantur,
840 1707 896 1764 sic·
947 1715 1063 1778 partem,
1079 1707 1217 1780 Evangelii
1239 1706 1316 1763 locus
1331 1706 1376 1762 ille
1392 1714 1506 1764 testatur
1519 1707 1565 1778 qui
1585 1708 1662 1776 dicit,
1678 1724 1741 1766 cum

98 1809 131 1855 nt
158 1815 207 1870 per
221 1797 353 1857 lmuneu
368 1799 468 1855 dicitur
483 1816 516 1854 :r
536 1799 621 1871 Aqua
638 1814 705 1856 vero
719 1807 784 1857 sunt
801 1799 894 1871 popuii
910 1789 1058 1869 Bimpium
1081 1796 1192 1853 divitem
1215 1795 1299 1852 ultrix
1326 1795 1435 1852 flamma
1459 1803 1614 1866 torqueret,
1638 1796 1741 1854 levasse

99 1892 195 1965 (Apus.
209 1890 286 1965 ιιιι).
304 1911 314 1945 ι
331 1891 385 1948 Per
398 1906 498 1962 aquam
510 1907 618 1964 quoque
632 1903 688 1951 'uon
703 1893 792 1950 solum
804 1892 894 1951 durus
943 1888 1037 1944 oculos
1060 1902 1135 1954 suos,
1160 1895 1189 1944 et
1210 1886 1238 1943 in
1261 1887 1323 1942 sinu
1342 1885 1460 1943 Abrabae
1480 1887 1582 1944 vidisse
1606 1887 1741 1944 Lazarum

98 1983 301 2039 decurrentium
315 1982 485 2053 populorum,
502 1984 646 2040 sedetiam
663 1984 796 2039 bonorum
814 1999 893 2041 meu-
943 1978 1023 2052 (Lae.
1045 1977 1114 2050 ιιι).
1147 1977 1224 2034 Unde
1247 1985 1359 2049 apparet
1386 1986 1515 2048 utrosque
1540 1980 1611 2050 apud
1637 1979 1740 2036 interos

20 2105 21 2112 ι
99 2083 144 2130 tes
158 2073 218 2130 ddei
232 2073 440 2145 praedicamenta
452 2072 623 2143 sequentium
637 2073 825 2146 designantur,
839 2073 894 2129 sio·
943 2068 1038 2132 fuisse,
1056 2076 1088 2124 ut
1105 2082 1134 2124 se
1148 2068 1240 2125 videre
1253 2066 1412 2134 valuissent,
1427 2077 1455 2124 et
1473 2068 1548 2124 illum
1568 2084 1601 2125 er
1617 2068 1739 2126 interiori

99 2171 132 2218 ut
148 2163 278 2234 propbeta
293 2162 351 2217 ait:
368 2181 378 2213 ι
398 2161 474 2217 Beati
487 2161 533 2233 qui
547 2161 690 2218 seminatis
702 2177 785 2234 super
798 2177 894 2219 ornnes
943 2159 1004 2216 loeo
1018 2160 1053 2216 ad
1067 2160 1207 2231 superiora
1220 2161 1312 2216 oculos
1327 2160 1457 2217 elevasse.
1480 2161 1535 2218 Sed
1553 2161 1616 2218 licet
1628 2162 1738 2234 utrique

100 2269 189 2325 aquas
208 2253 276 2328 (lm.
302 2255 430 2325 ιιιιι).ι
457 2254 492 2309 Et
513 2270 562 2324 per
580 2253 752 2310 Psalmistam
775 2254 893 2312 dicitur:
943 2250 1016 2320 apud
1029 2249 1132 2305 inieras
1146 2264 1207 2306 csse
1221 2248 1390 2317 viderentur,
1403 2265 1454 2321 pro
1471 2249 1631 2307 meritorum
1647 2259 1737 2306 tamen

20 2363 21 2374 ι
103 2343 314 2401 «turbamini
334 2359 417 2414 super
440 2360 526 2414 aquas
544 2343 755 2417 (Prodamus).
774 2365 785 2400 ι
809 2348 895 2417 Aqnae
944 2339 1107 2396 discretione
1129 2339 1297 2411 superiorem
1320 2339 1409 2396 locum
1435 2340 1557 2405 sanctis,
1581 2341 1737 2399 interiorem

98 2449 166 2505 ergo
177 2433 545 2505 supercaputdedempturis
556 2434 774 2491 inundaverunt:
787 2436 895 2507 quando
943 2431 1132 2503 peccatoribus
1150 2430 1246 2488 doctor
1256 2430 1425 2503 Augustinus
1444 2432 1563 2488 estimat
1575 2447 1635 2489 esse
1651 2433 1736 2505 depu-

98 2524 224 2580 scditiosi
237 2524 330 2595 populi
343 2522 500 2579 ludaeorum
515 2525 731 2594 persecutionem
756 2534 895 2583 morantes
944 2521 1066 2576 undum.
1081 2519 1149 2575 Nam
1163 2527 1191 2576 et
1201 2520 1297 2576 beatus
1306 2518 1357 2576 Job
1370 2522 1409 2576 ait
1422 2519 1493 2594 (dod.
1506 2521 1590 2595 ιιιι);
1604 2541 1614 2575 ι
1632 2522 1658 2578 lo
1671 2537 1737 2596 pro-

98 2613 235 2669 diviuitati
248 2614 435 2684 Redempturis
447 2614 632 2672 detraxerunt.
645 2613 732 2686 Caput
742 2629 806 2672 vero
815 2614 895 2672 Cirri-
943 2613 1133 2670 tardissimum
1151 2612 1288 2670 internum
1302 2613 1467 2670 descendent
1484 2613 1576 2671 omnia
1592 2629 1661 2680 mea,
1675 2630 1737 2672 cum

98 2706 135 2762 sti
153 2715 196 2762 est
207 2706 289 2772 beas,
311 2714 342 2760 ut
360 2704 506 2775 Apostolus
534 2711 648 2762 testatur
660 2722 667 2759 :
679 2705 729 2762 dui
744 2705 895 2763 invidentes
944 2714 999 2763 stet
1010 2706 1084 2778 quod
1097 2705 1168 2778 apud
1185 2704 1285 2762 interos
1295 2704 1364 2777 justi
1379 2721 1432 2763 non
1448 2706 1475 2762 in
1493 2705 1560 2763 iocis
1574 2706 1736 2779 poenalibus,

20 2829 22 2864 ,
97 2793 329 2853 luvlaeidixeruut
343 2795 378 2852 ad
391 2793 529 2850 Pilatum:
552 2794 636 2852 «Nos
653 2794 739 2865 legem
752 2794 894 2863 babemus,
944 2798 993 2855 sed
1012 2797 1192 2869 insuperiori
1213 2798 1393 2868 quietissimi
1413 2806 1610 2855 tenerentur.»
1634 2798 1737 2874 (Greg.)
1820 2829 1825 2837 ·

98 2898 128 2943 ct
146 2889 294 2944 secundm
313 2887 399 2960 legem
416 2888 497 2944 debet
512 2888 594 2955 mori,
613 2889 676 2960 quia
687 2888 786 2944 Filium
799 2888 849 2945 Dei
865 2903 896 2946 se
945 2886 1041 2959 Magna
1066 2888 1146 2944 nobis
1168 2887 1290 2943 oboritur
1313 2889 1428 2959 quaestio
1446 2889 1574 2961 quidnam
1603 2890 1648 2956 sit,
1662 2892 1736 2963 quod
1798 2887 1799 2891 ’

100 2976 167 3033 iecit
185 2976 276 3051 (donn.
292 2977 360 3049 ιιι).
386 2976 533 3051 [Cassiod]
555 2978 687 3034 Deitatem
707 2994 772 3036 vero
793 2979 895 3037 Christi
944 2980 1041 3036 beatus
1053 2974 1105 3035 lob
1122 2979 1220 3035 asserit
1232 2978 1335 3045 dicens,
1348 2979 1377 3034 ln
1390 2979 1630 3051 profundissimum
1653 2979 1738 3038 inler-

100 3068 294 3141 iiupassibilem
315 3079 412 3127 cuncta
429 3071 529 3127 mentis
541 3071 644 3128 sanitas
655 3070 810 3129 confltetur.
836 3072 891 3130 Sed
945 3085 1010 3127 num
1019 3069 1184 3127 descendent
1193 3069 1283 3125 omnia
1293 3085 1351 3127 mea
1362 3088 1369 3126 :
1381 3070 1444 3141 qnia
1454 3071 1505 3127 etsi
1516 3079 1579 3129 ante
1590 3071 1735 3131 adrentum

98 3161 247 3233 assumpsit
260 3161 445 3218 intirmitatem
464 3171 670 3234 nostramque
686 3162 826 3234 subjacere
840 3180 890 3236 po-
904 3133 927 3195 C
943 3161 1101 3218 mediatoris
1112 3161 1160 3216 Dei
1174 3169 1201 3218 et
1210 3161 1350 3217 bonrinum
1365 3161 1393 3216 in
1407 3161 1542 3218 internum
1555 3162 1736 3221 descensurus

20 3304 21 3319 ,
98 3253 197 3310 tuisset
208 3254 300 3310 esitio.
313 3254 389 3311 Unde
401 3254 446 3312 bic
460 3256 590 3327 scripturn
601 3257 890 3326 estzrllixi,Perii,r
941 3262 1012 3321 erat,
1041 3253 1127 3325 liquet
1146 3261 1236 3310 tamen
1256 3255 1320 3325 quia
1336 3253 1363 3308 iu
1384 3254 1624 3326 profundissimum
1650 3256 1736 3314 inier-

98 3346 154 3402 boc
166 3353 209 3401 est
224 3364 232 3400 ι
249 3345 381 3415 usquead
400 3345 496 3401 mortis
515 3347 619 3403 exitum
638 3348 816 3417 persenilis·
834 3348 891 3420 ipsa
942 3361 1007 3400 nunt
1022 3345 1203 3402 descensurus
1219 3360 1273 3402 non
1287 3352 1356 3401 erat.
1372 3344 1414 3401 dn
1435 3346 1493 3418 ipsa
1512 3349 1653 3419 superiora
1676 3348 1736 3407 loca

20 3482 21 3507 ,
97 3434 370 3507 ergodispensatioue
380 3432 478 3490 clamat
487 3435 514 3491 in
522 3434 748 3493 Psalmisdiecns:
762 3436 818 3492 rSa
828 3453 892 3493 vurn
942 3433 1040 3491 interni
1053 3436 1293 3506 profundissimum
1301 3444 1408 3503 vocant,
1420 3437 1484 3509 quia
1492 3438 1626 3507 videlieet,
1634 3450 1737 3510 quanto

20 3590 21 3605 ,
98 3525 210 3593 melae,
231 3526 318 3592 neus,
333 3526 460 3596 quoniam
481 3526 650 3583 intraverunt
667 3544 745 3599 aquae
760 3529 893 3599 usquead
943 3528 977 3583 ad
995 3527 1190 3584 sublimitatem
1206 3527 1268 3584 coeli
1285 3531 1342 3599 jarn
1360 3526 1441 3596 litrjus
1461 3528 1533 3584 aeris
1551 3530 1666 3599 spatium
1683 3547 1737 3587 non

20 3690 22 3699 ἱ
98 3616 218 3671 animam
227 3614 461 3684 moamzsutquia
471 3621 587 3673 mortem
597 3614 779 3687 reingerenon
789 3616 891 3684 debuit,
944 3621 1042 3677 merito
1063 3621 1117 3678 dici
1144 3620 1267 3677 internus
1295 3628 1395 3692 potest.
1422 3618 1499 3676 Unde
1523 3636 1584 3677 carm
1608 3630 1737 3692 apostata

98 3723 184 3780 quam
202 3705 353 3763 voluntarie
375 3705 534 3773 sustinebat,
561 3707 770 3764 resurrectionis
792 3709 894 3765 auxilio
943 3711 1032 3783 angeli
1054 3710 1243 3769 acoeiestibus
1262 3709 1373 3765 sedibus
1393 3710 1420 3764 iu
1435 3709 1487 3764 boc
1507 3709 1654 3781 caliginoso
1673 3726 1737 3767 acre

101 3797 259 3854 humanitas
270 3795 329 3866 eius
344 3796 460 3854 celerius
475 3796 533 3853 ticri
551 3797 625 3853 salva
635 3798 776 3869 potuisset.
791 3798 893 3858 Passus
943 3802 999 3858 sint
1012 3801 1139 3869 demersi,
1153 3801 1250 3857 Petrus
1264 3799 1401 3873 apostolus
1412 3798 1478 3855 dicit
1494 3817 1501 3854 ε
1517 3819 1527 3852 ι
1543 3800 1653 3870 Angelis
1668 3818 1736 3874 pec-

98 3899 145 3946 est
160 3888 232 3944 enirn
250 3886 304 3951 ille,
322 3886 386 3957 quia
402 3884 497 3942 voluit.
523 3886 667 3942 Patiuntur
685 3897 830 3960 martyres,
845 3890 894 3947 sed
943 3890 1069 3947 cantibus
1084 3904 1137 3944 non
1150 3888 1280 3960 pepercit,
1295 3889 1343 3944 sed
1355 3886 1514 3944 ludentibus
1529 3888 1629 3944 interni
1644 3889 1735 3945 detra-

99 3979 234 4035 nolentes.
246 3977 374 4034 Sicerrirn
385 3976 743 4048 ipseDominusPetmdisit
754 3979 892 4050 apostolo:
943 3992 1003 4040 ctos
1020 3982 1047 4037 in
1063 3990 1195 4037 tartarum
1215 3980 1327 4036 tradidit
1349 3980 1376 4035 in
1392 3978 1495 4049 judicio
1511 3980 1671 4037 cruciandos
1692 3998 1736 4038 re·

104 4070 198 4127 «Cum
212 4069 336 4127 senueris
350 4069 421 4125 alius
438 4077 464 4125 te
477 4069 575 4140 cinget,
588 4075 617 4125 et
632 4070 713 4127 ducet
723 4086 778 4143 quo
798 4078 826 4125 tu
837 4087 894 4128 nun
943 4072 1046 4130 servari
1062 4069 1105 4141 (lt
1119 4067 1177 4125 Pet.
1194 4069 1235 4143 ιι).
1255 4088 1265 4123 ι
1283 4067 1311 4124 Si
1326 4069 1417 4140 itaque
1430 4078 1561 4140 quantum
1576 4070 1610 4126 ad
1623 4070 1733 4125 celsitu-

99 4162 145 4218 vis
159 4158 250 4233 (donn.
261 4166 319 4231 ιιι)
330 4176 360 4212 :r
377 4172 449 4215 nunc
463 4174 545 4216 causa
559 4159 680 4216 redditur
693 4176 778 4233 quare
790 4177 820 4219 se
836 4163 892 4220 sal·
943 4162 1035 4221 dinem
1048 4159 1109 4217 coeli
1122 4175 1169 4215 aer
1178 4160 1228 4216 iste
1238 4158 1530 4228 caliginosusiniernus
1540 4166 1594 4225 est,
1604 4170 1733 4230 quantuni

99 4267 167 4307 vum
184 4250 243 4306 lieri
263 4249 426 4321 postulabat,
449 4249 550 4305 scilieet
572 4250 701 4320 quoniam
724 4252 894 4309 intraverunt
943 4253 977 4309 ad
1002 4250 1121 4321 ejusdem
1143 4251 1214 4306 aeris
1236 4248 1406 4306 altitudinem
1426 4257 1517 4317 terra,
1539 4266 1599 4321 quae
1620 4250 1732 4307 iniurius

100 4357 181 4414 aquas
199 4341 328 4411 usquead
339 4341 457 4395 animam
471 4339 538 4411 ejus,
551 4339 703 4412 aqnaspro
715 4342 895 4399 seditionibus
940 4342 1029 4412 jacet,
1053 4349 1082 4396 ct
1104 4339 1226 4398 internus
1253 4339 1382 4411 intelligi,
1406 4348 1435 4396 et
1457 4340 1605 4412 profundus
1633 4350 1733 4413 potest,

100 4433 190 4506 piebis
210 4442 338 4502 motuque
358 4431 517 4504 populorum
537 4431 635 4489 debere
655 4433 772 4504 suspici,
796 4435 894 4504 saepius
945 4443 1076 4504 qtranmm
1090 4447 1156 4488 veru
1171 4432 1204 4488 ad
1218 4429 1340 4500 ciusdem
1366 4440 1446 4488 terrae
1468 4432 1649 4499 altitudinem,
1665 4441 1692 4489 ct
1707 4433 1735 4491 in

100 4525 195 4582 divim
208 4523 346 4593 Scriptura
358 4531 482 4587 testatur,
500 4522 570 4578 sicut
585 4522 649 4577 illud
669 4530 730 4580 est:
745 4542 755 4576 r
769 4522 894 4580 Forsitan
946 4525 991 4581 ilia
1002 4523 1061 4580 loca
1075 4520 1154 4577 iivleri
1165 4537 1245 4597 ,quae
1256 4522 1397 4593 superiora
1410 4532 1474 4579 sunt
1486 4524 1547 4580 aliis
1559 4525 1736 4595 receptaculis

100 4613 179 4670 velut
190 4628 260 4682 aqna
273 4612 477 4670 absorbuissent
489 4626 549 4666 nos.
568 4612 624 4666 »Et
642 4612 784 4683 sequitur:
800 4632 810 4666 ι
827 4613 896 4669 Τοι-
945 4614 1045 4670 inlerni
1057 4632 1064 4669 ι
1076 4614 1128 4669 hoc
1144 4612 1205 4670 loco
1223 4628 1277 4669 non
1296 4613 1444 4686 incongrue
1463 4614 1561 4670 interni
1578 4616 1734 4686 profundis-

101 4716 210 4763 rentem
230 4704 403 4776 pertransivit
421 4704 510 4759 anima
524 4711 628 4770 nostra,
647 4702 760 4758 iorsitan
771 4714 896 4777 pertran-
944 4705 1006 4760 simi
1029 4703 1207 4776 appellatione
1229 4703 1379 4777 signantur.
1402 4702 1467 4772 Qum
1479 4705 1551 4775 quud
1570 4720 1617 4761 aer
1630 4705 1663 4760 ad
1679 4721 1736 4762 cue·

101 4800 187 4857 sisset
213 4798 303 4854 anima
340 4805 431 4853 nostra
460 4811 559 4868 aquam
587 4796 785 4852 intolerabilem
807 4794 894 4869 (Psoi.
944 4793 1014 4861 lum,
1031 4802 1104 4849 terra
1118 4792 1153 4849 ad
1168 4809 1271 4861 aerem,
1284 4794 1337 4849 lroc
1356 4793 1402 4849 illc
1415 4803 1458 4850 est
1470 4795 1594 4866 superior
1614 4792 1735 4851 interno-

100 4888 220 4961 csmnl:
236 4908 246 4942 ι
260 4888 427 4960 Quapropter
441 4884 750 4960 popotnsittetudaicos
763 4887 896 4956 usquead
945 4901 1005 4941 rum
1024 4886 1099 4942 sinus
1122 4886 1156 4942 ad
1178 4895 1289 4942 terram.
1314 4885 1367 4942 Sed
1391 4887 1489 4941 mirum
1513 4886 1589 4941 valde
1607 4888 1735 4956 estquod

101 4983 224 5040 animam
250 4980 356 5038 Domini
381 4979 529 5036 Salvatoris
555 4978 676 5043 intravit,
702 4977 810 5049 quaudo
834 4993 896 5035 eum
943 4973 1253 5047 lungit:tdescendent
1272 4976 1476 5033 enutriamus.»
1502 4973 1569 5030 Corn
1585 4974 1657 5028 enim
1677 4973 1734 5029 sola

100 5070 264 5143 crucillgere
279 5069 409 5127 scelerata
424 5078 514 5124 mente
526 5066 709 5138 praesumpsit.
726 5067 759 5121 Et
779 5066 844 5137 quia
868 5068 896 5123 in
946 5066 1036 5119 anima
1057 5066 1219 5121 descensura
1238 5074 1312 5122 esset
1331 5067 1365 5120 ad
1384 5065 1487 5121 interna
1508 5063 1565 5120 loca
1578 5080 1584 5117 :
1599 5064 1662 5134 quid
1682 5076 1732 5131 est,

102 5177 187 5221 eruee
199 5170 323 5219 mortuus
333 5161 368 5216 ad
379 5159 588 5231 deprmdandu
599 5157 735 5213 internum
745 5157 896 5226 descendit,
946 5155 1018 5226 quod
1037 5162 1147 5211 sanetus
1162 5156 1205 5210 vir
1220 5156 1282 5211 illue
1301 5155 1422 5227 perhibet
1442 5152 1533 5209 omnia
1554 5168 1601 5208 sua
1623 5153 1735 5209 descen·

101 5256 247 5326 sequitur:
947 5247 1011 5301 dere
1024 5264 1030 5300 :
1044 5247 1097 5302 nisi
1112 5246 1183 5316 quod
1209 5246 1246 5301 ibi
1264 5260 1292 5300 se
1305 5258 1365 5300 esse
1380 5251 1465 5300 totum
1481 5242 1557 5309 vidit,
1569 5243 1616 5298 ubi
1630 5245 1735 5314 pondus

141 5342 225 5416 Cepi.
240 5363 250 5399 ι
263 5342 387 5400 invocavi
401 5356 497 5398 nomen
512 5348 587 5397 tuum
601 5340 635 5397 de
647 5339 708 5395 lacu
720 5336 893 5396 novissimo.»
946 5335 1175 5393 remunerationis
1191 5334 1333 5407 intelligit?
1346 5334 1408 5405 quia
1428 5334 1480 5390 boc
1493 5332 1565 5403 quod
1580 5333 1735 5392 insensibile

103 5434 254 5510 (Maurus.)
268 5433 339 5502 Quid
350 5433 422 5488 enim
438 5431 526 5487 lacum
543 5429 731 5496 novissimum,
745 5428 797 5484 nisi
811 5427 895 5484 inlcr·
946 5434 1100 5483 exsecrat
1118 5427 1145 5481 in
1166 5432 1266 5481 terram
1286 5424 1400 5489 deserit,
1421 5438 1562 5495 quousque
1583 5424 1617 5480 ad
1647 5425 1735 5481 incor-

102 5540 172 5583 num
196 5524 349 5580 inferiorem
373 5521 523 5591 intelligere
549 5518 704 5575 debemus?
727 5519 767 5574 ile
788 5533 842 5588 quo
868 5518 895 5573 iu
947 5516 1099 5587 ruptionem
1117 5515 1322 5573 resurrectionis
1342 5515 1436 5571 redeat
1452 5530 1483 5571 se
1496 5528 1557 5571 esse
1576 5530 1628 5571 non
1641 5517 1732 5573 sentit.

102 5615 216 5675 emino
236 5614 437 5685 scriptumest:
452 5630 462 5663 ι
476 5609 605 5680 Eripuisti
627 5609 745 5665 animam
760 5625 847 5665 meam
862 5625 896 5665 ex
946 5608 1043 5664 Omnia
1066 5608 1156 5679 itaque
1169 5622 1218 5663 sua
1239 5607 1267 5662 iu
1282 5605 1416 5664 infernum
1435 5607 1674 5681 profundissimum
1689 5609 1736 5666 de·

102 5704 215 5764 lnierno
235 5703 357 5762 interiori
369 5700 456 5776 (Psoi.
469 5702 581 5775 ιιιιι).
601 5721 611 5756 ι
631 5700 667 5757 De
684 5701 736 5757 boc
751 5716 815 5774 ergo
836 5698 895 5756 lacu
947 5713 1076 5756 sconsura
1089 5698 1224 5770 perhibet,
1237 5698 1308 5771 quod
1316 5699 1486 5757 solamsuam
1497 5698 1735 5757 animamdescen·
