4042 6200
205 346 259 404 ⁸57
645 345 845 406 terrosum
864 348 979 406 surra
995 344 1180 405 thanatan.
1200 383 1236 392 -
1254 353 1319 410 ara.
1340 355 1387 412 rr.
1455 400 1460 407 .
1789 367 1842 423 aaa

203 469 327 533 sperant,
338 460 438 531 quibus
449 460 535 518 saneti
548 461 600 517 riri
611 478 678 519 voce
691 479 764 521 nunc
774 465 887 521 dicitnr:
899 483 909 517 ι
925 465 999 520 hura
1013 465 1039 528 Α
1051 464 1124 534 quod
1134 467 1210 535 qttasi
1227 470 1372 526 mendaces
1392 479 1472 543 atquc
1493 488 1607 530 vesanos
1619 476 1763 534 habuerint
1779 496 1843 551 pro·

206 552 281 611 meus
294 561 337 609 est
349 553 375 607 in
386 568 440 623 qno
450 552 592 609 condatur.
609 575 618 607 ι
632 554 699 611 Nam
708 555 788 625 irrata
798 558 850 613 hoc
859 559 930 628 qtrod
937 558 997 628 jam
1051 552 1157 622 phetas,
1170 555 1233 610 alum
1248 572 1296 627 per
1308 561 1478 616 occasionem
1492 570 1518 616 et
1531 564 1714 621 celebrtranm
1731 568 1780 624 loci
1793 587 1842 624 aa·

205 654 307 701 etanta
321 658 371 700 nos
384 643 486 699 dictum
496 651 538 699 est
550 663 556 698 ι
569 643 698 715 Quisquis
709 655 786 701 extra
795 648 925 703 Ecclesia
939 647 999 702 uni·
1051 644 1109 700 dire
1119 655 1253 716 cogantur
1263 649 1344 704 rerba
1355 651 1471 719 Domini,
1486 661 1513 709 et
1524 669 1577 709 uon
1588 665 1699 727 propter
1709 658 1760 713 hoc
1771 661 1842 729 qnod

205 742 289 791 tatem
309 733 421 804 patitur,
442 747 537 802 poeuas
559 734 615 803 pati
636 742 741 804 potest,
754 747 859 807 martyr
871 736 930 791 fleri
946 750 998 791 uon
1051 736 1133 791 rerba
1147 737 1201 791 sint
1213 738 1331 795 Domini.

203 832 304 895 potest,
324 823 387 894 qnia
406 838 474 878 auro
494 822 571 879 locus
584 831 627 879 est
652 825 678 879 iu
693 839 748 894 qno
770 826 912 881 conflatur.
929 825 999 893 nain
1088 846 1097 878 r
1117 827 1179 883 llaec
1193 830 1258 885 dicit
1271 830 1402 891 Dominus
1414 837 1581 894 exercituum
1596 838 1669 897 Deus
1682 840 1782 898 lsrael:
1795 842 1844 899 Ro-

203 919 298 987 itaque
319 914 352 970 ad
374 914 443 977 hacc,
462 914 601 981 haeretiei,
615 914 723 972 dicitis?
742 915 857 972 malari
872 918 920 986 per
934 916 1000 971 attti-
1053 937 1063 971 ι
1081 936 1130 975 aas
1142 919 1224 977 facite
1239 923 1303 995 (aire
1317 925 1436 1001 dirigite)
1458 929 1517 983 rias
1528 941 1648 999 rostras,
1660 941 1687 987 ct
1699 934 1788 989 studia
1800 951 1846 991 re·

203 1012 322 1068 ctionem
335 1009 427 1065 carnis
444 1017 474 1063 ιιι
489 1009 572 1064 etiam
586 1024 636 1079 per
652 1009 814 1080 martyrium
833 1010 931 1076 atritis,
950 1010 998 1065 scd

202 1101 292 1158 locam
310 1114 365 1170 qao
385 1099 507 1154 debeatis
529 1099 642 1155 caudari
663 1101 783 1156 nescitis.
806 1100 904 1156 Audite
925 1101 997 1171 qnod

202 1191 291 1248 sancti
303 1191 489 1263 praedicatoris
504 1204 570 1246 roce
581 1190 695 1246 dicitnr.
712 1210 722 1239 ι
738 1190 812 1246 duro
826 1190 902 1247 locus
914 1200 957 1247 est
969 1191 997 1247 iu

1052 1027 1062 1061 ι
1080 1020 1137 1065 stra
1153 1011 1217 1081 (aiae
1232 1014 1439 1072 adinventiones
1449 1020 1565 1092 vestras)
1578 1031 1604 1077 ct
1616 1023 1745 1079 habitabo
1755 1025 1844 1079 robis·

1052 1120 1141 1171 «cum
1157 1106 1184 1161 iu
1199 1106 1258 1163 loco
1279 1109 1331 1165 isto
1344 1109 1407 1182 (aiae
1424 1112 1547 1172 hahitare
1560 1132 1608 1175 ros
1620 1119 1717 1174 faciam
1738 1120 1764 1174 in
1785 1121 1844 1177 loco

1052 1213 1061 1245 ι
1079 1195 1169 1268 ialal.»
1180 1196 1412 1257 clementissimus
1422 1205 1543 1263 melliens
1552 1209 1625 1263 onrni
1633 1210 1788 1267 ratlncratos
1799 1228 1845 1268 crt-

202 1298 259 1353 quo
271 1280 415 1338 condatur.
430 1299 439 1332 ι
457 1279 533 1335 Nunc
550 1293 617 1349 ergo
635 1280 807 1337 conflationis
821 1282 908 1337 locum
923 1298 998 1353 qnae·
1047 1284 1088 1355 pit
1100 1302 1197 1343 sanare
1209 1290 1398 1349 medicamine.
1416 1293 1528 1360 Quando
1539 1310 1629 1354 antem
1640 1301 1722 1356 dicit:
1734 1320 1743 1353 ι
1754 1301 1844 1358 Danas

202 1376 266 1440 rite,
286 1375 356 1429 hauc
371 1373 506 1429 fornacem
526 1389 579 1443 qua
593 1390 690 1430 aarum
705 1383 766 1445 apte
780 1374 890 1446 purgari
908 1374 998 1429 valeat
1049 1375 1130 1433 facite
1157 1378 1225 1449 (rinc
1246 1383 1390 1456 corrigite)
1415 1388 1474 1443 vias
1497 1399 1637 1457 vestras»
1659 1395 1777 1449 ostendit
1796 1411 1843 1451 eas

202 1465 333 1521 invenite.
349 1463 408 1521 Una
421 1473 464 1520 cst
483 1463 613 1530 Ecclesia,
630 1464 656 1520 in
672 1480 725 1534 qua
746 1464 870 1536 quisquis
884 1463 996 1520 conflari
1048 1483 1109 1524 esse
1121 1484 1274 1540 perversas,
1296 1483 1323 1529 et
1338 1475 1404 1530 nihil
1424 1476 1451 1531 in
1472 1494 1501 1533 se
1522 1478 1621 1536 hahere
1639 1482 1712 1537 boni.
1729 1483 1761 1538 Et
1779 1482 1843 1554 quia

201 1555 330 1620 voluerii,
344 1555 460 1611 ³b⁰ffl¹¹i
474 1554 555 1610 etiam
568 1555 669 1626 poterit
679 1563 851 1626 peecatorum
864 1554 923 1610 labe
937 1571 997 1625 pur·
1048 1561 1171 1617 uatnrale
1185 1571 1228 1620 est
1244 1572 1275 1620 ut
1289 1567 1474 1638 unusquisqne
1494 1570 1612 1640 genitale
1631 1570 1724 1644 diligat
1739 1573 1843 1641 solnm,

202 1647 272 1719 gari.
288 1646 317 1701 55
332 1645 396 1715 quid
407 1660 457 1716 Di⁰
471 1645 526 1700 ⁰⁹0
539 1647 746 1713 amaritudinis,
762 1648 785 1702 δί
806 1647 871 1718 quid
885 1647 996 1702 fribula-
1048 1663 1075 1710 et
1098 1656 1166 1712 nibil
1183 1657 1289 1715 dulcius
1314 1660 1412 1715 haheat
1433 1663 1540 1732 patria,
1564 1664 1708 1734 pollicetur
1731 1664 1843 1736 praemia

201 1737 294 1801 tiotris,
312 1736 475 1791 extrahare
492 1736 571 1805 positi
587 1736 739 1801 sustinetis,
756 1736 862 1792 incendi
880 1736 995 1808 potestis
1047 1745 1246 1805 mediantibus,
1262 1769 1271 1801 a
1289 1748 1433 1817 habitabo,
1454 1753 1551 1824 inquit,
1567 1755 1716 1820 vobiscum,
1734 1777 1742 1808 ,
1759 1767 1788 1812 ,η
1802 1774 1844 1814 5„

201 1828 593 1900 tautummodomonpnrgari.
606 1828 830 1894 Dicatleremias,
843 1829 995 1900 dicatque·
1008 1822 1033 1883 B
1046 1850 1127 1891 corros
1151 1836 1185 1893 de
1209 1838 1378 1895 habitacione
1397 1856 1445 1897 ,03
1468 1842 1584 1899 sacram:
1604 1845 1661 1900 sive
1684 1861 1732 1902 νος
1757 1847 1841 1918 ipsos·

201 1917 992 1991 atodocoassationisrestracignisomnirirtntesitracans.
1043 1922 1122 1992 juata
1137 1926 1346 1998 Symmachum,
1370 1930 1447 1986 farma
1464 1932 1633 1990 habitatione
1651 1935 1780 2004 fundabo,
1796 1938 1841 2007 qni

204 2030 213 2063 ι
234 2010 345 2066 Frustra
358 2009 485 2066 conflarit
504 2009 649 2075 conflator,
674 2009 785 2066 malitia
806 2011 879 2065 cnim
899 2026 994 2066 corum

200 2118 256 2158 uon
271 2111 334 2158 suut
347 2109 526 2173 consumptae.
544 2121 553 2155 ι
570 2102 639 2158 Εεεε
659 2102 729 2174 ignis
742 2104 863 2158 exterius
874 2101 995 2158 conflans

199 2202 229 2251 et
242 2196 317 2250 dnrae
329 2194 465 2266 passionis
477 2195 603 2251 admonet
613 2209 733 2265 pmuam,
747 2205 774 2249 ct
788 2204 877 2251 tamcn
892 2195 994 2251 erroris

200 2302 256 2343 non
274 2286 402 2356 excoquit
424 2285 552 2356 culpam;
574 2294 603 2341 et
621 2293 755 2341 tormenta
772 2285 923 2341 crudelium
948 2286 995 2341 dat

198 2392 353 2451 poenarum,
367 2384 499 2433 ettamen
514 2377 648 2433 bonorum
666 2392 720 2432 non
742 2375 807 2430 facit
826 2376 993 2431 incrementa

198 2471 370 2527 meritorum.
386 2469 472 2539 liujus
486 2468 568 2526 etiam
581 2468 752 2525 conflationis
765 2469 845 2541 ignis,
858 2469 904 2539 qui
916 2477 994 2524 extra

198 2561 362 2618 catholicam
383 2560 517 2616 toleratur
537 2560 697 2626 Ecclesiam,
717 2575 798 2630 quam
819 2559 918 2614 nullius
935 2575 994 2614 our·

199 2654 267 2711 nino
278 2653 387 2710 virtutis
402 2654 448 2719 sit,
462 2653 562 2710 Paulas
581 2653 720 2724 apostolus
742 2652 862 2707 insinuat
879 2652 992 2707 diceus:

201 2767 211 2800 ι
227 2747 257 2803 st
282 2748 417 2804 tradidero
440 2760 537 2817 corpus
556 2762 646 2802 meum
662 2754 691 2800 ut
703 2746 814 2810 ardeat,
830 2746 992 2801 charitatem

197 2848 290 2894 autem
304 2853 357 2894 uon
370 2838 496 2903 habeam,
504 2837 571 2893 nihil
582 2836 647 2891 mihi
663 2838 773 2907 prodest
785 2834 812 2907 (l
826 2834 889 2890 Cor.
900 2834 990 2907 trial.»

196 2930 252 2986 atti
267 2930 364 3001 quippe
377 2945 461 3001 prava
475 2931 509 2985 de
523 2929 579 2985 Deo
592 2928 728 2994 sentiant,
743 2927 789 2983 alii
809 2937 883 2983 recta
897 2928 930 2983 de
942 2943 991 2981 au-

1047 2013 1106 2070 ait:
1125 2035 1134 2067 ι
1153 2016 1187 2073 Ει
1201 2017 1368 2073 confirmabo
1379 2035 1428 2075 ros
1444 2021 1470 2075 in
1482 2021 1542 2077 loco
1554 2023 1615 2078 isto.
1631 2044 1641 2075 ι

1084 2100 1198 2163 ι’ΝοΙξιε
1221 2107 1358 2164 corrftdcre
1380 2109 1406 2165 in
1424 2111 1516 2166 rcrhis
1536 2114 1680 2180 mendacii,
1696 2114 1840 2173 dicentes:

1049 2218 1059 2252 ι
1076 2197 1217 2270 Templum
1231 2198 1348 2264 Domini,
1363 2200 1492 2279 templum
1506 2198 1624 2269 Domini,
1642 2204 1769 2276 templum
1789 2204 1842 2260 Do-

1048 2307 1057 2340 ι
1075 2289 1141 2344 mini
1156 2299 1219 2346 est:
1237 2291 1366 2363 qnoniam
1381 2293 1404 2347 si
1423 2292 1490 2348 berre
1508 2294 1632 2350 dixeritis
1653 2295 1720 2368 (site
1732 2297 1841 2353 direxe-

1048 2398 1058 2431 ι
1077 2380 1147 2453 ritis)
1163 2382 1222 2438 tias
1242 2392 1366 2448 rostras,
1391 2393 1419 2438 ct
1442 2383 1531 2438 studia
1546 2394 1636 2440 restra
1653 2404 1660 2451 ;
1679 2387 1701 2441 si
1721 2386 1841 2459 feceritis

1047 2491 1057 2524 ι
1072 2471 1204 2543 judiciam
1221 2473 1291 2529 inter
1310 2474 1397 2530 rirum
1415 2483 1443 2530 et
1462 2477 1615 2546 proximum
1631 2476 1710 2547 ejus:
1731 2481 1841 2535 advenae

1047 2582 1057 2615 ι
1077 2573 1104 2620 ot
1115 2564 1227 2637 pupillo,
1241 2574 1269 2621 et
1289 2566 1377 2622 aidane
1392 2584 1444 2622 aon
1460 2567 1581 2624 feceritis
1595 2570 1757 2626 calumniam
1773 2571 1841 2643 (aiae

1048 2672 1057 2705 ι
1076 2670 1130 2710 uon
1143 2656 1333 2727 oppresseritis
1347 2656 1416 2731 eos),
1432 2673 1483 2714 nec
1497 2660 1657 2731 sanguinem
1670 2661 1840 2717 innocentem

1047 2764 1057 2797 ι
1075 2742 1223 2801 effuderitis
1241 2746 1267 2802 in
1283 2747 1342 2804 loco
1358 2748 1424 2814 hoc,
1440 2758 1467 2806 et
1488 2760 1550 2821 post
1574 2751 1640 2808 deos
1665 2753 1768 2810 alienos
1787 2769 1841 2810 aon

1047 2853 1057 2886 ι
1076 2836 1278 2894 ambulaveritis
1302 2839 1330 2893 in
1355 2840 1456 2895 ntalem
1470 2843 1690 2915 vobismetipsis3
1712 2845 1840 2901 habitabo

1047 2944 1057 2978 ι
1076 2928 1215 2985 nobiscnm
1230 2930 1293 3004 (sinc
1305 2931 1428 2989 habitare
1441 2949 1489 2989 ros
1503 2932 1614 3008 faciam)
1628 2936 1653 2991 in
1666 2936 1726 2992 loco
1743 2937 1804 3002 isto,
1812 2938 1838 2992 in

196 3032 274 3079 ctare
288 3028 391 3087 tenent,
401 3022 448 3078 sed
459 3021 590 3077 unitatem
601 3036 662 3077 cnm
675 3019 805 3077 fratribus
815 3033 868 3074 noa
879 3026 991 3074 teuent:
1047 3036 1056 3069 ι
1076 3027 1148 3075 terra
1163 3036 1244 3092 qnam
1255 3022 1315 3077 dedi
1329 3023 1452 3093 patribus
1474 3025 1573 3079 restris
1595 3040 1611 3080 a
1633 3026 1733 3081 saeculo
1754 3041 1839 3097 usqae

197 3114 235 3169 illi
249 3128 342 3170 errore
354 3112 426 3178 fidei,
438 3113 482 3168 isti
496 3126 562 3168 sero
574 3112 728 3169 schismatis
740 3111 941 3182 perpetratione
952 3111 993 3165 di·
1047 3129 1057 3162 ι
1076 3110 1104 3165 in
1121 3111 1274 3167 sacculumr
1296 3113 1353 3169 lloc
1364 3114 1434 3184 quad
1444 3113 1620 3186 Septuaginta
1632 3117 1658 3170 in
1675 3115 1754 3185 hrains
1767 3118 1840 3187 capi-

194 3208 332 3263 visisunt.
345 3205 423 3262 Unde
446 3207 511 3261 etin
526 3207 582 3276 ipsa
595 3206 683 3277 prima
695 3214 773 3277 parte
786 3203 909 3276 Decalogi
920 3178 1030 3260 ntra·C
1046 3201 1093 3255 tnli
1105 3202 1233 3258 addidere
1251 3204 1395 3280 principio,
1422 3222 1432 3256 ι
1456 3205 1484 3259 in
1508 3207 1598 3261 tcrbis
1621 3207 1754 3262 mertrlaeii
1779 3223 1840 3277 quar

197 3297 438 3369 ruraquepartiam
449 3296 534 3366 culpae
547 3296 743 3366 reprimuntur,
754 3310 818 3351 eum
828 3295 918 3352 diviua
928 3309 995 3350 roce
1044 3293 1122 3349 robis
1137 3295 1248 3349 omnino
1262 3310 1315 3350 uon
1328 3295 1477 3366 proderant
1492 3315 1519 3363 r,
1536 3297 1562 3351 iu
1578 3296 1711 3354 llehraico
1724 3313 1778 3354 nou
1790 3298 1840 3353 ha·

196 3387 313 3444 dicitnr:
329 3405 339 3440 ι
354 3386 605 3457 DiligesDominnm
617 3384 704 3441 Deum
714 3392 789 3440 tuum
801 3400 834 3440 ex
847 3383 995 3441 totocorde
1044 3385 1133 3441 betur.
1150 3386 1276 3456 Praecipit
1289 3395 1379 3442 antem
1395 3397 1423 3443 et
1440 3395 1504 3443 tuuc
1518 3387 1616 3458 populo
1628 3389 1795 3457 ludaeorum,
1811 3399 1840 3445 et

198 3487 254 3543 tuo,
272 3487 347 3535 etex
367 3486 423 3533 tota
436 3478 528 3533 anima
547 3484 603 3542 tna,
615 3482 643 3533 et
656 3492 691 3532 ex
708 3484 763 3532 tota
778 3476 879 3532 uirtute
896 3484 959 3544 tua;
981 3494 991 3529 ι
1044 3476 1125 3532 hodie
1138 3477 1226 3544 nohis,
1242 3477 1288 3549 qui
1302 3478 1425 3533 videmur
1444 3479 1471 3533 in
1485 3477 1607 3535 Ecclesia
1623 3481 1782 3545 constituti,
1804 3495 1838 3537 ne

196 3580 278 3641 atque
291 3585 353 3627 mox
368 3569 512 3626 subditur:
526 3587 536 3621 ι
550 3567 649 3639 Diliges
661 3568 815 3638 proximum
832 3576 910 3624 tuam
924 3567 995 3624 sieut
1043 3567 1170 3624 dduciam
1184 3568 1334 3625 habeamus
1345 3569 1372 3624 in
1386 3568 1561 3626 aedificiorum
1581 3571 1740 3642 splendore,
1756 3585 1838 3626 aura·

196 3671 225 3719 te
235 3661 428 3734 ipsumllferc.
440 3660 501 3735 ιιι).
514 3661 586 3729 »Qui
595 3661 667 3717 enim
679 3663 713 3718 de
724 3659 780 3717 Deo
793 3675 921 3731 perversa
932 3676 994 3717 sen-
1043 3658 1133 3730 tisqae
1147 3658 1330 3729 laquearibus,
1343 3668 1371 3715 et
1386 3662 1493 3718 vestitis
1508 3661 1657 3732 parietibus
1672 3676 1838 3717 marmorum

196 3754 241 3821 tit,
249 3753 335 3823 liquet
344 3752 466 3826 prolecto
479 3753 542 3824 quia
553 3752 638 3808 Deum
648 3767 702 3809 noa
714 3751 815 3824 diligit;
828 3751 874 3823 qui
885 3765 950 3806 rere
960 3750 994 3806 de
1042 3749 1152 3805 crustis.
1169 3748 1202 3804 Ει
1216 3747 1355 3806 dicamas:
1369 3751 1499 3823 templum
1512 3753 1631 3816 Domini,
1644 3753 1773 3822 templum
1788 3752 1839 3812 Do,

197 3846 255 3903 Deo
267 3855 342 3902 recta
353 3846 484 3912 sentiens,
494 3861 510 3900 a
522 3854 622 3902 sanctae
632 3845 761 3902 Ecclesiae
772 3847 874 3901 unitate
892 3844 993 3900 divisus
1042 3842 1121 3910 mini,
1138 3841 1268 3912 templum
1280 3843 1387 3898 Domini
1404 3853 1455 3916 est,
1475 3843 1543 3900 lllud
1556 3844 1630 3898 enim
1645 3843 1773 3913 templum
1784 3842 1839 3898 Do·

197 3946 250 4001 est,
263 3944 371 3994 coastat
382 3937 503 4009 prolecto
512 3938 575 4008 qaia
587 3937 740 4008 proximum
754 3950 806 3990 uon
819 3942 902 4001 amat,
912 3949 992 4005 quem
1042 3933 1110 3989 mini
1125 3940 1178 3994 cst,
1201 3933 1228 3987 in
1251 3948 1306 4004 quo
1325 3932 1430 3988 habitat
1444 3949 1510 3989 sera
1525 3932 1602 4000 tides,
1616 3943 1709 3989 sancta
1725 3949 1839 3989 convcr-

198 4027 300 4083 habe're
307 4027 410 4083 sociam
418 4033 535 4082 recusat.
546 4024 673 4096 Quisquis
683 4026 718 4080 ab
728 4024 890 4080 hacunitatc
898 4023 993 4079 matris
1042 4026 1122 4092 satio,
1137 4026 1314 4096 omniumque
1327 4026 1459 4082 virtutum
1474 4027 1585 4082 choras.
1603 4027 1723 4096 Denique
1734 4027 1836 4082 inferta

197 4120 326 4178 Ecclesiae
335 4121 447 4192 sireper
458 4119 584 4176 heresim
596 4120 831 4191 deDeopertersa
840 4119 990 4184 sentiendo,
1043 4119 1072 4176 st
1092 4129 1182 4177 rectas
1203 4120 1324 4176 feceritis
1341 4119 1401 4177 rias
1419 4131 1541 4187 vestras,
1561 4129 1590 4176 et
1603 4120 1732 4192 cogitatio
1745 4129 1836 4177 restra

197 4226 247 4268 ιω
262 4225 356 4267 errore
368 4210 523 4274 schismatis
534 4209 689 4280 promum
704 4225 759 4266 non
772 4207 907 4282 diligendo
922 4208 991 4264 diti·
1042 4229 1095 4270 uon
1108 4213 1207 4269 abierit
1220 4219 1283 4283 post
1294 4227 1426 4280 errorem,
1438 4221 1466 4269 et
1479 4214 1564 4269 secuti
1577 4211 1683 4267 lrreritis
1692 4211 1835 4280 justitiam.

197 4301 283 4367 ditur,
295 4301 435 4358 eharitatis
446 4299 526 4370 hujus
539 4301 628 4373 gratia
640 4301 762 4371 privatur
774 4302 808 4357 de
820 4315 874 4371 qua
892 4298 991 4356 Paulus
1041 4309 1069 4359 et
1079 4303 1180 4359 malum
1191 4319 1246 4359 nou
1256 4301 1507 4374 effeceritismeqae
1518 4302 1667 4359 effuderitis
1679 4302 1837 4374 sanguinem

198 4394 261 4448 ait:
278 4392 309 4448 sl
325 4392 476 4459 tradidero,
486 4399 540 4447 etc.
553 4389 579 4464 (f
592 4389 654 4445 Cor.
668 4389 741 4461 xrtr).

501 4502 616 4559 CAPUT
633 4500 689 4557 vlt.

200 4615 457 4687 Noaconfidendnm
476 4616 504 4669 ia
519 4613 625 4686 templo,
640 4613 686 4668 scd
708 4615 737 4670 ia
758 4614 831 4669 donia
849 4614 988 4685 operibusr

234 4686 428 4824 qquco'roarr'rgxm
446 4703 494 4759 pro
511 4686 607 4757 popula
624 4683 689 4739 illo:
707 4685 739 4740 de
753 4685 932 4755 reprobatione
944 4702 990 4739 so·

237 4866 247 4900 ι
264 4846 382 4904 Verbum
393 4848 465 4918 qaod
475 4848 577 4904 factum
587 4855 630 4905 est
642 4847 677 4903 ad
691 4846 861 4903 loremiama
874 4847 990 4904 Domino

200 4959 209 4992 ι
229 4940 340 4995 dicens:
360 4939 409 4994 Sta
430 4941 457 4995 iu
476 4949 554 5010 porta
575 4940 672 4995 domus
691 4939 815 5005 Domini,
829 4949 857 4995 et
873 4941 990 5010 predica

200 5051 209 5082 t
227 5028 278 5093 (ael
290 5028 358 5101 lege)
373 5029 410 5085 ibi
422 5030 534 5086 verbam
547 5029 618 5084 istud
634 5037 662 5084 et
679 5030 742 5086 dic:
762 5029 859 5085 hodite
876 5030 989 5085 verbnm

201 5120 351 5186 «Domini,
376 5122 465 5176 omnis
484 5121 568 5189 luda,
585 5122 631 5193 qni
645 5122 817 5193 ingredimini
830 5138 880 5192 per
897 5131 990 5192 portas

201 5230 211 5263 ι
230 5212 291 5277 has,
301 5218 332 5265 ut
341 5211 461 5267 adoretis
472 5212 627 5268 Dominum.
644 5232 655 5266 r
671 5210 807 5284 (Hieram)
820 5211 879 5268 linc
890 5212 917 5267 io
929 5212 989 5267 edi-

198 5304 272 5358 tione
291 5302 466 5375 Septuaginta
479 5320 532 5361 non
547 5303 673 5370 habetur,
690 5305 737 5361 sed
756 5304 791 5361 de
806 5304 990 5361 Theodotioae

198 5397 232 5448 ex
246 5391 380 5450 hebraico
389 5392 509 5449 additam
519 5401 570 5450 est.
582 5394 732 5464 imperatur
748 5401 839 5450 autem
851 5395 989 5466 prophetae

198 5490 229 5536 ut
249 5483 350 5539 stetin
371 5492 450 5554 porta
474 5483 595 5548 Domini,
610 5499 753 5554 perquam
767 5483 802 5539 ad
823 5484 989 5540 adoraudum

199 5570 340 5629 Dominam
356 5573 509 5647 ingreditur
523 5573 614 5645 populi
633 5572 792 5639 multitudo,
806 5580 836 5627 ut
854 5574 989 5644 perhanc

199 5651 367 5717 mersionem
388 5664 493 5734 possint
510 5663 605 5719 audire
625 5677 685 5734 quar
706 5662 836 5718 Dominus
856 5663 987 5733 praecipit.

200 5752 251 5809 f'er
272 5755 343 5826 qarod
367 5755 541 5827 intelligimus
564 5754 689 5809 duritiam
709 5752 799 5825 populi
815 5752 987 5818 ludaeorum,

1041 4395 1224 4459 innocentem.
1239 4393 1376 4466 simplices
1386 4409 1494 4465 quoque
1506 4409 1559 4449 nou
1574 4392 1836 4459 scandalizantes,et

1001 4496 1102 4591 I,post
1116 4486 1181 4542 deos
1201 4485 1305 4541 alienos
1317 4501 1371 4542 uon
1384 4483 1599 4549 ambulaveritis,
1620 4498 1749 4556 peruersa
1771 4483 1838 4539 ado·

1042 4586 1135 4634 rantes
1148 4577 1288 4650 dogmata,
1301 4593 1362 4649 quae
1380 4577 1414 4632 de
1435 4584 1528 4632 restro
1547 4576 1630 4632 corde
1642 4575 1791 4631 simulastis
1808 4574 1837 4630 in

1040 4667 1141 4724 malum
1166 4667 1388 4738 vobismetipsis:
1415 4665 1458 4721 vet
1483 4666 1612 4722 habitabo
1640 4665 1783 4722 nobiseum
1809 4664 1836 4722 in

1040 4757 1100 4813 loco
1115 4756 1177 4822 isto,
1185 4771 1264 4826 quem
1272 4756 1376 4813 rotatis
1387 4755 1515 4827 templum
1526 4755 1620 4822 Dei,et
1631 4756 1658 4811 in
1671 4763 1742 4812 terra
1753 4769 1835 4826 qaam

1041 4848 1101 4905 dedi
1116 4847 1239 4918 patribus
1253 4847 1363 4906 restris.
1380 4845 1513 4918 apostolis
1527 4845 1653 4902 uidelicet
1665 4854 1694 4901 et
1706 4843 1833 4916 apostoli·
1859 4839 1867 4853 '

1042 4942 1081 4998 cis
1095 4941 1181 4997 viris:
1198 4939 1241 4995 rel
1255 4949 1330 4996 certe
1352 4937 1429 4994 firma
1449 4935 1566 4994 statione
1588 4937 1713 4993 hahitare
1731 4950 1780 4990 ros
1795 4933 1836 4989 la·

1044 5035 1114 5090 ciam
1129 5033 1292 5105 aprincipio
1305 5048 1392 5105 usque
1406 5032 1440 5087 ad
1464 5031 1556 5087 flaem.
1569 5030 1663 5086 Potest
1676 5030 1728 5084 hoc
1742 5037 1771 5084 et
1783 5027 1836 5083 illis

1043 5124 1193 5195 virginibus
1206 5125 1362 5188 contenire,
1377 5138 1439 5195 quar
1450 5120 1557 5191 jactant
1567 5119 1735 5191 pudicitiam,
1749 5131 1776 5174 et
1789 5120 1837 5174 iar·

1042 5214 1153 5286 pudenti
1170 5214 1245 5269 tulta
1258 5213 1407 5284 praeferuat
1420 5210 1588 5272 castitatem,
1612 5224 1674 5264 cum
1695 5208 1767 5262 aliud
1786 5209 1836 5263 ha·
1925 5261 1929 5274 ,

1043 5308 1106 5362 beat
1132 5306 1319 5362 conscicntia:
1344 5313 1373 5361 et
1398 5304 1524 5360 nesciunt
1549 5302 1622 5356 illam
1648 5300 1836 5358 diffinitionem

1042 5393 1163 5466 Apostoli
1177 5394 1355 5465 virginalem,
1377 5412 1387 5446 ι
1404 5403 1434 5448 ot
1447 5394 1482 5450 sit
1497 5401 1591 5450 sancta
1604 5408 1717 5464 corpore
1736 5402 1762 5449 ct
1778 5393 1836 5464 spi-

1043 5485 1096 5540 ritu
1110 5483 1136 5557 (l
1148 5481 1209 5540 Cor.
1224 5484 1255 5556 ι).
1268 5484 1356 5552 »Quid
1368 5482 1440 5539 enirn
1452 5483 1561 5553 prodest
1574 5481 1696 5552 eorporis
1706 5482 1835 5552 pudicitia

1042 5575 1132 5631 animo
1146 5583 1333 5645 constuprato,
1349 5574 1371 5629 si
1384 5581 1499 5629 caeteras
1513 5573 1627 5628 virtutes
1639 5588 1708 5644 qrras
1720 5572 1837 5645 prophe-

1043 5667 1112 5721 ticus
1124 5680 1215 5721 sermo
1230 5663 1385 5734 descripsit,
1397 5679 1451 5719 non
1464 5661 1608 5719 habuerit?

1081 5775 1089 5806 ι
1105 5755 1175 5812 Eece
1190 5771 1236 5811 ros
1250 5755 1385 5812 confiditis
1397 5755 1473 5811 robis
1488 5754 1514 5811 iu
1532 5753 1702 5811 sermonibus
1724 5747 1835 5807 menda·
