4042 6200
207 299 259 358 ιιι
688 283 925 392 osumreaso
943 261 1135 352 ιιιιιιιιιιιιι.
1155 290 1273 347 -rm
1295 291 1349 349 ιι.
1782 295 1835 350 ιιι

205 409 269 464 nina
288 403 378 475 capita
404 403 531 467 trabeam,
550 417 671 475 quosque
690 406 748 476 ipse
772 406 887 462 latratus
908 405 994 479 magis
1006 406 1032 467 Α
1044 408 1139 470 gantos
1151 400 1202 455 sub
1219 408 1302 457 cantu
1317 401 1344 456 iu
1355 400 1495 475 molesta
1511 404 1662 460 trahebant.
1679 404 1833 462 Secundum

204 495 307 550 bestias
329 508 411 565 quant
433 492 556 548 homines
576 494 780 551 conflteturzhi
798 497 827 551 in
849 496 923 554 india
946 512 994 551 na·
1044 491 1186 546 veritatem
1199 498 1290 547 autem
1311 494 1468 550 meretrices
1485 494 1602 561 luerunt,
1618 510 1678 566 quae
1695 503 1834 551 transenn-

203 591 327 641 scnntur.
350 581 481 653 Cyclopes
498 598 605 655 quoqne
630 586 725 641 eadem
749 586 823 641 lollio
848 588 944 657 gignit,
967 596 994 641 or
1045 585 1096 643 tes,
1121 580 1249 648 quonlam
1269 580 1438 637 deducebant
1456 584 1491 638 ad
1510 593 1668 655 egestatem,
1690 587 1733 643 his
1762 588 1835 644 lictae

203 673 268 730 dicti
294 673 421 746 cyclopes
443 688 477 729 eo
499 676 570 745 ortod
603 692 685 731 unum
710 677 810 733 hahere
834 678 942 733 oculum
965 679 993 732 in
1044 680 1108 728 sunt
1126 671 1225 728 interne
1246 672 1395 745 naufragia.
1409 676 1576 731 hlasantem
1596 676 1723 734 hahuisse
1741 688 1770 734 et
1783 696 1834 736 ιιιι-

202 763 293 817 ironte
307 763 395 817 media
408 763 635 831 perhibentur.Hi
652 775 681 822 et
690 767 884 837 agriophagitae
897 768 993 822 dicor·
1044 762 1131 833 gulas,
1143 765 1207 834 quia
1225 779 1302 818 amor
1313 774 1341 819 θῑ
1351 765 1424 820 l⁰¹³l
1442 774 1469 820 θῑ
1488 766 1626 833 vulnerat;
1642 776 1723 839 &tutte
1739 770 1767 824 ἧι)
1783 769 1834 826 flu·

204 864 249 907 tnr
276 862 389 923 propter
419 853 490 907 solas
520 852 638 909 serarum
665 871 778 923 carnes,
804 873 872 927 quas
900 859 992 912 edunt.
1045 852 1134 907 ctihus
1149 867 1334 909 commorasse
1353 854 1492 920 dicuntur,
1513 856 1575 926 qnia
1589 855 1688 913 lluctus
1701 858 1835 915 Venerem

201 944 331 1000 Lemnias
345 945 371 999 in
384 943 469 1014 Libya
481 946 596 999 credunt
609 954 719 1001 truncos
732 948 790 1002 sine
802 949 890 1018 capito
908 949 1008 1023 uani,
1044 952 1213 998 creaverunt
1236 941 1353 1015 Scyllam
1367 959 1474 1015 quoque
1486 945 1576 1000 ierunt
1595 945 1724 1002 seminam
1740 947 1836 1019 eapiti-

203 1045 233 1088 ιι
248 1050 281 1088 os
297 1034 430 1090 etoculos
448 1034 548 1090 habere
564 1035 589 1089 ιιι
606 1045 725 1105 pectore.
745 1037 820 1092 alios
838 1037 897 1093 sine
911 1039 995 1093 eervi-
1044 1033 1094 1090 bus
1107 1036 1271 1106 succinctam
1289 1036 1396 1092 caninis
1406 1053 1467 1094 cum
1484 1036 1628 1094 latratibus
1651 1039 1756 1110 magnis
1768 1054 1833 1110 pro·

201 1126 281 1180 cibos
292 1124 364 1195 gigni
386 1123 480 1180 oculos
499 1124 630 1181 habentes
650 1126 679 1180 in
695 1127 827 1182 humeris.
850 1127 879 1181 ln
899 1128 994 1182 ultimo
1044 1131 1105 1193 pter
1118 1122 1217 1178 fretum
1237 1122 1321 1179 Siculi
1336 1125 1471 1191 marleio
1485 1141 1540 1196 quo
1554 1128 1713 1198 navigantes
1725 1128 1836 1184 vertici·

201 1227 295 1270 autem
309 1215 427 1271 Orientis
441 1222 620 1271 monstruosos
630 1218 749 1286 gentium
768 1216 853 1272 iacies
870 1215 995 1272 scribon·
1045 1215 1095 1269 bus
1115 1216 1141 1269 in
1156 1230 1186 1270 se
1206 1218 1427 1271 concurrentium
1442 1218 1574 1272 undarum
1597 1218 1720 1273 exterriti
1735 1217 1837 1273 latrare

201 1316 257 1361 tor.
270 1307 338 1361 Aliae
350 1307 409 1361 sine
422 1307 533 1361 naribus
545 1307 642 1376 equali
662 1307 742 1362 totius
760 1307 816 1363 oris
832 1308 942 1378 planitie
955 1308 994 1361 in·
1045 1304 1202 1360 existimant
1212 1304 1308 1371 undas,
1322 1321 1390 1376 quas
1401 1306 1537 1362 sorbentis
1550 1316 1632 1362 aestus
1644 1322 1745 1378 vorago
1759 1307 1835 1363 colli·

201 1399 305 1454 tornes
325 1398 457 1452 habentes
473 1396 572 1452 uultus.
597 1397 649 1453 Alii
670 1397 746 1454 labro
758 1399 910 1453 subteriore
926 1399 993 1453 odeo
1045 1394 1093 1449 dit.
1123 1394 1243 1465 Pirtgont
1269 1403 1298 1451 et
1322 1404 1443 1451 monstra
1463 1397 1585 1477 quaedam
1610 1396 1835 1451 irrationabilium

200 1491 383 1561 prominente,
397 1497 426 1542 ut
437 1490 465 1543 in
480 1488 544 1543 solis
553 1489 696 1544 ardoribus
709 1498 793 1545 totam
807 1504 841 1543 ex
855 1488 992 1544 eolaciem
1045 1485 1233 1548 animantium,
1262 1493 1293 1540 ut
1317 1485 1464 1541 Cerberum
1488 1484 1636 1542 interorum
1658 1500 1754 1542 canem
1782 1486 1834 1541 trio

200 1588 348 1650 contegant
368 1579 542 1634 dormientes.
568 1578 636 1634 Aliis
653 1589 780 1635 concreta
794 1595 841 1635 oro
859 1594 920 1635 esse
936 1595 994 1634 mo-
1045 1576 1133 1647 capita
1148 1568 1292 1632 nabentem
1304 1593 1312 1629 r
1324 1574 1508 1647 significantes
1522 1587 1572 1647 per
1585 1591 1647 1631 eum
1660 1584 1715 1631 tres
1730 1583 1834 1642 aetates,

200 1671 263 1728 dieo
278 1680 381 1727 tantum
396 1670 537 1736 toramine,
552 1671 663 1728 calamis
674 1689 821 1727 arenmum
837 1672 993 1728 haurientes
1044 1683 1094 1738 per
1108 1683 1176 1736 quas
1190 1683 1264 1723 mors
1276 1667 1413 1722 hominem
1432 1667 1555 1731 devorat,
1570 1666 1596 1726 id
1611 1674 1662 1732 cst,
1682 1665 1833 1732 infantiam,

199 1774 305 1834 pastus.
317 1761 443 1817 Norrnolli
459 1763 518 1816 sine
531 1762 631 1833 linguis
643 1777 705 1818 esse
715 1764 851 1828 dicontur,
866 1764 892 1818 in
905 1763 991 1818 ricem
1008 1760 1225 1836 pinventutem
1242 1767 1425 1826 senectutem
1439 1772 1519 1829 quem
1531 1757 1639 1830 quidem
1652 1757 1713 1814 ideo
1734 1757 1834 1813 dictum

199 1854 337 1909 sermonis
353 1862 461 1908 steriles
479 1862 545 1908 nutu
569 1855 626 1909 sire
657 1863 741 1910 motu.
767 1854 893 1910 Panotios
922 1856 992 1924 opud
1045 1851 1191 1908 Cerberum
1205 1859 1313 1920 putam,
1326 1866 1405 1921 quast
1426 1835 1600 1916 creovorum,
1609 1850 1636 1905 id
1654 1857 1708 1916 est,
1724 1864 1834 1905 carnem

200 1944 343 2016 Scythiam
360 1959 419 1999 csse
441 1943 540 2009 ierunt,
560 1944 725 2000 tamdillusa
743 1947 990 2017 magnitudinem·
1043 1956 1152 1996 vorans.
1178 1940 1276 1996 llicunt
1297 1949 1325 1996 et
1346 1939 1463 2012 Hydram
1487 1947 1640 2011 serpentem
1655 1954 1716 1994 cum
1738 1952 1835 1993 norem

200 2037 284 2102 rium,
307 2045 338 2091 ut
353 2051 434 2091 omne
459 2051 557 2105 corpus
570 2044 714 2106 contegant
726 2057 732 2092 :
745 2053 796 2108 pan
811 2039 884 2094 enim
897 2037 992 2094 Cresco
1042 2034 1187 2106 capitibus,
1202 2048 1262 2104 quae
1276 2032 1372 2088 Latine
1385 2032 1478 2088 Cedra
1492 2033 1601 2097 dicitur,
1616 2031 1689 2100 quod
1701 2045 1755 2086 uno
1765 2045 1835 2086 caeso

199 2140 328 2181 sermone
339 2139 431 2191 omne,
446 2126 531 2179 othim
545 2141 626 2180 aures
637 2127 773 2181 dicuntur.
792 2126 949 2182 hrtahatice
964 2127 991 2182 ιιι
1043 2126 1094 2181 tria
1106 2124 1196 2195 capita
1208 2123 1411 2180 excrescebant.
1430 2121 1484 2178 Sed
1495 2130 1601 2178 constat
1613 2120 1732 2194 Hydram
1746 2119 1835 2175 locum

198 2212 341 2286 AEtbiopia
365 2216 462 2286 proni,
491 2225 521 2271 ιιι
547 2232 664 2287 peoora,
689 2219 827 2275 ambolare
852 2219 990 2274 dicuntur.
1044 2215 1130 2273 luisse
1141 2224 1314 2272 emanantem
1327 2229 1423 2283 aquas,
1437 2220 1590 2293 vastamem
1611 2212 1728 2267 vicinam
1742 2210 1836 2266 cirita·

198 2304 446 2377 Quadragesimum
465 2308 515 2363 arti
539 2323 639 2363 annum
662 2308 752 2365 nullus
778 2310 990 2380 supergreditur.
1044 2316 1110 2373 tem,
1126 2308 1153 2363 in
1166 2323 1231 2379 qno,
1244 2322 1298 2362 uno
1319 2314 1410 2362 meatu
1433 2305 1536 2371 clauso,
1549 2304 1627 2360 mulli
1648 2305 1834 2374 erumpebant.

198 2395 293 2470 sarsit
304 2399 498 2456 homunciones
510 2407 573 2455 sont
586 2401 698 2456 aduncis
712 2401 832 2467 naribus,
846 2416 947 2457 cornua
963 2400 991 2456 in
1045 2400 1122 2467 Quod
1135 2397 1263 2454 ilereulcs
1275 2397 1380 2460 ridens,
1395 2396 1454 2452 loca
1469 2395 1526 2466 ipsa
1544 2395 1658 2461 exussit,
1669 2394 1754 2476 etsie
1766 2407 1835 2464 aqua

198 2489 347 2557 homibus,
369 2499 398 2547 et
418 2507 560 2563 caprarum
581 2494 693 2563 pedibus
713 2493 951 2562 simileszoualem
964 2495 992 2549 in
1044 2494 1142 2551 clausit
1152 2500 1269 2548 meatus.
1283 2491 1351 2547 Nam
1365 2489 1457 2562 Hydra
1465 2489 1500 2545 ob
1513 2504 1585 2559 aqua
1595 2488 1666 2546 dicta
1684 2495 1736 2544 est.
1751 2485 1837 2557 liuius

197 2579 347 2637 'solitudine
369 2580 503 2637 Autumus
524 2581 678 2656 (hotoniml
706 2592 816 2639 sanctus
841 2583 919 2649 vidit,
945 2583 992 2654 oni
1045 2584 1209 2639 mentionem
1225 2580 1290 2637 lacit
1303 2581 1462 2637 Ambrosius
1482 2580 1510 2635 in
1530 2579 1734 2635 similitudinem
1754 2578 1838 2633 here·

198 2672 283 2727 etiam
302 2672 511 2742 interrogatusa
532 2671 579 2726 liei
602 2686 691 2736 seruo,
708 2671 879 2742 respondisse
895 2670 992 2736 terror,
1044 2676 1115 2731 sium
1128 2676 1221 2732 dicens
1233 2694 1239 2730 :
1252 2674 1369 2730 Heresis
1378 2674 1451 2729 enim
1463 2673 1540 2744 quasi
1554 2672 1678 2743 quedam
1693 2670 1783 2742 ilydrc
1796 2667 1836 2726 is·

199 2762 318 2817 dicens:
337 2760 531 2831 hortatione
549 2778 619 2827 aum.
641 2779 711 2817 onus
735 2778 768 2817 eo
788 2761 884 2817 accolis
902 2762 992 2828 eremi,
1045 2768 1169 2824 buthroto
1182 2766 1337 2823 vulneribus
1349 2767 1406 2821 suis
1422 2766 1522 2831 crevit,
1534 2772 1562 2820 et
1573 2764 1638 2820 dum
1650 2779 1722 2835 saepe
1740 2762 1837 2831 recipi·

198 2868 265 2922 quos
279 2852 354 2905 corio
370 2850 462 2906 ddum
482 2867 570 2905 errore
582 2851 714 2938 pentilitnr
728 2851 822 2921 [aanor
842 2861 995 2922 actoresque
1046 2868 1101 2925 sor,
1111 2858 1225 2930 pullulat
1243 2857 1298 2929 igni
1312 2857 1413 2922 oleoso,
1432 2856 1610 2926 {mossoque
1625 2855 1754 2926 pertusos,
1768 2853 1835 2910 mn.

198 2942 273 2995 cotit.
294 2939 392 2996 Dicunt
407 2942 516 3012 quidam
533 2956 595 2998 esse
616 2941 754 2997 silvestres
773 2941 908 3006 homines,
927 2955 995 3011 qnos
1045 2951 1323 3022 gonssschlmaerom
1338 2948 1488 3004 triformem
1509 2946 1706 3018 hostiamque)
1723 2961 1771 3002 oro
1792 2954 1836 3002 oss

197 3031 324 3088 nonnulli
339 3030 430 3087 fatuos
444 3030 551 3088 sicarios
566 3042 673 3088 vocant.
688 3032 850 3103 sciopodum
863 3047 930 3104 geos
943 3032 996 3087 ler·
1044 3040 1097 3105 loo,
1114 3039 1258 3111 postremis
1277 3039 1399 3110 portibus
1418 3037 1509 3105 orooo,
1525 3037 1613 3092 modio
1634 3051 1727 3107 capro.
1748 3035 1836 3104 Quam

196 3137 244 3183 tur
258 3129 287 3182 in
308 3127 448 3197 AEtbiopia
468 3128 581 3199 singulis
599 3129 725 3184 cruribus
743 3135 771 3183 et
784 3127 922 3183 celeritate
943 3125 1030 3188 mi-s,
1045 3133 1154 3204 quidam
1168 3130 1320 3204 physiologi
1340 3147 1394 3188 ooo
1408 3129 1518 3195 animal,
1531 3130 1578 3185 sod
1595 3126 1698 3184 Ciliciae
1714 3134 1836 3182 montem

197 3218 291 3285 rabili,
315 3233 385 3288 quos
406 3218 469 3274 inde
482 3219 623 3288 sciopodas
636 3217 724 3274 Ctaeoi
750 3225 852 3279 vocant
867 3232 901 3273 eo
920 3217 993 3287 quod
1044 3241 1105 3282 osso
1125 3226 1209 3292 olunt,
1229 3224 1389 3296 quibusdam
1409 3223 1475 3279 locis
1495 3222 1588 3278 leones
1604 3229 1633 3277 et
1655 3222 1769 3290 capreas
1789 3233 1838 3271 nu·

196 3325 249 3380 per
261 3317 359 3364 esrom
370 3308 398 3363 in
415 3318 485 3363 term
501 3307 619 3378 resupini
630 3310 751 3377 jacentes
768 3308 867 3377 pedum
882 3321 993 3363 suorum
1044 3316 1183 3382 trientem,
1194 3315 1355 3386 quibusdam
1369 3315 1520 3379 ardentem,
1533 3310 1693 3383 quibusdam
1705 3308 1840 3379 serpenti·

158 3440 161 3445 .
198 3398 387 3470 magnitudine
400 3397 606 3453 adumbrantur.
622 3396 771 3469 hottpodas
783 3398 811 3453 in
821 3397 905 3470 hihya
918 3396 994 3470 plan·
1045 3405 1097 3461 bus
1119 3404 1236 3475 plenam.
1255 3402 1331 3458 llonc
1344 3400 1559 3471 Bellerophontis
1572 3397 1747 3456 habitabilem
1760 3396 1835 3453 lecit.

196 3495 348 3542 “Simas
369 3487 472 3542 babent
492 3497 554 3558 9⁰82
567 3503 659 3554 crura,
674 3497 701 3543 et
716 3497 827 3544 octenos
843 3488 943 3559 digitos
965 3489 993 3543 in
1046 3494 1123 3552 Unde
1135 3494 1298 3550 Chimaeram
1316 3494 1415 3550 dieitur
1429 3492 1577 3549 occidisse:
1589 3488 1732 3549 Centauris
1746 3497 1837 3543 autem

197 3577 310 3647 plantis.
325 3577 440 3648 ippodes
457 3577 484 3631 in
503 3577 613 3650 Scythia
628 3587 700 3643 suut.
717 3579 863 3633 humanam
878 3576 993 3634 sormam
1045 3586 1152 3657 species
1165 3585 1324 3643 vocobulum
1340 3585 1447 3650 indidit,
1462 3584 1553 3649 idest,
1567 3581 1705 3639 bominem
1725 3580 1837 3635 mistum

197 3673 224 3722 et
241 3668 359 3737 equinos
374 3667 457 3738 pedes
469 3666 609 3725 habentes.
624 3668 655 3723 ln
667 3667 740 3725 ludia
753 3668 843 3724 icrtrnt
856 3684 916 3725 esse
929 3686 994 3741 gen·
1044 3692 1126 3747 oqoo.
1151 3677 1224 3743 Quos
1248 3676 1357 3745 qsilooos
1379 3673 1484 3746 equites
1510 3672 1701 3730 Thessalorum
1722 3671 1834 3730 dicunt:

196 3769 263 3823 tem,
284 3761 333 3832 qui
353 3760 483 3816 llacrobii
508 3768 709 3832 nuncupantur,
732 3763 873 3820 duodecim
895 3765 994 3835 pedum
1044 3770 1092 3825 sed
1114 3784 1164 3840 pro
1177 3784 1210 3825 eo
1237 3768 1309 3843 quod
1325 3767 1508 3824 discurrentes
1528 3766 1555 3831 io
1576 3764 1646 3822 hello
1664 3762 1737 3820 relut
1756 3776 1837 3818 unum

197 3860 333 3908 staturam
360 3853 502 3910 habentes.
536 3853 584 3910 Est
605 3863 633 3910 et
657 3870 723 3926 gens
748 3856 786 3912 ibi
814 3865 919 3913 statura
945 3874 994 3914 cu·
1045 3875 1143 3931 corpus
1162 3875 1293 3930 equorum
1311 3867 1339 3914 et
1361 3859 1500 3915 hominum
1514 3858 1680 3921 uiderentur,
1696 3855 1759 3910 inde
1777 3869 1839 3910 cen-

197 3942 305 4009 bitalis,
321 3958 390 4014 quos
407 3943 624 4000 Craectaeublto
644 3944 784 4017 Pygmaeos
801 3958 909 4014 vocant,
926 3963 995 4017 onos
1046 3959 1137 4006 muros
1151 3950 1238 4006 suctos
1254 3957 1421 4006 asseverant.
1441 3948 1528 4011 Porro
1542 3947 1774 4004 ldinocentaurum
1788 3960 1838 4000 no·

155 4058 162 4073 -
197 4034 297 4107 volgus
312 4035 540 4104 septemcaulinos
561 4046 659 4093 vocant
679 4052 712 4093 eo
737 4039 809 4109 quod
823 4048 928 4109 septem
944 4038 995 4095 soh
1045 4057 1107 4098 mco
1122 4042 1317 4111 sumpsissem
1333 4037 1709 4109 tauroetbomioe:qualem
1721 4037 1837 4093 bestiam

197 4140 254 4180 uno
276 4124 364 4181 caule·
379 4126 574 4195 requiescum:
589 4127 624 4182 de
636 4142 689 4196 qua
710 4129 938 4199 supradiximus.
961 4128 994 4183 lli
1045 4132 1139 4189 dieunt
1160 4131 1281 4187 fabulose
1304 4133 1331 4187 in
1346 4130 1513 4202 labyrintho
1528 4128 1661 4184 inclusum
1681 4126 1774 4184 luisse.
1797 4127 1837 4183 Dc

197 4224 329 4271 monem
347 4214 430 4271 lodie
442 4223 544 4273 tenent.
559 4216 658 4286 quihus
675 4217 781 4273 ricinos
794 4226 838 4274 est
859 4218 992 4274 Oceanus.
1045 4238 1098 4294 qua
1110 4221 1240 4279 Ovidius:

196 4307 349 4365 Perhibent
360 4317 390 4365 et
400 4309 428 4364 in
442 4310 537 4366 eadem
551 4310 624 4367 ludia
637 4327 698 4369 esse
709 4321 816 4384 gentem
834 4311 994 4370 seminarum
1108 4313 1313 4372 Semibovemque
1324 4313 1412 4373 rtrum,
1426 4310 1618 4372 semivirumque
1630 4308 1728 4359 horem.

196 4414 260 4471 qim
281 4399 473 4471 qotoqooooos
494 4402 651 4471 concipiunt
670 4410 699 4458 so
722 4412 847 4459 octavum
865 4405 995 4461 vomo.
1046 4394 1361 4450 Onoeentsurumautem
1378 4393 1469 4447 uocari
1482 4407 1516 4448 co
1530 4390 1603 4461 qur-d
1617 4390 1705 4446 media
1720 4389 1837 4449 hominis

196 4504 264 4543 ιιιιιιι
282 4503 339 4543 non
351 4489 496 4546 excedunt.
512 4491 611 4547 Dicunt
630 4503 721 4549 autem
733 4502 762 4549 et
782 4494 835 4550 alia
854 4495 992 4551 bominum
1007 4473 1033 4532 D
1046 4486 1146 4556 specie,
1164 4483 1252 4539 media
1268 4482 1339 4537 ³⁸5¹st
1350 4497 1410 4538 0⁸⁸0
1421 4482 1528 4537 dicatur
1539 4499 1546 4536 ἰ
1558 4481 1629 4536 sicul
1644 4489 1671 4535 0²
1684 4479 1836 4551 ffilltittoen·

197 4579 324 4635 fabulose
337 4588 474 4651 portenta,
496 4596 556 4652 quae
570 4598 623 4638 non
636 4593 708 4649 sunt,
722 4584 770 4638 sed
783 4585 845 4640 licta
862 4585 994 4663 incensis
1046 4586 1155 4641 tattros;
1175 4576 1247 4645 quod
1269 4588 1401 4646 equorum
1424 4574 1618 4645 bominumque
1642 4574 1669 4627 in
1684 4574 1724 4628 eis
1741 4580 1837 4626 natura

197 4686 291 4726 rerum
308 4671 534 4740 interpretantur,
547 4680 577 4726 ut
590 4672 741 4745 Geryonem
755 4674 891 4745 llispaniae
904 4692 994 4748 regem
1046 4669 1188 4740 coniuncto
1204 4666 1288 4723 luisse
1300 4676 1421 4737 pumtur.
1438 4665 1493 4723 lioo
1504 4681 1611 4737 otioque
1624 4667 1772 4721 notandum
1784 4672 1836 4729 est,

197 4764 298 4834 triplici
317 4763 406 4819 lorma
426 4765 570 4834 praeditum
582 4780 590 4820 ι
603 4764 712 4822 luerunt
735 4768 807 4823 onim
822 4777 879 4835 ross
897 4768 996 4824 tratres
1046 4763 1118 4831 quod
1130 4760 1274 4830 aliquando
1294 4760 1443 4830 prophetici
1464 4768 1541 4815 actus
1561 4768 1684 4830 portenta
1701 4757 1836 4819 dicuntur,

197 4866 281 4913 unte
293 4856 460 4923 concordiae,
473 4863 504 4911 ιιι
526 4857 553 4912 ιιι
576 4857 832 4928 tribuscorporihus
847 4860 923 4931 quasi
943 4874 996 4915 nna
1047 4868 1109 4909 eum
1130 4852 1230 4923 aliquid
1253 4853 1286 4908 dc
1310 4850 1409 4907 tutoris
1427 4854 1611 4923 presignant:
1626 4860 1656 4906 ιιι
1677 4850 1752 4915 iliud,
1766 4847 1839 4919 quod

197 4948 292 5003 anima
304 4954 387 5003 esset
404 4945 543 5018 Gorgones
560 4963 668 5019 quoque
681 4930 838 5005 meretrices
846 4951 952 5006 crinito
964 4967 995 5006 os
1049 4944 1179 5000 Dominus
1192 4944 1227 4999 ad
1240 4943 1408 4999 Ezechielem
1423 4943 1479 4998 ait:
1492 4942 1546 4997 Fili
1563 4942 1686 5006 ιιιιιιιιιιιι,
1700 4939 1760 4994 dedi
1769 4950 1795 4993 te
1809 4939 1838 4992 in

198 5044 396 5107 serpentesque
421 5037 584 5107 aspicientes
605 5039 800 5095 convertebant
826 5039 853 5103 in
881 5037 993 5110 lapides,
1048 5036 1151 5106 siprtroa
1164 5044 1189 5088 et
1201 5044 1348 5104 portentum
1363 5034 1454 5089 domui
1467 5030 1553 5087 lrroel
1563 5029 1671 5104 (Erech.
1686 5027 1748 5100 su).
1762 5027 1838 5085 Unde

198 5125 333 5182 hahentes
343 5142 427 5181 unum
438 5124 557 5193 oculum,
569 5143 623 5198 quo
633 5129 748 5184 inuicem
760 5130 913 5184 utebantur.
926 5129 995 5184 Fue
1050 5129 1121 5195 idem
1155 5126 1288 5196 propheta
1314 5125 1412 5196 legitur
1430 5118 1723 5193 jussus.dormire·in
1753 5117 1838 5175 latere

199 5224 265 5268 runt
284 5224 377 5271 autem
394 5225 450 5271 tres
463 5230 572 5271 sorores
586 5218 666 5271 unius
680 5216 897 5288 pulchritudinis,
917 5219 995 5288 otiosi
1049 5221 1146 5277 dextro
1159 5221 1192 5275 ad
1213 5230 1327 5290 tempus,
1343 5228 1371 5275 ct
1381 5220 1444 5273 item
1458 5218 1484 5272 in
1505 5217 1590 5272 latere
1601 5213 1712 5270 sinistro
1723 5213 1758 5271 ad
1770 5222 1839 5270 tem·

197 5308 375 5371 nomenonii,
391 5323 452 5378 quse
470 5309 507 5362 ita
524 5315 691 5377 spectatores
705 5323 769 5364 suos
787 5319 942 5379 stupescere
953 5309 994 5365 la·
1049 5326 1109 5381 pus,
1125 5320 1154 5364 ιιι
1173 5311 1370 5381 praefiguraret,
1386 5309 1458 5378 quod
1470 5284 1609 5362 Dominus
1618 5305 1717 5376 populo
1733 5303 1839 5361 israeli·

197 5397 319 5465 ciebant,
334 5407 484 5454 utrcrtere
496 5386 552 5454 'eos
568 5408 728 5468 putarentur
749 5401 776 5454 ιιι
795 5400 906 5470 lapides.
924 5400 996 5457 Sirs
1050 5404 1105 5458 tico
1121 5403 1149 5457 ιιι
1168 5403 1314 5457 uindictam
1330 5402 1439 5457 evenire
1460 5398 1578 5455 nolebat.
1601 5399 1668 5454 ltcm
1685 5398 1785 5470 legitur
1805 5397 1840 5453 tle

197 5506 252 5547 nas
266 5502 321 5549 tres
339 5490 542 5564 fingentiuisse
555 5505 589 5547 ex
601 5502 679 5562 parte
690 5491 820 5563 virgines,
834 5503 862 5546 et
874 5508 906 5547 ex
919 5501 996 5563 parte
1049 5494 1128 5558 baia,
1154 5493 1226 5561 quod
1252 5493 1339 5548 nudtrs
1361 5502 1389 5546 et
1408 5490 1581 5579 discalciatus
1603 5491 1782 5547 ambulaverit
1805 5488 1840 5546 ml

197 5584 336 5653 volucres,
345 5584 479 5642 habentes
489 5585 547 5640 alas
556 5584 720 5655 etuugolas:
730 5599 906 5653 ‚qnarumuna
918 5601 995 5651 voce,
1049 5583 1273 5655 praehgurandurn
1287 5582 1465 5638 vastationem
1479 5591 1558 5638 terrac
1571 5581 1775 5651 hudemamel
1795 5599 1841 5639 ca-

196 5672 286 5729 altera
302 5674 386 5737 tibiis.
402 5675 484 5730 tertia
498 5672 554 5744 lyra
572 5673 703 5739 canebat;
718 5688 777 5743 quae
791 5673 895 5730 illectos
919 5676 994 5737 oavi-
1048 5672 1200 5745 ptiritatem
1225 5674 1314 5746 populi
1342 5674 1493 5733 israelitici.
1517 5676 1551 5733 Et
1573 5678 1612 5733 sio
1637 5678 1837 5745 aliipropbete
