4042 6200
172 330 225 388 569
657 326 702 386 DE
721 323 894 382 tullenso
912 326 1000 383 stulu
1022 325 1102 383 xxti.
1122 358 1156 368 -
1175 328 1239 384 eto.
1260 330 1330 386 xxi.
1750 334 1804 393 ato

170 441 303 514 pientiam
313 436 656 510 spiritalemzhyaeinthus
665 438 803 493 caelestem
815 454 959 495 conversa·
974 444 997 502 Α
1011 440 1118 510 proprie
1155 439 1308 512 designant,
1338 443 1397 497 siue
1424 458 1476 512 qvia
1506 458 1586 498 neruo
1612 444 1655 498 vel
1678 448 1805 505 sacerdo·

171 535 273 589 tionem
297 547 304 584 :
326 543 446 601 purpura
473 527 768 600 martyriumzcoccus
795 530 838 585 his
865 529 964 584 tinctus
1015 534 1083 588 tium
1109 533 1268 603 suscipere,
1294 535 1335 590 vel
1362 538 1395 590 ad
1425 535 1521 591 altaris
1555 545 1645 609 potest
1675 540 1802 597 vrriniste-

170 620 315 678 charitatis
329 618 535 690 perfectionem,
556 635 616 690 qum
633 619 661 675 in
683 621 788 676 duohus
813 621 963 692 praeceptis
1014 628 1084 683 rium
1104 631 1267 694 consecrari,
1279 631 1305 686 id
1317 641 1368 694 cst,
1383 633 1466 688 sinon
1478 634 1607 705 autvirgo
1617 640 1805 704 permanserit,

170 714 286 779 hocest,
310 711 454 768 dilectione
466 711 514 766 llei
535 721 563 767 et
576 712 691 782 proximi
710 730 716 766 :
732 713 829 786 byssos
840 726 905 769 vero
919 728 965 769 ca·
1014 728 1061 776 aut
1081 722 1234 794 conjugium
1259 732 1353 779 eontra
1378 725 1479 781 uxoriae
1491 724 1806 795 conjunctionisioedera

170 803 292 860 stitatem
306 811 387 872 atque
400 800 562 856 munditiam
575 818 582 855 :
597 800 696 871 pileum
708 816 815 872 quoque
826 801 882 857 sive
896 801 964 858 tiara
1014 809 1137 867 solverit,

170 893 296 966 byssina,
309 907 370 963 quae
384 900 463 962 caput
478 891 586 963 tegebat
611 900 640 947 et
667 893 782 948 ornabat
802 893 964 956 sacerdotis.
1315 903 1430 961 CAPUT
1445 903 1503 960 xv,

171 985 302 1042 admonet
318 999 380 1039 cum
394 998 489 1039 ornnes
500 982 596 1054 capitis
607 998 704 1040 sensus
717 984 773 1039 lieo
787 992 965 1039 consecratos
1122 992 1160 1048 pe
1173 993 1281 1048 alvena
1296 995 1446 1049 nominibus
1460 996 1682 1053 vestimentorum,

171 1076 282 1142 lubere,
298 1092 333 1133 ¹¹0
346 1075 390 1130 *0¹
403 1074 472 1131 ῡθΰῐῑ
487 1073 546 1144 ⁰1⁰⁵
572 1075 682 1131 Videam
694 1076 849 1140 lanimem,
861 1075 904 1133 tel
917 1091 965 1131 ιιι·
1050 1084 1199 1141 Diversitas
1212 1086 1455 1141 vestimentorum:
1472 1093 1590 1158 mgmen,
1610 1096 1746 1160 tegumen,
1768 1088 1808 1144 in-

171 1182 214 1223 res
241 1166 374 1222 libentius
399 1165 533 1220 audiendo
552 1165 727 1237 opprobrium
751 1167 887 1236 accipiant
915 1167 964 1223 ad·
1015 1174 1555 1248 dmnentum,vcstimentum‚etreliqua.
1571 1177 1689 1250 ’regmen
1705 1180 1806 1237 dictum

170 1277 265 1319 uersus
291 1262 444 1334 proximam
469 1277 546 1316 suum
562 1280 568 1315 z
582 1276 614 1317 os
638 1262 758 1317 abundet
781 1263 903 1333 nequitia
919 1270 964 1319 :et
1015 1266 1132 1335 eoquod
1148 1272 1220 1337 tegat
1232 1267 1364 1331 membra,
1378 1267 1449 1322 sieut
1461 1277 1587 1338 tegumen
1602 1277 1685 1336 tecta,
1698 1286 1758 1341 qum
1769 1279 1810 1327 te-
1832 1306 1839 1320 ·

170 1354 262 1426 lingua
290 1353 428 1411 contineat
446 1353 537 1409 dolum
553 1372 560 1407 ι
574 1354 631 1408 siuc
646 1353 728 1408 etiam
750 1368 797 1408 cor
810 1353 919 1423 crapula
936 1362 963 1409 et
1015 1368 1080 1431 gunt
1091 1374 1214 1429 corpora.
1222 1356 1421 1414 vestimentum
1435 1375 1499 1416 vero
1513 1370 1565 1427 est,
1581 1362 1652 1432 quod
1674 1362 1808 1433 usquead

170 1449 305 1507 ebrietate
328 1448 535 1521 graveturzvel
556 1447 832 1517 ollactusraspersum
844 1447 963 1520 myrrha,
1014 1447 1158 1520 vestigium
1183 1447 1362 1519 protenditur,
1392 1448 1470 1518 quasi
1498 1450 1718 1522 vestigimentum
1743 1470 1749 1507 :
1777 1462 1807 1508 ut

170 1542 229 1598 aloe
243 1551 272 1599 ct
286 1542 468 1606 cinnamomo,
487 1541 586 1597 lectum
599 1543 752 1599 meretricis
771 1541 963 1613 amplectatur.
1015 1548 1058 1595 est
1072 1538 1162 1593 tonica
1186 1537 1287 1604 talaris,
1315 1538 1362 1594 scd
1385 1548 1412 1593 et
1428 1540 1480 1595 hoc
1493 1541 1659 1596 cousuetudo
1675 1543 1810 1599 sermonis

170 1632 273 1688 Tunica
291 1647 357 1688 vero
377 1632 553 1704 hyacinthina
575 1633 704 1699 ostendit,
722 1633 810 1704 qualis
832 1648 894 1690 esse
918 1633 966 1690 de·
1016 1639 1158 1686 auctorum
1182 1629 1333 1686 contundit.
1359 1630 1562 1699 indumentum,
1588 1635 1659 1703 quod
1685 1634 1758 1690 intus
1775 1636 1810 1691 ad

169 1724 232 1782 oeae
248 1725 306 1780 vita
317 1723 505 1790 sacerdotalis,
522 1725 575 1781 hoe
586 1734 639 1793 est,
653 1726 779 1797 superuis
793 1726 964 1782 solummodo
1016 1738 1114 1794 corpus
1125 1721 1810 1795 induitur,quasiintumentum.Discerniturautem

170 1813 316 1870 desideriis
341 1813 510 1871 incessanter
535 1815 651 1898 luteum,
677 1824 705 1871 et
731 1817 964 1873 conversationem
978 1802 1002 1863 Β
1016 1816 1159 1872 vestitusa
1176 1815 1261 1880 cultu,
1282 1817 1409 1886 quoniam
1427 1816 1509 1874 latius
1530 1819 1691 1889 intelligitur
1711 1819 1809 1876 cultus.

170 1899 245 1971 juxta
260 1901 421 1974 Apostolum
439 1902 523 1975 (Phil.
542 1904 585 1977 tri)
603 1902 708 1959 hahens
733 1904 759 1959 in
775 1905 864 1972 coelis,
877 1920 909 1960 ac
922 1905 965 1960 sui
1014 1903 1083 1961 ltem
1100 1903 1190 1960 cultus
1210 1904 1244 1959 ah
1264 1904 1368 1960 habitu.
1390 1905 1459 1961 Nam
1487 1907 1595 1963 habitus
1620 1909 1655 1964 ad
1681 1917 1809 1964 naturam

171 1991 324 2050 Salvatoris
336 1995 523 2051 indesinenter
533 2004 697 2067 exspectans
719 1997 876 2053 adventum.
899 1996 965 2066 Quae
1014 1996 1150 2067 pertinct;
1165 1996 1435 2054 cultusadhomines.
1446 1997 1684 2070 Pleraequeautem
1696 2002 1812 2057 vestium

170 2083 411 2149 videlicettuuica,
433 2085 504 2141 sicut
518 2093 547 2141 et
567 2085 690 2158 byssina,
714 2087 749 2142 ad
771 2088 854 2159 pedes
880 2103 965 2159 usque
1016 2093 1090 2141 anta
1105 2089 1438 2159 tempore,quomaaime
1461 2090 1490 2144 ln
1506 2105 1557 2146 osu
1570 2099 1644 2157 sunt,
1666 2091 1807 2164 appellan-

171 2177 344 2248 pertingebat
362 2195 370 2231 :
384 2177 455 2232 unde
467 2187 581 2249 uterque
593 2177 688 2236 Groeee
701 2180 811 2250 poderis
823 2190 866 2235 est
879 2179 964 2244 dicta,
1016 2185 1079 2233 tur:
1095 2185 1170 2233 anta
1187 2178 1267 2244 locis,
1288 2178 1334 2234 ubi
1348 2179 1390 2234 vel
1402 2179 1520 2250 primum
1534 2180 1677 2249 coniectae,
1698 2181 1740 2239 vel
1751 2197 1810 2238 ma·

169 2278 199 2324 ut
211 2270 414 2334 ostenderetur,
426 2269 465 2325 nil
478 2270 507 2326 in
518 2271 680 2328 sacerdotali
704 2272 760 2327 vita
782 2271 919 2327 inllrmmu
933 2287 965 2329 ac
1016 2267 1090 2323 xime
1104 2270 1299 2326 venditantur:
1315 2278 1361 2325 aut
1380 2287 1396 2327 a
1415 2287 1515 2341 genere
1534 2271 1653 2341 coloris,
1671 2280 1717 2336 aut
1729 2289 1745 2329 a
1759 2290 1809 2330 no-

170 2357 314 2414 sordidum
331 2374 472 2415 remanere
487 2377 494 2414 :
507 2360 556 2417 sed
568 2376 660 2430 omne,
676 2362 748 2432 quod
769 2369 872 2433 ageret,
888 2362 966 2432 quasi
1016 2358 1091 2414 mine
1103 2367 1283 2429 repertorum.
1301 2361 1422 2418 Vestitus
1436 2371 1528 2417 autem
1544 2363 1652 2434 quando
1669 2363 1696 2418 in
1711 2364 1809 2419 honam

170 2449 292 2507 ethereo
303 2448 395 2505 miore
410 2450 641 2521 speciosissimum
654 2452 682 2508 in
705 2453 831 2509 universa
843 2453 965 2509 membra
1016 2458 1121 2522 partera
1134 2452 1283 2524 accipitur,
1299 2454 1413 2525 mystice
1430 2452 1566 2528 significat
1579 2463 1627 2510 aut
1643 2455 1736 2522 iidem,
1754 2470 1808 2526 qua

172 2538 257 2608 clusa
271 2541 361 2611 capite
377 2555 463 2612 usque
476 2542 511 2598 ad
523 2543 607 2614 pedes
617 2543 706 2615 gratia
729 2543 860 2600 virtutum
873 2554 967 2602 conce.
1017 2538 1164 2595 induuntur
1184 2542 1270 2597 renati
1288 2542 1316 2596 in
1331 2543 1494 2613 baptismate
1510 2542 1611 2599 Christi
1629 2562 1636 2598 :
1652 2554 1700 2600 aut
1717 2545 1809 2600 chari-

172 2639 217 2688 cta
227 2647 291 2689 esse
305 2633 415 2689 debere.
437 2633 542 2706 Ephod,
562 2636 634 2706 quod
655 2652 722 2693 auro
743 2646 772 2694 et
784 2646 903 2709 quatuor
917 2654 964 2695 co.
1018 2634 1112 2684 tatem.
1128 2628 1206 2686 Unde
1220 2639 1262 2687 est
1276 2631 1351 2698 illud,
1364 2633 1437 2703 quod
1449 2634 1580 2705 propheta
1592 2634 1659 2690 dicit
1675 2634 1709 2691 de
1719 2635 1813 2692 Eccle-

173 2721 278 2778 loribtts
296 2732 456 2779 contextam
479 2733 549 2796 erat,
573 2735 601 2782 et
626 2726 728 2798 lapides
744 2729 880 2800 pretiosos
899 2747 967 2787 con·
1018 2717 1066 2773 site
1086 2726 1184 2773 ornatu
1198 2719 1226 2774 in
1245 2719 1398 2777 Psalterio:
1416 2722 1505 2777 Artitit
1517 2723 1608 2794 repioa
1619 2742 1635 2778 a
1646 2723 1747 2780 deutris
1760 2726 1812 2779 tais

173 2815 291 2887 scriptos
303 2817 460 2874 „ommibus
472 2818 587 2875 afiorum
603 2819 685 2876 {mel
706 2821 824 2878 iugem„
841 2822 965 2890 habebat,
1018 2806 1047 2860 iu
1060 2807 1301 2875 vesutadcuurnto,
1310 2811 1474 2864 circumdate
1488 2812 1612 2866 cunctata
1625 2809 1712 2882 (Psoi.
1726 2811 1811 2884 xmv).

174 2907 315 2978 ,fignificat
337 2908 435 2964 ponam
461 2913 647 2981 operationem
664 2912 743 2982 jum
764 2915 887 2985 exempl,
904 2930 968 2972 m,
1019 2897 1096 2965 Quod
1108 2899 1185 2966 dicit,
1198 2902 1226 2954 in
1240 2902 1333 2955 uestitu
1345 2901 1485 2966 deaurato,
1511 2917 1607 2957 aarum
1622 2903 1656 2958 ad
1670 2903 1814 2960 charitatis

173 3007 281 3056 arom
311 3010 442 3073 parrum,
465 3012 494 3059 ea
514 3006 675 3062 emptum
698 3007 840 3063 viantum,
864 3007 968 3079 pogio„
1020 2989 1150 3047 dehemus
1164 3000 1257 3062 aptare
1273 2992 1417 3065 fulgorem,
1438 2992 1502 3063 qrvia
1522 2994 1622 3049 virtute
1645 2994 1814 3050 circumdata

173 3105 249 3164 ergo,
263 3092 337 3163 φοι]
353 3103 394 3149 esc
415 3093 557 3162 rationale,
569 3096 642 3167 quad
655 3097 682 3153 in
694 3106 803 3169 „0010oe
817 3099 968 3157 sammon„
1022 3090 1117 3140 sancta
1130 3082 1286 3155 resplendet
1303 3083 1435 3140 Ecclesia.
1450 3084 1485 3140 Et
1503 3100 1538 3141 ne
1559 3082 1644 3141 solam
1660 3083 1697 3141 lhi
1714 3083 1815 3141 iutelli-

172 3181 476 3252 poneltuu1¹‚0soendjt‚
503 3185 575 3256 quod
589 3187 755 3243 sacerdos&
774 3188 967 3259 fenim-populi
981 3149 1004 3213 C
1019 3188 1099 3247 geres
1119 3175 1354 3232 essecharitatem
1372 3177 1536 3241 tineosum,
1560 3176 1650 3243 dlxii,
1675 3175 1814 3245 deaurato,

172 3273 221 3332 [tei
236 3275 331 3333 omnia
346 3276 425 3333 debet
437 3276 634 3335 racionabiliter
643 3294 734 3349 agere,
751 3290 779 3337 ,ῃ
792 3281 968 3339 mmmm.
1019 3280 1075 3320 uon
1097 3280 1203 3322 aureo:
1220 3266 1381 3351 deauratrrm
1399 3267 1471 3322 enim
1490 3266 1626 3334 dicimus,
1644 3267 1752 3338 quando
1766 3284 1814 3324 su-

173 3382 223 3439 per
235 3367 446 3425 examinem
469 3368 594 3441 malaque
606 3370 772 3431 discernere,
786 3371 864 3440 Quod
874 3380 966 3429 amem
1019 3355 1148 3425 perducta
1165 3355 1269 3425 species
1284 3354 1343 3410 auri
1359 3353 1385 3410 in
1400 3353 1491 3425 aliqua
1507 3355 1620 3411 materia
1646 3355 1807 3428 glutinatur.

173 3456 200 3512 ia
220 3456 349 3513 ratiormli
359 3465 476 3526 quatuor
484 3458 594 3515 ordines
603 3457 713 3525 luerint,
723 3469 751 3517 et
761 3461 859 3518 horum
870 3460 967 3533 singull
1018 3448 1182 3505 ldeoautem
1195 3465 1278 3521 supra
1294 3451 1409 3506 virtutes
1430 3450 1483 3506 alia
1498 3451 1586 3523 gratia
1604 3452 1747 3508 charitatis
1764 3469 1816 3525 ap·

172 3547 276 3619 quique
302 3556 358 3604 tres
374 3547 494 3604 habuere
508 3548 613 3619 lapidee
627 3567 636 3603 ·.
649 3548 714 3620 quid
730 3551 808 3606 nohis
828 3550 969 3608 intimatur
1018 3540 1120 3609 paruit,
1132 3539 1196 3611 quia
1215 3539 1304 3595 onruia
1316 3537 1375 3609 ejus
1394 3539 1500 3611 fulgore
1512 3541 1632 3598 excellit.
1649 3543 1743 3610 hddit,
1758 3544 1812 3598 cir-

174 3639 276 3711 inum,
289 3637 345 3695 nisi
358 3646 387 3693 ur
403 3638 431 3694 in
448 3638 594 3695 cucuphas
605 3654 666 3710 qum
684 3639 889 3712 distinguuntur
902 3657 969 3712 qua.
1020 3630 1177 3684 eumamicta
1213 3630 1346 3685 varietate.
1375 3628 1583 3688 Pcrscrntcmur
1616 3650 1667 3689 cur
1691 3633 1813 3691 Ecclesia

174 3739 236 3785 tuor
246 3729 442 3801 principaliter,
453 3729 534 3786 fldem
548 3738 650 3786 sanctae
661 3730 804 3787 'trinitatis
814 3730 967 3787 panaciam
1018 3720 1066 3774 lici
1081 3720 1115 3776 de
1127 3720 1210 3777 vestis
1223 3721 1355 3777 varietate
1374 3720 1510 3790 laudetur,
1526 3724 1568 3779 cni
1585 3733 1672 3780 totum
1696 3724 1814 3796 simplex

175 3819 334 3876 teneamus?
355 3817 502 3875 Possumus
514 3833 580 3874 saue
597 3819 625 3874 ia
640 3819 716 3876 vario
730 3820 828 3877 decore
849 3821 968 3890 lapidum
1019 3813 1143 3868 convenit
1159 3820 1241 3882 atque
1256 3814 1359 3869 unum?
1373 3812 1427 3870 Sed
1438 3816 1490 3870 hae
1504 3816 1695 3873 varietateaut
1708 3818 1816 3890 linguas

177 3926 232 3966 ηομ
246 3909 336 3966 sotum
347 3909 499 3966 clarium
514 3908 690 3966 multifariam
705 3910 969 3969 saoerdoulisactus
1019 3901 1181 3974 multiplices
1204 3902 1338 3974 signillcat
1356 3923 1362 3957 :
1379 3904 1443 3974 quia
1465 3906 1555 3961 curnis
1583 3922 1650 3977 gens
1665 3909 1815 3964 secuudum

175 4008 205 4057 ec
228 4001 375 4073 cogimus,
399 4016 495 4057 verum
522 4001 606 4057 eciam
635 4002 820 4073 spiritualium
842 4004 968 4074 accipere
1018 4005 1095 4045 suam
1123 3991 1239 4062 patriam
1266 3992 1294 4047 in
1308 3991 1431 4048 Ecclesia
1455 3993 1546 4065 psallit
1557 3994 1745 4051 auctorizant
1760 3997 1814 4052 tir·

174 4091 344 4147 charismata
371 4091 513 4158 vinnium,
536 4106 570 4147 20
597 4093 727 4148 miracula
751 4093 909 4159 mutorum,
933 4094 967 4150 (ιθ
1018 4089 1105 4136 tatum
1132 4081 1341 4151 pulcherrimam
1369 4083 1567 4141 diversitatem.
1594 4083 1714 4141 Ornatur
1736 4087 1810 4142 enim

175 4183 275 4254 quihus
288 4182 346 4254 ipse
358 4181 489 4239 Dominus
504 4180 786 4253 apostolislufirmoa,
810 4181 908 4254 iuquit,
922 4199 968 4237 ca·
1018 4192 1085 4231 auro
1095 4176 1288 4247 apostolorum,
1303 4187 1416 4247 argento
1426 4180 1815 4253 prophetarumgcmmisvir·

174 4283 241 4339 rate,
256 4281 375 4327 mortuae
394 4273 530 4338 suscitate,
550 4271 665 4343 leprosos
688 4271 967 4337 mahumedanorum
1017 4265 1120 4336 giuum,
1132 4280 1214 4321 eoceo
1225 4276 1386 4338 martynrm,
1399 4282 1521 4338 purpura
1541 4269 1741 4338 poenitentium.
1759 4269 1811 4327 lsta

174 4362 263 4433 ejicite
275 4361 385 4435 illatus
399 4360 439 4435 x).
459 4360 582 4418 Petalum
595 4369 686 4418 autem
706 4375 831 4425 aureum,
845 4360 896 4415 hoc
913 4367 966 4424 est,
1017 4370 1058 4415 est
1068 4372 1133 4430 ergo
1144 4359 1556 4431 varietasunitatis,quaeocalos
1565 4360 1672 4418 Domini
1684 4362 1814 4419 exomni·

174 4452 276 4508 lamina
288 4466 369 4507 aurea
381 4451 408 4506 in
421 4449 510 4509 ironte
523 4449 668 4521 pontificis,
679 4451 707 4506 in
719 4465 773 4521 qua
783 4459 907 4506 sanetum
913 4448 967 4505 Do-
1019 4449 1070 4505 hus
1084 4448 1210 4521 gentibus
1222 4449 1266 4519 pia
1281 4449 1485 4505 conversatione
1500 4450 1632 4522 placitura
1647 4453 1812 4509 contexitur.

174 4544 252 4610 mini,
268 4544 321 4599 hoc
344 4550 394 4609 est,
412 4557 511 4598 nomeu
537 4541 642 4597 Domini
657 4540 790 4611 scalptum
804 4550 857 4606 est,
871 4556 965 4597 sacra·
979 4502 1006 4563 D
1021 4541 1112 4599 Vestis
1140 4541 1329 4625 antiquissima
1354 4541 1493 4599 hominum
1521 4542 1572 4599 luit
1593 4543 1755 4615 perizoma,
1785 4546 1814 4603 id

175 4635 231 4692 tius
253 4634 361 4692 caeteris
389 4644 450 4690 erat
471 4634 659 4689 indumentum
695 4632 766 4689 illius
782 4641 831 4690 :et
857 4633 964 4689 merito.
1019 4640 1071 4698 est,
1085 4632 1306 4700 succinctorium,
1325 4648 1380 4705 qao
1395 4641 1499 4689 tantum
1520 4634 1648 4707 genitalia
1660 4644 1811 4709 contegan-

174 4729 244 4796 Quia
255 4728 327 4784 sieut
345 4727 436 4783 divina
455 4727 576 4798 potentia
587 4725 704 4792 canetis,
715 4740 777 4795 quae
798 4724 967 4791 creaviteu·
1021 4732 1075 4778 tur.
1098 4722 1288 4794 llocprimum
1314 4724 1393 4795 primi
1414 4724 1571 4782 mortalese
1586 4726 1660 4783 loliis
1685 4728 1815 4783 arborum

174 4819 329 4892 pereminet
348 4837 354 4873 :
371 4818 408 4874 ita
422 4817 575 4889 oportehat,
587 4826 727 4872 utuomen
755 4815 966 4888 ejus,eaetemm
1019 4814 1070 4871 sihi
1092 4815 1233 4883 lecerunt,
1257 4817 1365 4887 quaudo
1375 4824 1436 4889 post
1450 4817 1703 4888 praevaricationem
1713 4818 1810 4874 emhe-

174 4909 314 4981 pontilicis
327 4908 450 4965 habitum
464 4916 645 4977 ornatumque
656 4906 865 4975 transcendens,
883 4906 966 4965 altius
1020 4914 1127 4964 scentes
1139 4904 1262 4978 pudenda
1278 4905 1412 4962 velarunt.
1426 4904 1510 4978 Cujus
1520 4922 1600 4964 usum
1612 4908 1736 4978 quadam
1749 4904 1813 4960 bar-

175 5002 379 5075 prasemincret,
393 5009 422 5057 et
443 4999 516 5057 velut
528 5008 626 5056 cuneta
641 4996 824 5066 sanctificans,
838 4998 966 5055 eximiam
1018 5001 1093 5056 harae
1109 5008 1213 5073 penas,
1231 5000 1295 5056 dum
1316 5000 1373 5056 eint
1394 5000 1485 5068 nudae,
1500 5015 1587 5071 usqrie
1607 4999 1687 5055 hodie
1709 5006 1811 5054 tenent.

176 5095 204 5149 in
218 5093 278 5165 ejus
289 5091 379 5149 fronte
393 5092 486 5153 sedem
496 5100 610 5149 teneret.
622 5089 765 5164 Significat
776 5099 868 5147 autem
881 5091 967 5164 ipsam
1020 5090 1083 5147 llaec
1096 5098 1125 5147 et
1137 5089 1301 5162 campestria
1312 5097 1503 5161 nuncupantur
1511 5104 1561 5160 pro
1575 5104 1609 5145 eo
1623 5088 1694 5158 quod
1708 5087 1813 5144 hisdem

176 5188 353 5260 professionis
371 5196 471 5245 nostrae
496 5188 623 5245 lldaciam
635 5202 717 5258 quam
730 5186 863 5244 intrante
880 5198 969 5259 porta·
1016 5181 1150 5253 juvenes,
1165 5182 1210 5251 qui
1230 5181 1295 5237 nudi
1317 5187 1481 5237 exercentur
1507 5180 1535 5236 in
1550 5194 1667 5249 cainpo,
1686 5179 1812 5251 pudenda

176 5295 247 5345 mes
262 5279 384 5336 dieentes
394 5279 492 5351 singuli
505 5294 567 5336 eum
582 5277 712 5350 Apostolo
724 5297 731 5334 :
744 5276 967 5333 haemeraeo
1019 5276 1155 5349 operinnt.
1169 5273 1311 5329 Perizoma
1324 5287 1389 5343 crgo
1400 5272 1471 5342 quod
1484 5279 1653 5329 consuerunt
1663 5269 1744 5342 primi
1765 5285 1812 5342 pa·

176 5367 210 5422 tit
232 5366 355 5439 gloriari,
375 5368 427 5422 uiri
448 5367 477 5423 iu
491 5384 568 5422 cruce
583 5366 781 5422 domiuiooatri
794 5366 859 5422 lesu
871 5364 969 5422 Christi
1022 5373 1112 5421 rentes
1125 5363 1212 5420 nostri
1235 5363 1269 5420 de
1289 5362 1360 5418 loliis
1386 5360 1441 5427 tici,
1461 5370 1489 5416 et
1502 5375 1532 5416 se
1548 5359 1738 5433 contegebant,
1761 5360 1814 5417 hoc

176 5457 249 5533 (dat.
269 5459 319 5532 vr).
344 5458 522 5531 l‘erumquia
542 5460 577 5517 de
597 5459 704 5516 caeteris
728 5473 811 5530 supra
821 5466 968 5516 tractatam
1019 5453 1155 5529 significat
1185 5453 1258 5524 quod
1282 5452 1411 5509 seculum
1441 5465 1567 5521 asperum
1594 5449 1812 5520 amplectuntur,

175 5561 227 5619 cst,
251 5551 389 5609 feminalia
412 5569 472 5625 quac
486 5554 520 5610 ad
544 5553 717 5624 operiendam
747 5566 859 5607 earnem
884 5550 969 5621 tarpi-
1020 5548 1066 5617 qui
1089 5545 1228 5618 prurigine
1253 5542 1401 5614 voluptatis
1419 5539 1538 5598 carnalis
1563 5539 1686 5607 haerent,
1711 5539 1813 5611 quique

177 5642 280 5699 tudinis
307 5642 368 5700 lleri
389 5644 564 5711 mandantur,
581 5644 654 5699 illam
671 5642 838 5702 castimoniae
864 5641 968 5713 portio·
1021 5638 1126 5710 decepti
1140 5636 1267 5693 heretica
1282 5633 1427 5706 pravitate,
1442 5632 1568 5706 etgratia
1581 5631 1630 5687 Dei
1654 5630 1758 5696 nudati,
1774 5637 1813 5685 te·

177 5749 251 5803 netu,
279 5751 339 5807 quae
360 5737 508 5808 appetitum
540 5736 642 5807 copula
678 5732 826 5807 ctvrvjugalis
849 5732 966 5799 oohihct,
1021 5739 1147 5803 picturata
1159 5724 1593 5800 mendaciorum,tanquamlnlia
1609 5722 1813 5797 ocimotttgum,
