4042 6200
175 288 229 346 tbi
484 351 487 356 ⁴
571 288 753 348 expositio
773 290 807 346 tn·
825 290 1023 350 radiensis
1042 294 1246 358 Satoudms.
1264 326 1303 347 e·
1319 297 1383 355 ub.
1402 296 1424 352 1.
1469 297 1476 308 '
1755 289 1807 352 710

174 405 223 460 tit
231 402 319 469 eninm
328 403 391 475 pais
399 421 456 460 rrae
465 420 506 460 me
518 407 585 463 aiiii
596 411 703 478 potestis
712 408 799 480 {reem
809 409 900 474 (donn.
911 409 1008 482 sript
1023 412 1091 480 dies,
1102 416 1176 485 quia,
1187 416 1351 487 utpropbeta
1364 413 1414 479 ait,
1426 430 1443 466 u
1454 410 1581 482 principio
1590 425 1622 463 ea
1633 409 1723 464 dicier
1732 422 1808 465 crer-

212 491 273 563 Εθθ
285 491 421 563 “mima
441 510 483 547 Μ
494 494 588 566 distiti·
609 510 634 551 ²¹
645 497 691 567 titii
712 513 790 552 mane
813 497 920 568 ripiient
934 498 970 553 od
1012 504 1111 560 aitaris
1123 506 1344 577 paraetacenen
1359 519 1413 558 esse
1423 517 1482 556 rum
1495 497 1574 553 Putre
1585 499 1678 570 (niet.
1692 501 1730 569 r).
1742 500 1808 555 Erat

177 601 220 639 ure
232 583 366 639 iarenierrt
382 601 432 639 ate.
456 585 521 641 Tale
533 595 576 642 cst
595 596 625 643 et
641 587 668 642 in
682 588 843 660 Evangelio:
860 587 911 654 Qui
923 606 970 644 au-
1013 596 1094 661 -omni
1108 605 1231 666 tempore
1245 596 1339 652 indens
1355 595 1382 649 in
1396 593 1461 648 orbe
1476 601 1618 654 terrenam,
1631 590 1696 660 qrria
1710 598 1737 644 et
1746 606 1808 646 cum

176 686 229 731 um
252 675 341 746 difipit
356 692 407 742 me,
432 676 583 748 diiipetare
597 677 679 734 Patre
696 696 752 734 meo
765 689 789 733 er
802 696 849 750 epo
862 680 971 750 diiipuar
1022 693 1141 755 tempora
1156 688 1230 743 urbis
1243 702 1275 741 ac
1285 694 1485 741 creaturaeesse
1498 683 1655 752 coepissem,
1665 681 1724 751 ipse
1736 682 1809 752 quod

175 780 238 825 eum
260 774 285 818 et
308 764 481 834 manifestabo
494 765 519 819 ei
539 782 580 820 me
600 768 686 837 iprum
701 765 792 837 (doen.
808 765 874 836 xiv).
894 767 972 823 Mane
1021 783 1080 828 erat
1093 789 1155 829 eum
1170 785 1247 845 patre
1257 775 1328 830 iilius
1341 774 1476 837 manebat,
1488 773 1545 826 haee
1557 771 1617 825 ideo
1630 785 1665 826 ne
1675 771 1808 840 quismm

177 854 280 924 quippe
301 853 458 926 vigilantad
475 856 647 926 sapientiam,
664 856 712 927 qni
725 872 831 926 semper
844 857 971 912 innovato
1011 876 1083 916 cum
1097 864 1229 918 creaturis
1242 872 1270 918 et
1284 861 1451 930 temporibus
1463 860 1579 929 coepisse
1595 858 1762 928 perhiberet.
1776 857 1809 913 Et

177 948 279 1003 urerrtis
295 946 385 1003 sturio
397 947 431 1002 ad
449 945 551 1003 Christi
571 947 703 1004 visionem
720 948 876 1019 pertingere
899 956 972 1002 sata·
1015 950 1122 1007 ‚reticio
1132 954 1189 1023 ejas
1199 962 1260 1008 ruat
1276 968 1331 1007 erse
1348 969 1407 1006 cunr
1424 952 1487 1021 fifiis
1503 951 1648 1014 bantinum,
1659 948 1723 1019 quia
1736 949 1809 1004 desi·

177 1045 256 1106 gunt.
1021 1043 1099 1099 derat
1114 1043 1141 1098 in
1157 1058 1251 1098 eorum
1265 1057 1357 1097 amore
1372 1041 1520 1111 quiescere,
1540 1055 1590 1095 nos
1602 1040 1808 1110 bonorumgra·

213 1125 320 1180 dietum
330 1135 391 1180 sunt
401 1126 499 1181 diutia
508 1135 532 1181 et
542 1124 637 1197 pluria,
648 1143 708 1198 oper
719 1128 835 1197 superbe
849 1135 873 1182 et
890 1127 973 1197 justi·
1022 1133 1058 1187 tia
1072 1133 1229 1187 meritorum
1245 1132 1279 1186 ad
1292 1147 1322 1186 se
1335 1131 1477 1186 ridendum
1489 1129 1645 1199 perducere.

176 1220 226 1273 ria.
244 1217 318 1288 Opes
338 1220 471 1288 superbas
482 1233 547 1290 opes
569 1219 690 1275 excelsas
706 1219 782 1284 dicit,
804 1226 835 1274 ut
850 1219 971 1275 ecclesiia
1056 1220 1240 1276 Remesiana
1251 1221 1296 1292 pai
1307 1216 1602 1289 auditmr,quiripiiut
1615 1215 1812 1283 adsoreemerr

177 1308 246 1363 dona
258 1308 402 1378 significet,
410 1307 504 1364 Gracc
513 1308 612 1363 etenim
621 1309 753 1378 superbus
768 1307 969 1378 Yperepbanos,
1021 1312 1146 1382 quotidie,
1168 1320 1191 1365 et
1220 1311 1335 1365 obserant
1349 1309 1384 1366 ud
1397 1319 1481 1379 postes
1493 1308 1552 1361 ostii
1572 1307 1634 1362 mei.
1647 1306 1733 1362 Fores
1746 1321 1813 1362 suas

180 1399 268 1457 idest.
282 1412 509 1467 superapparens
523 1397 826 1464 dicitur,etideorecte
838 1398 971 1469 sapientia
1022 1411 1049 1457 et
1073 1410 1163 1471 postes
1190 1400 1255 1456 ostii·
1279 1399 1320 1455 sui
1344 1398 1500 1469 Scripturas
1524 1404 1641 1459 sanetas,
1664 1402 1692 1450 et
1716 1409 1808 1449 eorum

177 1506 242 1560 opes
259 1490 452 1561 iperephauas
475 1505 566 1546 secrun
583 1506 643 1546 esse
665 1490 742 1557 dicit,
758 1491 821 1562 quia
841 1491 972 1562 quidquid
1012 1492 1145 1546 vdoctmes
1156 1497 1304 1559 utinenpat,
1315 1489 1373 1544 sine
1394 1486 1491 1557 parom
1508 1485 1636 1542 advitam
1662 1498 1742 1553 quma
1754 1483 1811 1554 pair

177 1580 313 1634 *tonorum
340 1579 447 1634 coebtus
476 1579 599 1636 tideiibus
626 1581 717 1647 datur,
745 1581 850 1637 cunctis
877 1580 970 1653 mundi
1023 1581 1187 1638 liceturuou
1201 1581 1323 1636 ualemus
1340 1579 1453 1650 ingredi.

178 1670 859 1742 opibusercelientiusesseprobatur,quodetiam
870 1673 970 1728 adden·
1321 1668 1434 1726 carba
1461 1667 1512 1724 lx.
1554 1712 1558 1722 .

178 1765 212 1816 «tu
220 1763 357 1832 justitiam
372 1762 541 1818 manifestius
556 1763 681 1818 inculcat.
693 1761 761 1818 Nam
773 1771 894 1820 terrenas
905 1757 1009 1833 opesB
1057 1762 1191 1833 Sapientia
1205 1762 1343 1830 edificant
1359 1759 1409 1814 ribi
1430 1758 1546 1814 comem.
1560 1757 1629 1825 Quia
1647 1758 1682 1813 de
1702 1756 1810 1812 eterni·

180 1865 206 1908 et
220 1854 339 1924 gloriam
355 1853 453 1922 saepius
470 1854 570 1909 habent
593 1853 696 1924 injusti,
722 1869 769 1908 nor
786 1864 872 1908 uuum
889 1854 917 1907 in
931 1869 973 1907 re·
1026 1862 1082 1908 tate
1093 1853 1243 1907 divinitatis
1267 1851 1367 1905 Christi
1391 1848 1554 1903 srrfficientcr
1565 1849 1682 1913 dixerat,
1695 1848 1770 1903 addit
1784 1855 1816 1901 et

181 1942 363 2006 surrectione,
373 1941 443 1995 sicut
456 1940 553 1997 Petrus
577 1941 626 2005 ait,
652 1957 730 1996 noros
747 1941 823 1996 coeios
838 1952 862 1995 et
883 1957 974 1995 nouam
1025 1942 1059 1997 de
1082 1950 1219 2011 assumpta
1243 1940 1410 1995 burnanitate
1438 1938 1538 1993 dicere.
1570 1936 1707 2008 Sapientia
1730 1937 1812 2007 igitur

180 2043 279 2085 terrum
296 2041 321 2085 et
343 2031 470 2101 prumam
484 2031 566 2101 ipsius
578 2044 757 2103 carpentariam
772 2032 815 2105 (Η
830 2029 904 2086 Petr.
920 2030 973 2101 ιιι),
1024 2030 1168 2085 aedificarit
1190 2029 1244 2085 sibi
1259 2029 1378 2092 domum,
1394 2028 1456 2098 quia
1484 2026 1620 2082 bominem
1644 2024 1728 2080 Filius
1749 2025 1811 2090 Dei,

183 2121 209 2173 ia
225 2119 328 2188 paribus
338 2118 443 2190 justitia
455 2120 569 2174 habitat.
1025 2135 1104 2191 quem
1138 2120 1165 2173 ia
1197 2118 1299 2173 unitate
1331 2132 1386 2172 suae
1417 2129 1540 2186 personae
1577 2116 1726 2184 susciperet
1755 2114 1812 2184 ipse

214 2206 348 2261 Dominus
362 2208 476 2278 possedit
489 2225 530 2262 me
541 2210 647 2263 iniiam
666 2211 766 2264 uiarum
785 2227 905 2264 sucrum.
918 2209 974 2265 Viae
1024 2210 1135 2267 crearit.

181 2294 292 2349 boniini
314 2305 377 2351 sunt
399 2311 481 2366 opera
495 2295 563 2365 ejus,
585 2314 699 2367 quornm
713 2298 928 2377 consideratione
941 2299 974 2353 ad
1062 2300 1166 2356 &addit
1188 2298 1322 2354 eutramnus
1353 2307 1457 2368 reptem.
1489 2296 1623 2352 Ecclesiae
1645 2311 1694 2366 per
1717 2296 1810 2351 οτῦειιι

181 2385 264 2440 idem
281 2385 325 2441 rei
347 2387 510 2458 agnitionem
527 2389 650 2457 pervenit
670 2390 818 2453 transierum,
834 2388 973 2443 imisiiifiu
1025 2392 1176 2464 septiformi
1191 2393 1277 2462 gratia
1292 2389 1410 2461 Spiritus
1431 2389 1528 2444 erexit.
1540 2387 1606 2456 Quas
1620 2388 1728 2444 domum
1739 2387 1809 2456 eins,

179 2479 250 2531 enim
273 2476 358 2546 fvtt'dt
373 2488 521 2531 acridium
537 2477 628 2532 maddi
641 2495 687 2549 per
699 2496 730 2533 ed
751 2495 809 2560 citt
826 2479 896 2548 sueta
913 2486 973 2532 ΝΜ
1024 2488 1117 2550 idest,
1140 2485 1297 2557 mysterium
1315 2480 1508 2538 incarnationis
1519 2478 1588 2546 elus,
1604 2494 1638 2535 ne
1649 2477 1811 2550 perddorma

180 2565 314 2620 ineffectu
326 2568 520 2638 eonrmciumur
535 2566 624 2635 (Rom.
641 2570 672 2640 t).
694 2568 749 2624 Viae
763 2569 821 2638 ejus
833 2581 897 2624 sum
910 2571 974 2639 ipsae
1026 2574 1198 2646 inprobitate
1212 2571 1342 2627 mernoria
1367 2569 1515 2637 tolleretur,
1542 2568 1687 2633 eredendo,
1701 2566 1813 2623 colende

179 2654 404 2721 illuruinationes,
429 2671 478 2725 per
497 2672 564 2725 mnas
588 2671 618 2710 se
633 2667 661 2712 et
686 2658 815 2728 angelicis
835 2659 974 2728 spiritibus
1024 2679 1052 2723 01
1071 2667 1251 2738 mammio,
1277 2664 1356 2736 qpasi
1382 2664 1558 2719 sustentando
1569 2662 1747 2727 continerem,
1770 2660 1818 2716 ppt.

180 2744 360 2799 circuentibus
373 2745 490 2800 ostendit
503 2746 637 2812 huntauis,
652 2747 678 2800 iu
699 2763 813 2815 «purarum
829 2748 904 2801 initio
919 2751 973 2801 via·
1024 2760 1098 2813 pepp
1112 2756 1250 2826 sapieppoe
1271 2754 1370 2808 nomm
1391 2751 1511 2807 50010923
1525 2750 1626 2806 chrispi
1643 2758 1694 2815 052,
1709 2748 1812 2804 colum.

180 2851 241 2890 nrm
254 2836 418 2905 sapientiam
431 2838 560 2908 possedit,
569 2839 631 2908 quia
645 2839 671 2893 in
683 2840 831 2910 primordio
843 2850 974 2897 creaturae
1025 2863 1067 2902 naa
1091 2855 1182 2910 autem
1198 2846 1323 2900 doctores
1337 2852 1438 2898 sanetae
1450 2842 1578 2896 Ecclesiae
1592 2840 1739 2910 septiformi
1753 2838 1814 2909 spa

183 2929 325 2986 nascentis
340 2929 432 2994 filium,
448 2930 493 3000 qni
505 2945 566 2985 curn
579 2947 612 2986 co
629 2940 725 2986 cuncta
746 2932 901 3002 disponeret
924 2934 973 2988 ba-
1024 2938 1077 2993 ritu
1092 2937 1174 3008 pieni,
1194 2935 1288 3006 quales
1302 2932 1378 2989 fuere
1399 2931 1491 2996 iacob,
1508 2931 1614 3003 Cepbas
1634 2939 1662 2987 et
1683 2928 1813 2994 Joaarres,

182 3020 251 3074 irruit.
266 3018 322 3074 Sed
346 3033 380 3074 ue
395 3027 501 3090 putaret
519 3020 616 3090 aliquis
631 3023 725 3077 irarum
739 3021 766 3075 iu
780 3022 857 3076 initio
870 3023 974 3077 riarum
1025 3042 1094 3097 quas
1114 3027 1241 3082 nimirum
1259 3024 1398 3079 columnas
1423 3022 1554 3093 sapientia
1581 3021 1690 3087 excidit,
1702 3021 1764 3090 quia
1778 3020 1813 3077 ab

181 3112 225 3168 rei
236 3111 385 3182 aliquando
400 3120 461 3168 aute
475 3121 593 3185 tempora
605 3113 689 3168 tilium
701 3128 762 3169 esse
775 3115 891 3186 coepisse
901 3114 969 3187 vigi·
984 3102 1007 3163 C
1024 3131 1117 3173 amore
1144 3116 1287 3186 praesentis
1311 3113 1404 3169 secuti
1426 3111 1574 3181 disjunctas
1598 3111 1631 3166 ad
1652 3110 1817 3180 portandam

179 3203 271 3258 fauter
282 3203 424 3274 adjunxit:
1024 3205 1145 3277 ejusdem
1169 3205 1300 3262 Ecclesiae
1323 3202 1455 3260 fabricam
1478 3210 1584 3259 mentes
1609 3201 1815 3274 predicantium

215 3294 367 3364 Antequam
377 3292 518 3365 quidquam
531 3293 627 3364 faceret
645 3293 857 3364 uprineipimab
877 3305 974 3349 (eterno
1026 3299 1124 3356 erexit.

181 3387 309 3440 ordinatu
319 3402 389 3452 sam,
403 3397 426 3440 et
437 3402 469 3440 ea·
484 3387 598 3457 antiquis
611 3396 749 3458 antequem
769 3395 839 3440 terre
852 3386 935 3455 fieret,
947 3396 976 3443 et
1060 3386 1209 3443 fmmoicuit
1223 3387 1341 3442 uictimas
1366 3402 1439 3440 suus.
1461 3383 1525 3440 Suis
1538 3382 1710 3455 passionibus
1719 3381 1814 3437 Eccle-

181 3488 396 3548 eaetera,usque
420 3479 551 3544 damasit,
572 3480 676 3550 quando
697 3482 857 3551 appendebat
878 3482 975 3552 [unda-
1024 3482 1092 3535 siam
1108 3478 1291 3545 conservarit,
1307 3477 1352 3532 ret
1373 3477 1456 3531 ubam
1481 3475 1682 3546 predicantium
1700 3474 1813 3529 mactari

181 3576 375 3631 mentiremur,
400 3584 458 3621 com
481 3584 511 3622 eo
534 3585 605 3623 eram
627 3579 719 3623 cuneta
737 3587 899 3641 componens.
925 3573 974 3629 Cui
1024 3572 1052 3626 in
1066 3570 1252 3641 perseeutione
1271 3567 1406 3637 permisit,
1430 3567 1530 3637 quibus
1555 3564 1679 3620 videlieet
1697 3564 1816 3621 victimis

182 3658 273 3712 simile
287 3656 366 3711 estin
382 3656 535 3728 Eraragebo.
556 3658 590 3711 fn
601 3658 727 3729 principie
745 3670 799 3714 erat
817 3659 975 3727 Verium,et
1025 3660 1170 3716 contrariae
1190 3667 1253 3714 sunt
1275 3658 1392 3712 uictimae
1412 3654 1623 3719 meretricisad
1637 3668 1705 3723 qrrao
1716 3653 1817 3709 maritos

189 3745 304 3801 Verium
330 3756 386 3801 erm
409 3748 480 3818 apud
507 3746 601 3812 Deum,
620 3757 644 3802 et
667 3746 737 3802 Deus
764 3759 820 3803 erut
850 3748 973 3816 Verium,
1025 3753 1133 3818 inritat,
1149 3760 1178 3805 ut
1194 3766 1274 3822 super
1293 3751 1392 3804 iactum
1417 3756 1470 3813 est,
1485 3748 1598 3802 dicens:
1620 3742 1745 3800 Vidimus
1766 3760 1816 3816 pro

181 3839 275 3892 arania
292 3854 338 3907 per
350 3839 434 3907 ipsam
448 3837 521 3907 famo
541 3847 600 3891 ruat
622 3836 712 3908 (douo.
732 3842 762 3910 r).
776 3838 891 3893 Pereunt
910 3852 974 3910 ergo
1024 3844 1110 3899 sature
1128 3843 1215 3907 debui,
1228 3842 1306 3895 bodie
1318 3840 1420 3894 reddidi
1432 3848 1491 3892 uota
1502 3853 1570 3891 naec.

182 3925 229 3994 qui
246 3934 349 3995 negant
363 3925 410 3979 Dei
420 3925 559 3990 virtutem,
568 3933 595 3980 et
611 3925 657 3979 Dei
670 3926 840 3994 sapientiam,
851 3926 974 3980 videlieet
1062 3933 1167 3988 Miscuit
1187 3933 1273 3986 rinrun
1294 3940 1319 3985 er
1331 3929 1464 4001 proposuit
1487 3942 1603 3981 meamne
1617 3941 1700 3980 raam.
1712 3924 1813 3980 Divini-

181 4015 324 4072 Chriswm
348 4014 383 4069 ³¹)
404 4014 492 4078 fullio,
507 4014 600 4069 iffl0ei
618 4022 681 4067 ³¹¹oe
692 4028 771 4069 0¹1¹¹¹0
784 4015 856 4084 quod
869 4015 921 4070 diti
932 4015 974 4069 iel
1026 4024 1090 4079 tatis
1113 4038 1168 4077 suae
1189 4035 1288 4076 areauna
1308 4033 1406 4089 capere
1423 4032 1476 4072 nou
1491 4016 1650 4080 valentibus,
1666 4024 1818 4085 assumptae

180 4107 299 4183 cogitari
311 4114 411 4176 potest,
424 4105 531 4160 initium
543 4105 578 4161 ab
590 4106 647 4176 ipso
663 4116 739 4177 patre
753 4104 836 4162 fuisse
849 4108 974 4179 progeni·
1025 4112 1202 4169 humanitatis
1225 4118 1393 4166 sacramenta
1424 4106 1571 4179 patefecit,
1604 4114 1631 4161 et
1664 4104 1813 4176 Scriptura

182 4196 258 4265 tuan:
279 4196 332 4251 aba
348 4196 499 4261 danmatio,
510 4197 581 4250 hunc
600 4194 689 4251 focum
707 4196 745 4250 ita
759 4196 870 4265 incipit:
885 4196 975 4250 Danti·
1025 4219 1110 4260 sacrae
1121 4202 1216 4274 pabula
1227 4202 1306 4258 nobis
1322 4198 1468 4270 aperiendo
1483 4196 1653 4270 praeparavit.

183 4307 236 4345 Μ
252 4288 350 4343 ‘'²⁰⁰¹'‘
362 4302 403 4341 ’Μ
416 4286 574 4357 ffidfi'fi‘m
596 4286 697 4339 ”fisum
717 4301 824 4339 ‘aarum
845 4286 873 4339 5²⁸
896 4302 974 4356 ‘iiim
1060 4296 1259 4354 bimenstres
1276 4313 1338 4351 saur
1358 4304 1385 4349 ut
1399 4274 1521 4349 uocarent
1547 4293 1583 4348 od
1610 4309 1706 4360 errem,
1726 4304 1751 4348 et
1776 4294 1818 4349 ed

180 4378 583 4447 ⁸⁸⁰·0110111101002m2150110
606 4378 744 4433 ⁰⁰¹¹¹i¹¹l⁰³
766 4379 865 4434 dicium
880 4379 973 4434 Patres
1026 4390 1120 4443 artenia
1137 4388 1258 4442 ciuitatis.
1277 4386 1471 4442 Praedicatores
1494 4384 1615 4440 infirmos
1638 4400 1671 4440 ae
1689 4384 1818 4455 doapieaae

181 4473 352 4545 iambicum,
366 4472 490 4528 dioenies
503 4472 567 4543 quia
578 4469 646 4526 oet'ti
661 4470 748 4541 grafia
767 4471 888 4541 mysterii
900 4469 974 4525 dixe·
988 4441 1013 4501 D
1027 4481 1095 4537 biles
1117 4480 1207 4550 elegit,
1224 4479 1269 4548 qui
1293 4476 1385 4533 ssdeies
1398 4475 1511 4548 populos
1535 4475 1569 4530 nd
1590 4488 1704 4547 superna
1717 4475 1819 4546 patria

181 4569 219 4622 rit
233 4586 241 4620 z
255 4566 386 4621 Dominae
400 4566 498 4620 creent
519 4579 570 4630 me,
585 4569 613 4618 et
627 4577 692 4628 non,
706 4561 786 4617 Pater
801 4562 901 4617 crearit
921 4578 973 4617 me.
1028 4571 1147 4627 coetpsps
1159 4570 1271 4626 ppificia
1286 4569 1451 4639 conigeram.

179 4663 266 4726 Caro,
291 4660 426 4730 inquiunt,
447 4657 590 4713 bominum
614 4658 744 4728 agnoseit,
762 4656 846 4729 gioria
867 4655 974 4713 Patrem
1062 4658 1092 4715 Si
1106 4661 1163 4731 quis
1177 4657 1349 4728 ertporoaiur
1365 4656 1450 4711 reniet
1467 4655 1502 4710 ud
1516 4671 1566 4710 me.
1584 4652 1619 4708 m
1633 4651 1820 4725 imipientiiuu

181 4754 287 4822 signat,
295 4758 419 4805 creatura
427 4747 569 4806 Dominum
578 4747 732 4814 confltetur,
740 4749 858 4804 charitas
866 4748 974 4804 Patrem
1028 4750 1116 4805 locutu
1130 4758 1178 4804 est.
1193 4747 1325 4803 Parvulos
1342 4747 1409 4805 dieii
1431 4745 1556 4810 bundas,
1580 4744 1820 4816 insipientesreru·

181 4842 272 4896 norb.
290 4839 465 4909 Principiam,
484 4836 526 4893 vel
550 4838 578 4892 iu
593 4837 725 4909 principio
739 4837 841 4892 uiarum
855 4853 974 4891 suorum.
1028 4856 1093 4906 eos,
1108 4841 1152 4910 qni
1167 4840 1357 4896 demandante
1378 4836 1516 4906 sapientie
1538 4834 1608 4889 fastu
1633 4833 1670 4888 nii
1692 4833 1816 4895 babeam

180 4934 219 4989 Et
234 4933 292 5005 ipse
316 4933 354 4987 ait
374 4949 381 4985 :
401 4929 459 5001 Epo
472 4947 530 4986 rum
542 4931 595 4997 nia,
608 4930 672 5001 quia
694 4944 807 5001 surgens
823 4944 837 4983 a
860 4930 973 4985 mortuis
1028 4931 1095 4988 tates
1107 4939 1197 4987 autem
1209 4937 1326 4985 vocatut
1338 4941 1387 4983 eos
1398 4941 1447 4982 sua
1460 4923 1582 4983 doctrina
1599 4922 1734 4991 sapientes
1748 4917 1820 4974 red·

182 5025 240 5078 iter
254 5006 318 5077 iecit
326 5021 454 5077 Ecclesiae
466 5036 522 5077 suae
531 5021 566 5077 ad
581 5035 692 5092 reguum
703 5021 794 5075 beiad
805 5022 887 5074 vitam
897 5029 974 5075 aetee·
1028 5021 1075 5075 dat
1085 5029 1111 5075 et
1123 5019 1203 5073 altos.

182 5130 261 5171 nam.
276 5113 397 5184 inopem
412 5131 471 5179 rue,
489 5115 551 5183 quia
566 5114 601 5169 ad
623 5113 779 5168 redimenda
795 5127 876 5181 opera
891 5112 976 5181 patris
1069 5107 1177 5173 Venite„
1189 5106 1314 5161 comedite
1333 5120 1426 5176 purtem
1451 5117 1556 5166 meum,
1573 5107 1598 5154 et
1619 5097 1697 5152 titire
1723 5097 1817 5152 riuum

182 5222 200 5260 a
216 5204 378 5276 corruptelae
395 5205 509 5259 servitio
525 5204 674 5260 liberaret:
689 5219 754 5260 earo
776 5203 849 5258 enim
875 5202 975 5257 Christi
1031 5199 1100 5272 quod
1120 5198 1212 5252 miscui
1232 5196 1313 5251 uobis.
1338 5195 1366 5248 ln
1389 5208 1458 5264 pane
1477 5191 1567 5245 divina
1580 5186 1819 5258 eloquiminrinc

182 5306 297 5367 propter
310 5311 406 5367 opera,
420 5295 547 5373 divinitas
561 5305 623 5349 ante
636 5310 728 5366 opem.
1033 5291 1117 5345 mixto
1130 5288 1273 5357 conpuncta
1296 5287 1322 5340 in
1336 5299 1417 5340 unam
1429 5282 1528 5339 Christi
1546 5293 1691 5351 personam
1704 5278 1820 5335 deitatis

223 5385 258 5439 Et
281 5383 430 5440 deiectuior
451 5401 497 5455 per
522 5385 638 5454 sinpufm
663 5385 718 5440 dies
733 5383 825 5439 iudeus
839 5398 927 5437 eorum
946 5398 977 5437 eo
1027 5388 1054 5433 et
1074 5376 1250 5433 humanitatis
1274 5374 1331 5443 ejus
1353 5384 1453 5430 natura
1479 5369 1650 5441 exprimitur,
1676 5376 1707 5424 ut
1730 5383 1819 5438 supra

183 5477 259 5531 oanni
272 5490 395 5547 tempore.
415 5474 518 5529 dudem
542 5476 570 5531 in
593 5475 654 5530 orie
676 5485 818 5539 terrerum,
831 5462 863 5527 ver
878 5471 978 5526 deficta·
1028 5463 1251 5530 dinumeraret
1267 5471 1341 5517 certe
1352 5462 1377 5516 in
1388 5458 1694 5532 paneeorporisipsius‚
1709 5458 1738 5512 ia
1748 5458 1817 5513 rino

184 5583 263 5631 arec,
274 5583 329 5621 erse
340 5582 399 5621 eum
409 5566 472 5635 piiir
483 5566 628 5621 bominum.
653 5565 801 5620 buderrtem
825 5561 888 5617 dicit
909 5576 976 5631 gau·
1029 5558 1113 5615 nuato
1120 5555 1257 5626 sanguinis
1263 5554 1428 5609 sacrosancti
1441 5552 1610 5624 mysterium,
1616 5550 1709 5621 quoia
1720 5549 1817 5615 altari,

187 5656 306 5711 dentem.
332 5658 397 5711 Erat
410 5672 475 5728 ergo
490 5656 584 5712 ludens
603 5672 694 5710 coram
709 5665 785 5725 patre
800 5654 980 5723 persingulas
1029 5662 1121 5703 incursa
1135 5647 1259 5700 videficet
1269 5645 1327 5715 ejus
1342 5644 1483 5707 satiatum,
1494 5643 1655 5715 ostcud't'ur.
