4042 6200
200 329 252 384 lli
339 372 345 381 .
518 325 549 380 u.
569 322 694 379 ututur
712 321 821 380 haunt
840 320 999 376 suculae.
1021 318 1176 376 nubunt.
1197 316 1339 375 utsuh'tt
1358 314 1447 373 PARS
1467 317 1499 372 ll.
1769 318 1823 375 tta

198 422 294 474 dextra
304 420 427 486 meaque
445 414 604 486 subiacent:
619 428 678 483 quae
691 412 752 468 idm
771 412 811 468 sic
825 425 983 481 nuncupan·
997 414 1023 475 Α
1037 408 1136 464 Notior
1150 424 1265 481 anquam
1280 406 1363 460 Deam
1377 405 1530 476 spiritaliter
1540 406 1614 471 oldrt,
1625 416 1649 461 ct
1659 423 1757 462 nrnnao
1766 425 1826 464 car·

198 518 254 572 tor,
267 508 331 578 qnia
356 514 508 570 movantur,
523 507 635 575 ipsaque
647 503 812 569 mobilitate,
826 501 903 572 qnasi
918 511 985 557 tem·
1035 500 1130 556 noiitcr
1143 501 1214 555 cinit.
1232 500 1328 556 Vultus
1347 500 1419 556 enirn
1443 499 1585 570 aliquando
1599 514 1650 570 pro
1677 500 1824 570 intellectu,

198 613 286 668 pora,
305 596 465 669 quibusdam
488 594 635 650 intervallis
655 601 804 648 mutantur.
826 590 986 662 Significant
1035 591 1179 664 aliquando
1191 607 1241 662 pro
1259 591 1395 647 uoluntate
1408 602 1435 646 et
1448 590 1544 647 allecto
1566 591 1669 663 positus
1690 601 1742 649 est.
1756 593 1826 651 llatn

200 697 290 743 atttern
315 687 423 758 vigilias
442 685 583 755 corporis,
601 699 669 755 quas
681 683 762 738 homa
783 681 863 739 tebet
886 679 986 736 habero
1035 682 1107 752 quod
1117 681 1144 736 in
1156 681 1258 751 psalmo
1268 680 1401 750 Propheta
1414 680 1483 736 dixit
1494 699 1501 734 ε
1514 679 1652 752 Proiectus
1661 684 1826 739 sornomittr

201 785 384 849 temporanter
396 777 424 832 iu
444 785 515 833 statu
529 774 670 844 presentis
690 772 830 844 temporis,
843 773 987 829 doncere·
1035 771 1170 826 oculorum
1183 782 1287 826 tuorem
1312 768 1398 843 (Psoi.
1413 771 1490 843 xxx),
1522 771 1597 827 Patri
1621 772 1688 829 dicit
1707 773 1791 831 Filios
1810 790 1826 831 a

200 871 257 926 niat
282 884 392 926 sermons
420 868 524 924 mortis.
551 866 619 922 llioc
642 866 778 936 Propheta
806 881 838 921 er
870 877 985 934 personna
1036 859 1269 932 {loliormaserti
1278 859 1472 932 Speravi,quia
1480 875 1523 916 me
1533 862 1621 934 gratia
1629 871 1673 917 toa
1686 879 1740 920 nort
1750 863 1826 921 dese·

199 959 300 1015 Christi
323 959 350 1012 in
371 955 502 1014 Psaltorio
516 957 553 1012 ait
577 953 632 1011 :Si
651 953 747 1008 dedero
764 967 885 1009 somnam
904 949 987 1007 ocnlir
1036 960 1196 1017 recensum
1218 950 1352 1021 passionis
1364 951 1474 1006 tristitia
1498 951 1666 1023 praevaleret
1680 953 1709 1008 ln
1726 967 1829 1025 parurn

199 1050 283 1116 rrrcir,
308 1056 354 1102 ont
381 1045 510 1118 naheins
534 1045 599 1100 arcis
617 1043 850 1106 donnitotioncnt,
876 1049 922 1096 ortt
946 1055 987 1094 ro-
1036 1042 1130 1113 otique
1151 1042 1286 1098 mortisa
1312 1041 1386 1097 vultu
1401 1041 1541 1097 oculorum
1569 1051 1677 1097 tuorum
1691 1044 1829 1115 projectus

198 1140 285 1213 orient
318 1138 476 1210 tenporibus
503 1138 589 1202 meis,
621 1136 704 1191 donec
733 1135 863 1191 insoniam
900 1132 987 1189 incant
1037 1147 1107 1196 sum,
1121 1131 1211 1198 idest,
1223 1130 1250 1185 io
1270 1137 1418 1201 conspectu
1437 1130 1629 1187 misericordiae
1642 1139 1703 1187 toae.
1722 1132 1757 1188 Et
1769 1134 1829 1205 pol·

201 1229 323 1294 Domino,
336 1225 534 1283 toicmccatanr
561 1227 616 1280 Deo
645 1224 729 1287 iacob
757 1222 853 1297 (Ptol.
874 1222 986 1292 cunti.
1037 1223 1103 1278 chre
1120 1221 1224 1278 vultum
1246 1222 1320 1279 dedit
1342 1222 1437 1287 oculis,
1452 1222 1515 1293 quia
1539 1222 1590 1292 ipsi
1611 1238 1692 1295 qoam
1711 1224 1829 1280 trraxirno

199 1320 263 1376 linc
277 1319 368 1376 omnia
388 1317 584 1374 rationabiliter
595 1316 756 1373 humanitati
768 1315 868 1373 Christi
891 1331 988 1373 coare
1037 1312 1191 1384 significant
1202 1312 1352 1368 voluntates
1362 1311 1524 1367 animorum.
1539 1310 1635 1367 Vultus
1645 1311 1718 1366 enirn
1729 1311 1830 1368 dieitur

199 1409 260 1466 nire
284 1417 442 1464 noscuntur.
458 1406 576 1462 Somnus
599 1405 651 1460 iste
673 1404 862 1477 intelligendus
881 1412 923 1461 est
945 1419 988 1460 re·
1037 1404 1072 1460 ab
1083 1417 1126 1468 eo,
1138 1403 1210 1474 quod
1230 1402 1322 1458 cordis
1342 1401 1410 1457 velle
1423 1417 1472 1472 per
1485 1416 1532 1457 sua
1554 1401 1630 1473 signa
1643 1402 1827 1459 demonstret:

199 1497 277 1568 quies
287 1496 391 1552 mortis.
403 1495 597 1565 Palpebrarum
607 1509 716 1566 quoque
726 1503 754 1550 et
764 1503 915 1566 temporum
927 1508 989 1549 uro·
1038 1494 1109 1551 sicut
1119 1493 1356 1560 oculidivinitatis,
1366 1508 1428 1549 curo
1441 1492 1598 1564 respiciunt,
1612 1507 1689 1549 suam
1700 1493 1828 1563 gratiam,

201 1597 244 1644 tos
256 1585 421 1659 vigilantiam
435 1584 493 1655 ejus
505 1593 568 1641 ante
578 1592 691 1640 rnortcm
704 1583 889 1641 demonstrant
901 1600 909 1639 a
920 1600 989 1655 quo·
1038 1584 1210 1656 pollicentur.
1232 1584 1301 1639 lltud
1323 1590 1424 1647 autem,
1441 1580 1512 1653 mrod
1526 1582 1645 1639 dicitnr:
1665 1581 1759 1639 Vultus
1774 1583 1828 1639 Do-

199 1678 274 1734 niarn
300 1692 393 1734 revera
419 1685 539 1747 tempora
564 1676 662 1746 capitis
682 1676 766 1732 nostri
790 1676 911 1747 requiam
939 1677 988 1732 ha·
1038 1676 1194 1745 minisnpcr
1215 1674 1339 1744 facienes
1359 1672 1430 1727 noto
1455 1669 1541 1745 (Psoi.
1554 1674 1663 1745 ιιιιιι),
1673 1675 1830 1746 pronuntiat

199 1766 263 1824 bere
282 1782 335 1823 non
361 1776 483 1838 possunt,
511 1767 618 1838 quando
645 1767 716 1823 ocrrti
746 1769 849 1823 crebris
875 1756 1145 1826 motibusllrultom
1160 1765 1277 1830 Domini,
1288 1765 1377 1831 idest,
1389 1764 1555 1822 intellectum
1566 1782 1627 1823 esse
1638 1783 1719 1839 sopra
1732 1769 1827 1836 malos,

199 1860 293 1932 agitati
313 1858 425 1930 vigilare
448 1865 606 1914 nuscuntur.
631 1856 710 1913 Prius
724 1858 796 1914 enim
813 1859 902 1930 posuit
916 1874 988 1916 som-
1040 1872 1109 1927 quos
1123 1858 1163 1913 sic
1173 1856 1298 1922 attendit,
1309 1865 1339 1912 ut
1351 1873 1404 1913 non
1419 1857 1565 1929 respiciat:
1582 1859 1621 1915 sic
1639 1875 1693 1916 non
1708 1862 1828 1933 respicit,

200 1968 276 2017 rrum,
298 1958 325 2007 et
349 1958 454 2021 postem
477 1948 702 2019 qrtemadmodom
721 1948 777 2018 ipse
804 1963 915 2004 sctnnus
937 1948 989 2003 ior·
1040 1958 1070 2003 ot
1085 1957 1174 2005 tamen
1186 1964 1280 2005 eorum
1294 1948 1364 2004 iacta
1378 1959 1532 2021 cognoscat.
1549 1948 1829 2010 Fronsabocnlornrn

198 2040 314 2111 pleatnr,
329 2038 463 2109 exposuit.
490 2037 563 2092 liene
574 2051 640 2107 ergo
665 2052 739 2092 mors
766 2036 871 2092 Domini
895 2051 990 2092 somno
1040 2038 1218 2095 foraminibus
1231 2042 1368 2095 nominata
1389 2047 1440 2095 est.
1456 2040 1519 2096 llaec
1532 2041 1621 2113 imago
1633 2044 1755 2114 quedam
1771 2047 1830 2100 ani-

199 2129 335 2185 sirnilatur
346 2147 353 2183 :
364 2128 490 2199 quioniam
505 2125 629 2181 triduana
640 2135 744 2183 tantum
756 2127 915 2196 pausatione
927 2143 988 2183 sus·
1039 2129 1087 2194 mi,
1102 2127 1199 2184 meotis
1214 2137 1315 2185 motum
1327 2130 1418 2200 speeie
1427 2145 1476 2186 sua
1488 2132 1625 2203 exprimit,
1638 2134 1701 2189 dum
1715 2136 1758 2191 vel
1768 2136 1827 2193 tota

198 2230 292 2290 ceptus
315 2228 368 2285 est,
382 2219 428 2290 qui
446 2218 546 2274 nubam
560 2217 666 2286 corpori
678 2217 877 2288 corruptionem
889 2218 988 2284 intulit,

198 2311 245 2367 scd
258 2311 386 2380 autenm.
401 2308 495 2364 Facies
507 2308 579 2363 dicta
590 2307 624 2362 ab
636 2305 732 2378 effigie.
749 2307 786 2363 lhi
799 2317 841 2363 est
859 2308 931 2363 enim
947 2316 989 2363 to-

200 2410 227 2456 ta
241 2399 327 2469 ligura
339 2398 456 2455 hominis
468 2405 495 2451 ct
506 2396 716 2468 uniuscujusque
728 2411 849 2467 persono
859 2397 987 2468 cognitio.

1038 2220 1081 2275 rel
1096 2220 1182 2276 tristis
1203 2228 1255 2276 est.
1278 2217 1360 2276 Juxta
1373 2220 1526 2293 allegoriam
1551 2221 1625 2278 leons
1637 2226 1827 2280 verectrndiam

1039 2310 1138 2364 arentis
1151 2318 1198 2364 aot
1209 2309 1402 2380 impudentiam
1416 2311 1561 2382 significat.
1575 2312 1653 2370 Unde
1668 2315 1829 2371 erubescere

1038 2399 1145 2467 dieitur,
1154 2402 1394 2473 quicompungitur
1404 2417 1453 2472 pro
1462 2402 1677 2471 delictissuis,et
1689 2420 1719 2461 se
1735 2406 1829 2461 moliu-

198 2489 296 2546 l'ultus
309 2503 373 2544 vero
392 2486 480 2543 dirtos
492 2501 535 2552 co,
550 2485 621 2557 quod
635 2501 684 2557 per
694 2501 756 2541 eum
768 2485 851 2541 animi
865 2486 989 2543 uoluntas
1039 2491 1546 2563 rarestuducrit.hliterdeirnpudcntls
1555 2492 1642 2550 ironte
1651 2496 1829 2567 exprobrator

198 2579 368 2638 ostenditur:
393 2577 540 2634 secundum
566 2576 732 2632 saluritatem
751 2577 824 2631 enim
848 2577 875 2631 in
899 2577 990 2634 varios
1038 2582 1184 2638 lentsatcm
1196 2583 1628 2657 perProphetamredargueutem
1639 2587 1827 2655 scclussounr,

199 2680 291 2728 motus
302 2677 430 2729 mutatur.
452 2667 520 2722 Nam
538 2666 620 2723 iacies
639 2667 797 2738 simpliciter
813 2667 946 2738 accipitur
955 2668 989 2724 de
1037 2687 1098 2726 ento
1112 2673 1136 2725 ci
1148 2672 1259 2728 dieitur:
1274 2670 1360 2727 Frons
1370 2672 1487 2727 molieris
1497 2675 1637 2729 meretricis
1651 2674 1722 2745 [octo
1734 2686 1771 2732 cst
1783 2677 1829 2732 tili

200 2765 410 2838 uniuscujusque
420 2765 535 2821 naturali
547 2772 668 2836 aspectu.
680 2764 776 2821 tutus
788 2774 877 2821 autem
887 2766 989 2821 animo-
1039 2763 1145 2836 (ierem.
1162 2762 1214 2835 tn).
1228 2763 1263 2817 Et
1276 2764 1374 2820 iterum
1394 2764 1524 2821 Dominus
1537 2767 1571 2821 ad
1584 2765 1752 2823 Ezechielem
1771 2769 1827 2824 ait:

197 2858 420 2929 rumqnatitatem
431 2856 575 2929 significat.
584 2856 678 2913 Facies
686 2864 775 2912 autem
787 2858 891 2915 duobus
901 2858 989 2916 modis
1038 2853 1106 2908 Ecce
1118 2854 1178 2909 dedi
1191 2855 1284 2924 [acient
1294 2863 1368 2909 tuom
1379 2854 1546 2910 ualentiorem
1558 2856 1786 2927 iuncturarum,
1803 2870 1827 2914 ct

198 2948 367 3020 intelligitur,
382 2948 434 3003 hoc
448 2954 499 3013 est,
512 2961 643 3017 corporea
656 2956 683 3001 et
696 2947 835 3018 spiritalis.
848 2946 903 3003 Nisi
915 2947 987 3003 enim
1037 2942 1227 3013 [contemtunrn
1236 2944 1611 3015 durioremfrootiiasoornnt.
1621 2945 1828 3004 decarmoniam

197 3050 271 3097 esset
295 3040 433 3096 interioris
458 3038 575 3094 bominis
601 3037 697 3105 iacies,
723 3054 776 3094 non
793 3039 896 3095 diecret
914 3038 987 3111 Apo-
1037 3047 1060 3091 et
1072 3045 1100 3091 ιιι
1110 3036 1220 3105 silicem,
1235 3038 1296 3092 dedi
1309 3037 1404 3109 [acient
1418 3048 1499 3093 ruant.
1515 3038 1615 3094 Domus
1631 3039 1717 3095 lsrael
1731 3042 1828 3096 ottriar

197 3131 302 3188 stolus:
316 3129 594 3186 unanimantem
612 3129 680 3199 [acic
692 3128 802 3200 gloriam
816 3129 923 3184 Domini
933 3115 1025 3199 spe-C
1040 3128 1134 3199 frontis
1146 3139 1195 3195 est,
1210 3139 1233 3184 et
1245 3131 1363 3201 procacis
1378 3130 1508 3196 andacia,
1527 3140 1551 3186 et
1571 3131 1637 3185 duro
1647 3129 1678 3201 fit
1699 3133 1787 3199 corde,
1803 3142 1827 3186 et

197 3223 313 3279 calantes
325 3220 546 3291 transformemur
558 3219 590 3273 dc
599 3218 684 3290 glorio
698 3218 845 3290 ingloriam
860 3230 986 3290 tonqrrorn
1039 3219 1217 3290 scorpionibus
1230 3229 1416 3290 comparator:
1429 3218 1487 3275 iiico
1501 3220 1562 3274 aeut
1573 3222 1621 3276 tibi
1632 3220 1730 3277 ruitum
1742 3222 1828 3278 duris·

195 3311 434 3383 oDonrt'nispr'ritn
449 3306 629 3381 (llComn).
652 3308 685 3363 Et
708 3308 825 3364 iterum:
850 3306 986 3374 Videmus,
1037 3310 1143 3375 sintarn,
1172 3319 1196 3364 ct
1229 3310 1352 3381 frontem,
1381 3327 1440 3382 quer
1463 3310 1536 3366 nulia
1563 3315 1662 3384 pedore
1692 3324 1828 3385 superator

197 3405 294 3476 inquit,
317 3421 386 3459 nunc
399 3400 591 3475 perspeculatus
614 3402 642 3456 in
665 3401 814 3472 contignante,
838 3409 900 3454 tnnc
926 3416 986 3454 nero
1038 3399 1210 3473 (licerium).
1233 3401 1337 3472 Esquo
1352 3402 1482 3458 discimus
1506 3402 1641 3457 interdum
1654 3404 1748 3474 gratior
1767 3418 1828 3461 esse

196 3496 264 3568 [acic
275 3496 309 3549 od
321 3495 416 3566 facicm
438 3493 464 3567 (l
474 3491 536 3548 Car.
549 3493 620 3564 xrrr).
644 3491 712 3546 ltern
735 3490 819 3547 iacies
831 3506 936 3547 summa
958 3491 985 3547 in
1039 3494 1097 3558 Dei,
1114 3493 1285 3564 impudentiae
1299 3493 1473 3561 resisterent
1488 3510 1549 3551 curo
1571 3494 1648 3551 locus
1661 3497 1825 3568 poposcerit,

195 3595 285 3642 orente
304 3585 461 3652 declaratio,
476 3594 506 3639 ut
521 3583 547 3639 in
560 3583 722 3653 Evrtngelio:
745 3582 780 3638 Et
800 3582 894 3651 sociem
913 3592 986 3638 tunm
1037 3582 1153 3640 lrontem
1166 3585 1255 3640 fronte
1276 3595 1426 3641 conterere.
1448 3584 1505 3643 Hoc
1529 3595 1618 3642 numm
1638 3588 1774 3656 tribuitur,
1793 3607 1826 3646 ne

195 3679 253 3734 tona
268 3677 374 3751 (narrt.
385 3677 435 3750 vr).
447 3677 576 3747 Apertum
590 3682 632 3731 cst
643 3675 714 3730 enim
741 3689 791 3730 nos
807 3690 878 3730 nnnc
892 3674 986 3743 imagi·
1037 3682 1130 3729 nostra
1141 3673 1303 3730 verecundia
1318 3684 1345 3731 et
1356 3674 1489 3731 humanus
1501 3675 1588 3746 pudor
1601 3677 1775 3747 pertimescat
1785 3678 1826 3732 io-

195 3784 244 3826 nes
259 3769 410 3839 viderepcr
424 3767 522 3823 tidem:
543 3774 607 3821 tunc
630 3780 674 3821 res
688 3765 770 3836 ipsas,
793 3763 845 3818 boc
859 3771 910 3827 est,
925 3771 986 3833 post
1036 3767 1119 3823 sidias
1141 3765 1309 3822 aemulonrm.
1338 3767 1371 3821 Et
1395 3767 1422 3821 in
1446 3768 1539 3823 eodem
1566 3769 1698 3841 pmpheta
1726 3769 1825 3841 legitur

194 3858 420 3914 resurrectionem
429 3857 455 3912 in
463 3865 562 3912 aeterna
570 3854 665 3926 gloria.
675 3853 751 3922 Quod
758 3862 848 3910 autem
857 3853 985 3907 Dominus
1036 3855 1145 3928 (Erech.
1159 3857 1208 3928 ιι),
1223 3856 1294 3926 qood
1308 3856 1438 3913 Dominus
1448 3856 1556 3927 juberet
1571 3858 1638 3923 viro,
1658 3858 1704 3929 qul
1717 3857 1827 3914 indotos

194 3950 347 4021 adbiuysen
362 3950 444 4006 dixit:
464 3946 573 4003 Faciem
590 3962 675 4001 ntcorn
693 3945 780 4000 ridere
797 3961 849 4000 oon
867 3944 984 4015 noterit:
1035 3957 1093 4004 erat
1108 3946 1195 4010 lineis,
1211 3954 1240 4002 et
1265 3948 1486 4002 atramentarium
1507 3947 1647 4019 scriptoris
1669 3948 1824 4004 habebatin

194 4042 329 4097 nonenim
350 4039 444 4094 rhetis
458 4054 498 4093 me
516 4037 604 4102 homo.
619 4047 644 4092 θ)
664 4036 728 4091 oinct
753 4034 851 4121 (EQ
863 4034 983 4102 ¹¹¹¹¹¹it
1035 4039 1133 4095 lumbis
1147 4039 1213 4104 suis,
1231 4047 1261 4094 ot
1285 4038 1414 4094 transiret
1437 4054 1486 4110 per
1502 4039 1617 4094 mediam
1645 4039 1781 4095 civitatem
1799 4041 1825 4095 in

194 4143 233 4210 et,
244 4133 321 4205 justa
335 4131 447 4188 loannis
460 4144 573 4186 vocem:
598 4128 681 4183 Deum
703 4143 777 4182 nanto
792 4126 855 4181 uidit
868 4141 984 4197 anquam
1035 4133 1123 4189 medio
1136 4131 1296 4197 Jerusalem,
1310 4139 1338 4187 et
1355 4132 1474 4203 signaret
1488 4129 1563 4186 Thau
1575 4147 1656 4204 super
1669 4130 1771 4188 frome,
1787 4133 1827 4187 vj.

195 4224 283 4298 (leon
299 4224 339 4296 ¹i²
353 4224 390 4279 ite
409 4221 613 4293 intelligendum
625 4229 677 4285 0⁸²2
692 4218 763 4288 l¹¹⁰f¹
778 4217 804 4272 1¹¹
825 4217 876 4272 ¹¹³⁰
888 4232 983 4271 wltu-
1035 4238 1128 4280 rorum
1156 4222 1319 4292 gementium
1336 4230 1365 4277 et
1385 4221 1532 4278 dolentium
1545 4237 1626 4293 snper
1639 4223 1744 4279 conctis
1757 4221 1825 4278 abo·

192 4312 280 4384 ptihili
293 4312 347 4366 vita
362 4310 452 4366 nrtllus
472 4307 593 4379 perlecto
611 4306 863 4377 contemplationem
877 4305 924 4360 Dei
935 4305 984 4360 ba·
1034 4314 1238 4379 minationibus,
1265 4328 1325 4383 qtroe
1345 4312 1413 4367 irunt
1429 4312 1456 4368 in
1473 4313 1561 4369 medio
1575 4311 1643 4382 ejus.
1659 4313 1723 4381 Qua
1735 4314 1825 4371 littera

194 4405 258 4458 berc
264 4410 362 4473 potest.
370 4400 579 4458 viderantenhn
589 4409 680 4470 patret
690 4397 854 4454 Testamenti
866 4395 981 4460 Veteris,
1035 4403 1152 4473 speciem
1163 4402 1250 4459 crocis
1264 4401 1366 4458 Christi
1381 4410 1464 4468 tenet,
1479 4410 1508 4458 ct
1521 4402 1677 4474 signatorio
1692 4403 1825 4460 frontibus

194 4492 347 4557 Dsstsslssttffls
367 4491 393 4546 5¹¹
405 4491 456 4546 ¹1³0
467 4491 522 4545 vila
536 4491 627 4561 positi,
639 4505 688 4561 per
702 4489 830 4561 quasdam
842 4487 981 4559 imagines,
996 4461 1022 4520 Β
1035 4492 1163 4560 tidelium,
1177 4500 1205 4549 et
1214 4491 1390 4548 confirmatur
1400 4492 1426 4546 in
1437 4493 1563 4548 cordibus
1576 4491 1732 4548 electorum.
1750 4491 1826 4548 Unde

193 4583 291 4652 utribus
307 4583 365 4653 ipse
377 4596 407 4638 se
419 4581 505 4636 votuit
516 4581 676 4637 ostettdere:
692 4580 740 4636 sed
761 4577 858 4635 tuturae
872 4577 982 4634 visionis
1033 4584 1099 4641 dicit
1112 4585 1255 4640 Psalntista
1269 4602 1275 4639 :
1290 4582 1427 4655 Signotnnt
1441 4594 1478 4638 est
1490 4601 1569 4655 super
1581 4602 1627 4639 nos
1640 4583 1727 4639 iernen
1739 4584 1825 4640 unitas

192 4675 251 4747 ejus
264 4672 378 4745 gloriam
405 4672 458 4728 illis
485 4673 645 4738 reservarit,
673 4672 718 4742 qui
738 4687 799 4727 eum
825 4672 852 4726 iu
878 4669 981 4727 coelesti
1032 4676 1084 4739 toi,
1098 4673 1209 4729 Domine
1234 4671 1320 4746 (Psoi,
1333 4673 1369 4746 rs)
1382 4691 1389 4740 ;
1403 4674 1466 4744 quia
1480 4673 1550 4729 sicut
1563 4690 1687 4730 nummus
1707 4674 1824 4745 impera·

191 4764 357 4822 heatitudine
367 4763 557 4836 perpetualiter
574 4763 658 4819 visuri
671 4770 743 4818 sunt.
765 4761 851 4817 Aliter
862 4761 896 4816 ab
908 4760 981 4831 ejus·
1033 4764 1100 4820 toris
1111 4773 1203 4834 portat
1213 4765 1367 4836 imaginem,
1379 4763 1416 4819 ita
1432 4774 1460 4819 et
1474 4763 1597 4821 fidelibus
1610 4766 1685 4836 sigrta
1706 4763 1823 4820 caelestis

190 4857 251 4914 dem
263 4855 404 4914 sententia
418 4855 517 4910 virtute
535 4871 588 4910 noo
609 4854 748 4920 abhorret,
768 4853 839 4925 quod
862 4854 979 4909 dicitur:

193 4947 254 5003 Non
267 4948 336 5002 enirn
350 4945 445 5001 oidclt‘t
464 4962 504 4999 me
517 4945 604 5009 bonta,
625 4955 649 5000 et
672 4947 734 5001 oinct
753 4944 850 5017 (Eroti.
863 4946 980 5016 xxxttt)t

189 5038 317 5107 quioniam
339 5032 461 5106 quisquis
485 5032 654 5104 sapientiam,
668 5048 728 5104 quae
741 5034 811 5088 Deus
832 5040 883 5099 est,
896 5034 979 5099 videt,

191 5129 327 5185 luricvitae
342 5127 460 5183 irrrulittts
480 5127 606 5192 moritur,
630 5142 664 5181 ne
678 5124 735 5194 jam
757 5124 815 5194 eins
830 5141 922 5182 amore
941 5135 981 5181 te-

190 5229 296 5278 neatur.
313 5219 407 5276 Nullus
421 5221 519 5292 quippe
532 5234 591 5275 earn
611 5219 693 5282 videt,
714 5218 759 5288 qui
778 5218 865 5274 adbuc
886 5233 981 5272 carna·

188 5319 253 5373 liter
269 5315 354 5372 vivit:
370 5315 434 5387 quin
448 5327 528 5369 nemo
549 5319 638 5383 potest
653 5308 778 5381 amplecti
798 5309 882 5366 Deum
899 5309 978 5365 sinrul

189 5417 217 5463 ct
227 5407 365 5463 mettium.
382 5404 433 5473 Qui
453 5405 525 5461 enim
541 5403 625 5459 Deum
638 5402 720 5467 videt,
733 5415 766 5456 eo
784 5402 841 5471 ipso
854 5400 977 5466 nroritur,

189 5513 244 5568 quo
256 5497 299 5553 rel
311 5498 461 5554 intentione
471 5496 572 5562 cordis,
584 5494 626 5550 rel
640 5493 735 5549 cll'cctu
750 5492 841 5562 operis
855 5492 889 5546 ab
900 5489 979 5559 lrttjus

1032 4855 1163 4927 principis
1191 4855 1391 4925 imprimuntur.
1413 4853 1490 4910 Oculi
1508 4854 1605 4921 uocati,
1622 4853 1679 4910 site
1699 4855 1762 4927 quia
1776 4869 1823 4910 cos

1034 4949 1158 5003 ciliorum
1184 4948 1303 5019 tegmina
1327 4947 1476 5013 occultunt,
1493 4963 1528 5002 ne
1551 4962 1604 5017 qua
1624 4946 1767 5003 incidentis
1781 4947 1823 5002 in·

1031 5035 1110 5106 juriae
1120 5036 1267 5092 offensione
1276 5037 1408 5092 laedantur
1419 5054 1426 5102 ;
1441 5038 1498 5092 sire
1508 5038 1572 5108 quia
1586 5037 1719 5092 occultum
1730 5036 1822 5094 luurcrr

1033 5129 1144 5195 babent,
1159 5129 1250 5195 idest,
1266 5138 1400 5183 secretum
1414 5127 1457 5182 tel
1471 5129 1545 5182 intus
1554 5126 1680 5198 positum.
1703 5125 1736 5181 lli
1751 5127 1823 5183 inter

1033 5235 1127 5276 omnes
1151 5235 1247 5276 sensns
1268 5218 1412 5274 viciniores
1435 5219 1533 5272 animas
1546 5217 1674 5273 esistunt.
1690 5216 1719 5271 ln
1734 5216 1822 5274 oculis

1032 5310 1103 5364 enim
1118 5324 1197 5364 omne
1207 5308 1305 5363 mentis
1314 5306 1447 5377 judicium
1460 5314 1511 5363 est.
1537 5305 1613 5362 Unde
1627 5314 1654 5360 et
1666 5306 1748 5361 animi
1760 5323 1821 5377 per·

1030 5399 1148 5456 turbatio
1162 5398 1203 5452 tel
1218 5397 1340 5452 hilaritas
1354 5395 1381 5450 in
1398 5393 1484 5450 oculis
1503 5402 1625 5464 apparet.
1640 5391 1717 5449 Dcoli
1729 5402 1819 5450 autem

1030 5490 1102 5545 idem
1114 5496 1142 5544 et
1155 5487 1256 5542 lrnnina
1269 5506 1276 5541 ι
1292 5494 1320 5542 et
1332 5479 1404 5541 dicta
1418 5484 1530 5549 lumina,
1545 5486 1615 5555 quod
1629 5499 1663 5540 er
1676 5486 1717 5541 eis
1726 5484 1819 5543 luoteu

191 5589 253 5644 ritae
273 5586 496 5644 delectationibus
520 5596 575 5643 tota
600 5594 689 5640 mente
717 5591 866 5652 separatur.
894 5579 980 5636 Neruo
1031 5587 1132 5642 manat,
1147 5574 1815 5647 relqnodexinitiosniolausamteneantinrem,

160 5741 163 5746 ⁴
190 5679 351 5750 ergchum
375 5680 451 5743 vidit,
478 5690 505 5733 ct
531 5680 607 5740 risit,
631 5694 661 5732 ne
682 5677 703 5730 si
720 5685 811 5745 aperte
826 5674 977 5728 diceretur:
1032 5681 1078 5726 ant
1092 5671 1259 5724 extrinsecus
1284 5674 1420 5738 acceptam
1445 5665 1512 5721 sisoi
1532 5660 1816 5735 praeponendarcluo·
