4042 6200
190 329 262 392 ttts
459 321 737 386 autumaremus
756 325 790 384 tu
808 320 883 382 err.
903 315 1006 381 rsutt
1026 322 1090 379 tto.
1111 317 1145 378 t.
1164 354 1200 366 -
1213 318 1247 379 tn
1267 309 1377 379 erist.
1396 324 1442 380 nu
1462 314 1545 381 nutt.
1759 325 1826 381 rere

191 443 263 518 quod
276 440 394 512 Spiritus
412 437 480 509 ejus,
495 439 543 509 qui
557 439 696 495 suscitavit
714 438 852 493 Christum
864 452 898 492 cx
913 453 985 492 mor·
1000 443 1027 498 Α·
1039 435 1105 489 darn
1123 435 1201 506 lipari
1213 435 1283 489 circo
1302 434 1398 490 collant
1413 435 1486 507 ejas,
1502 446 1526 489 et
1544 436 1704 506 precipitari
1723 452 1781 491 earn
1799 438 1828 491 in

191 534 256 597 tais,
271 528 376 585 habitat
392 527 419 583 in
437 529 532 595 nobist
547 528 589 582 rel
608 527 679 599 quod
692 526 794 598 Spiritu
808 527 855 581 liei
868 526 983 596 sginum,
1036 541 1124 591 rotare,
1138 542 1216 595 qaam
1232 524 1393 579 scandalizet
1413 542 1494 580 anam
1508 542 1542 580 ee
1553 525 1603 580 lais.
1618 524 1689 581 Deus
1702 541 1767 598 ergo
1781 543 1829 598 qut

191 624 234 680 rel
250 621 322 692 quod
344 620 470 689 spiritum
490 619 644 690 adoptionis
667 620 836 689 accepimns;
858 617 900 671 rel
915 617 987 686 qttod
1035 630 1086 670 nos
1098 615 1230 685 pretiosos
1245 615 1345 685 proprii
1362 613 1423 670 Filii
1445 630 1494 686 pro
1506 616 1585 671 nohis
1598 617 1748 686 pretiosum
1767 615 1821 673 lun·

191 717 286 772 surum
309 711 357 766 uttt
374 710 422 765 liei
437 718 466 766 et
490 709 620 775 haeredes,
647 717 675 765 et
699 708 853 764 coheredes
867 705 985 769 Christi;
1037 706 1124 762 dendo
1144 706 1301 777 sanguinem
1321 704 1399 772 iecit,
1416 707 1551 776 quomodo
1565 721 1616 762 non
1629 724 1687 762 cant
1701 708 1756 778 ipso
1774 726 1830 764 aaa·

191 804 234 859 rel
245 801 318 873 qaod
329 800 464 872 primitias
476 799 594 870 Spiritus
605 799 770 870 accipimus3
786 795 835 876 rei
844 797 915 867 qarod
931 796 988 866 ipsc
1038 794 1082 848 nia
1097 792 1169 848 nolis
1182 793 1289 847 donabit
1299 794 1312 847 l
1322 792 1393 848 Nihil
1407 803 1450 849 est
1467 795 1551 862 cuim,
1566 795 1622 851 sive
1636 795 1758 862 risibilis,
1773 798 1831 852 siro

192 894 310 963 Spiritus
320 889 475 960 interpellat
488 888 626 960 pronubis
639 887 784 959 gemitibus
801 883 988 941 inenarrabili·
1038 883 1190 949 irrisibilis,
1202 883 1411 953 creaturaequod
1420 883 1490 940 Filio
1501 885 1588 955 possit
1600 885 1745 956 adaequari.
1753 886 1831 942 Nullo

190 985 256 1050 bus;
268 983 310 1039 rel
320 980 391 1053 quod
404 980 530 1035 universa
541 987 666 1034 creatura
679 966 757 1033 nohis
772 976 950 1048 congemiscit
961 983 989 1031 et
1039 976 1109 1031 enim
1125 985 1204 1045 pacto
1218 975 1333 1030 creatori
1348 991 1397 1031 suo
1415 986 1538 1033 creatura
1551 987 1641 1050 potest
1653 979 1780 1035 conlerri.
1798 981 1831 1034 Et

191 1074 331 1139 cetrrdolat;
342 1071 384 1128 vel
395 1069 566 1142 quodomuia
577 1065 877 1138 nobiscooperanturin
887 1064 988 1120 bonum
1039 1063 1062 1119 si
1080 1072 1185 1119 creator
1197 1063 1255 1134 ipse
1270 1062 1435 1119 donatusest
1449 1066 1537 1132 nohis,
1553 1067 1688 1137 quomodo
1700 1083 1753 1122 non
1769 1085 1831 1124 cttrn

192 1162 365 1235 diligentibus
385 1161 485 1226 Deum3
500 1158 544 1215 rel
557 1159 629 1229 quod
649 1157 798 1214 secandum
818 1154 987 1226 propositum
1040 1156 1098 1226 ipso
1110 1155 1284 1211 nohisomnis
1297 1164 1421 1210 creatura
1434 1156 1596 1213 donabitur?
1607 1161 1730 1230 quantus
1741 1176 1832 1216 scruto

192 1252 280 1307 tocati
293 1266 405 1317 sumus,
421 1258 449 1304 ei
463 1246 633 1320 praecognsth
653 1257 680 1302 0²
693 1244 888 1317 ptoedssslissafis
907 1242 988 1312 etiu-
1040 1249 1085 1304 hic
1099 1249 1239 1319 dupliciter
1253 1249 1339 1321 possit
1362 1248 1486 1321 intelligi,
1511 1250 1537 1305 id
1558 1259 1610 1316 cst,
1626 1252 1697 1322 quod
1715 1269 1773 1307 cttttt
1787 1253 1832 1308 illo

193 1343 318 1408 stiticati,
333 1349 359 1395 et
375 1339 527 1411 glorificati.
542 1338 644 1393 florum
660 1338 761 1394 etenim
776 1334 990 1392 omniumrcluti
1041 1339 1129 1393 ontnia
1145 1338 1261 1393 donauit.
1285 1337 1354 1393 Nam
1373 1346 1401 1393 et
1422 1339 1474 1394 hoc
1493 1347 1582 1410 potest
1606 1341 1691 1398 rideri
1715 1346 1785 1414 tpuud
1809 1348 1832 1401 si

193 1430 394 1502 attacephtlffln
401 1427 558 1502 [epilogum]
565 1427 678 1494 satiens,
686 1436 713 1482 0¹
724 1425 804 1482 Simul
814 1425 904 1480 omnia
915 1438 992 1493 repe·
1039 1430 1173 1486 trahemus
1185 1431 1211 1486 in
1225 1430 1303 1486 nohis
1314 1427 1450 1486 Christum
1463 1434 1609 1488 secuudum
1620 1433 1672 1490 boc
1686 1437 1758 1505 quod
1770 1435 1835 1493 iler-

195 1534 264 1588 teus,
273 1523 311 1578 ait
324 1538 331 1575 :
345 1522 415 1588 Quid
427 1537 488 1592 ergo
499 1521 615 1575 dicamas
627 1519 663 1573 ad
672 1519 748 1575 hee?
758 1517 816 1574 linc
826 1526 878 1584 est,
892 1517 925 1572 ad
934 1519 992 1573 lraec
1042 1521 1105 1576 hum
1116 1529 1141 1576 et
1152 1521 1294 1591 sapientia,
1308 1530 1336 1577 et
1349 1521 1459 1586 veritas.
1472 1532 1499 1576 ct
1508 1520 1623 1590 justitia,
1637 1532 1665 1578 et
1677 1540 1729 1595 pax
1742 1534 1793 1590 est,
1809 1537 1836 1581 et

21 1607 22 1620 ¹
113 1621 120 1632 ‘
193 1608 992 1685 omninquaesupradiximuszquiasisichuspronubis
1043 1619 1140 1667 cratera
1157 1610 1247 1666 omnia
1264 1626 1324 1681 qum
1343 1611 1377 1667 de
1390 1626 1423 1668 eo
1437 1612 1537 1682 scripta
1553 1621 1615 1667 satu
1634 1629 1695 1669 cttm
1712 1614 1763 1669 hac
1781 1614 1836 1685 ple-

194 1714 247 1770 cst,
259 1713 289 1760 ut
301 1704 359 1759 hec
367 1702 445 1758 nobis
457 1711 555 1758 cuncta
567 1700 744 1766 concesserit,
756 1700 817 1770 quis
827 1714 887 1754 esse
898 1697 993 1753 adrer-
1044 1699 1165 1756 nitudine
1174 1697 1711 1767 virtutumnohisomniadonabuntur‚ut
1716 1700 1773 1772 jam
1783 1718 1836 1757 nou

194 1811 254 1852 sum
267 1794 443 1865 nospoterit‘l
453 1792 511 1849 Non
521 1793 567 1864 qui
577 1791 688 1848 omniuo
699 1793 835 1847 neminem
844 1790 922 1845 nobis
933 1805 992 1845 csse
1007 1805 1030 1867 B
1045 1805 1127 1846 ttnutu
1136 1803 1169 1845 ex
1179 1789 1306 1845 omnihus
1319 1790 1463 1857 creaturis,
1473 1800 1620 1861 etparrum
1634 1801 1712 1848 terrae
1722 1795 1838 1852 huncio-

195 1891 268 1946 dicat
277 1886 464 1943 aduersarium
475 1903 482 1940 ι
493 1885 609 1955 alioquin
616 1883 751 1954 quomodo
758 1882 840 1939 stabit
849 1880 912 1937 illud
919 1880 991 1951 quod
1042 1895 1191 1953 cutuqucm
1200 1880 1543 1948 nunctidemnrhahitare‚
1556 1892 1694 1941 teneamus
1707 1904 1712 1940 :
1725 1888 1838 1943 sedam·

195 1980 297 2035 dicttrm
312 1985 354 2035 est
365 1976 473 2034 aPetro
488 1995 495 2032 r
510 1976 683 2031 eldaersarias
696 1985 779 2029 uester
791 1973 911 2028 diabolos
924 1974 991 2028 sicat
1043 1973 1261 2044 niaquaecunque
1271 1973 1374 2028 crearit
1384 1973 1455 2028 licus
1467 1973 1580 2028 risibilia
1589 1983 1616 2030 et
1627 1975 1784 2042 inrisihilia,
1795 1992 1839 2032 oc·

197 2074 237 2127 leo
268 2073 373 2144 sepiem
400 2071 519 2137 circeis,
542 2086 661 2141 querens
690 2084 765 2139 gaam
789 2065 913 2121 deraret?
939 2064 993 2120 Scd
1042 2063 1114 2118 culta
1124 2071 1152 2118 et
1162 2061 1317 2127 manifeste,
1334 2062 1490 2133 temporalia
1503 2070 1530 2119 et
1539 2074 1640 2120 aeterna
1654 2080 1715 2121 cum
1729 2066 1842 2124 Christo

196 2164 248 2219 hoc
263 2172 306 2219 est
324 2162 395 2233 quod
410 2160 538 2227 ostendit,
562 2159 626 2231 quis
646 2159 701 2216 lieo
723 2166 819 2229 agente
837 2170 887 2228 pro
904 2154 992 2222 nohis,
1042 2149 1508 2224 par·itcrhabeamus.Potcstautem
1519 2162 1546 2211 et
1558 2154 1698 2212 aliomodo
1710 2156 1839 2213 siciutcl·

196 2253 409 2325 contetnptihilis
426 2262 454 2309 ct
467 2249 556 2307 nuilus
569 2250 683 2307 allicitur
699 2249 873 2305 adversarius
889 2256 991 2303 noster.
1043 2241 1090 2326 ligi
1102 2243 1172 2314 quod
1184 2240 1406 2314 dixit:Cuoeipso
1416 2245 1503 2299 omnia
1514 2245 1774 2313 noihdonabit,hoc
1785 2256 1840 2313 est,¹
1879 2287 1886 2298 .

197 2345 329 2401 Similiter
340 2353 432 2399 autem
445 2353 473 2397 et
488 2342 572 2398 Darid
585 2341 650 2397 dicit
664 2358 671 2395 ε
689 2339 817 2395 horninur
834 2337 993 2392 illuminatio
1044 2332 1095 2405 ipsi
1109 2333 1216 2406 quidem
1234 2342 1267 2389 ut
1278 2334 1393 2401 haeredi,
1410 2336 1488 2392 nobis
1502 2351 1567 2392 roro
1580 2338 1767 2394 coheredibus
1781 2337 1843 2408 ejus

197 2450 256 2491 mea
279 2447 301 2491 et
320 2434 436 2491 salutator
459 2451 552 2500 meas,
573 2450 650 2505 qoem
665 2431 779 2486 timebo?
801 2429 928 2484 hominos
949 2428 995 2482 de·
1044 2424 1147 2496 pariter
1162 2439 1222 2480 curn
1240 2426 1298 2496 ipso
1320 2425 1445 2505 universa
1466 2425 1569 2497 pertrui
1582 2427 1841 2487 dabiturcreaturnt

164 2585 170 2596 x
199 2526 361 2596 iensorot'tte
377 2540 553 2596 meoe‚oqrto
567 2523 723 2594 trepidabo?
740 2520 798 2576 Nou
815 2535 879 2589 crgo
893 2518 994 2574 trullum
1081 2512 1146 2580 Quis
1161 2514 1293 2570 accusabit
1307 2514 1431 2569 aduersae
1446 2514 1539 2570 eleetos
1566 2516 1770 2591 Deil(hmhr.)
1787 2519 1840 2575 Ne-

199 2613 266 2670 dicit
288 2629 348 2669 esse
366 2628 446 2684 quem
461 2621 580 2676 metuat,
604 2618 631 2665 et
651 2609 697 2680 otri
716 2608 874 2665 adversetur
886 2608 931 2674 ei;
948 2607 996 2663 sed
1045 2606 1147 2661 minem
1160 2606 1271 2671 audere,
1284 2618 1334 2660 nec
1349 2620 1429 2676 posse
1438 2605 1580 2677 judicium,
1598 2615 1627 2663 et
1640 2609 1842 2679 prescientiam

200 2702 337 2772 quamvis,
353 2701 455 2770 inquit,
471 2701 623 2771 appropient
643 2716 721 2770 super
736 2715 776 2752 ote
792 2708 820 2752 ot
839 2697 918 2751 edant
937 2713 996 2750 eer-
1047 2698 1093 2753 liei
1106 2697 1223 2755 innubis
1248 2706 1398 2753 retractare
1414 2705 1536 2769 apertum
1560 2708 1612 2757 est.
1628 2700 1694 2768 Quis
1712 2710 1755 2757 est
1768 2703 1841 2759 estha

200 2810 246 2848 ses
262 2809 332 2846 aeos
345 2791 391 2862 qai
407 2790 543 2844 anbelant
556 2790 657 2843 inimici
677 2787 742 2853 mei,
760 2796 866 2851 tamen,
882 2781 997 2840 horstius
1046 2788 1091 2859 apd
1104 2784 1192 2859 possit
1216 2788 1274 2843 haec
1298 2803 1358 2857 queo
1383 2784 1455 2844 Deus
1468 2791 1577 2859 prohats
1591 2790 1756 2862 improbare,
1777 2810 1840 2850 cum

201 2881 362 2938 defendente
385 2880 468 2934 uitam
492 2893 596 2943 meam,
616 2876 745 2947 intimanti
767 2885 827 2930 eant
850 2884 875 2930 et
899 2874 998 2928 reside·
1047 2894 1127 2934 neura
1141 2878 1253 2948 equalis
1266 2878 1301 2934 sit
1318 2879 1393 2934 Deol
1407 2878 1478 2935 Deos
1502 2881 1547 2953 gai
1567 2882 1712 2952 justificat.
1742 2884 1844 2944 tiocia

201 2981 273 3027 rant.
291 2970 342 3026 Dat
356 2978 487 3041 preterca
498 2967 628 3024 indicium
644 2967 791 3022 maximnm
805 2965 920 3038 ingentis
932 2979 997 3034 erga
1046 2968 1115 3023 lsaia
1132 2967 1264 3038 propbeta
1277 2976 1329 3034 est,
1344 2969 1416 3038 quod
1429 2969 1473 3024 hic
1486 2969 1564 3039 quasi
1579 2985 1657 3028 suum
1671 2973 1764 3045 pouit;
1778 2977 1845 3045 quie

203 3079 252 3119 uos
265 3062 367 3119 amoris
381 3060 439 3128 liei,
456 3060 502 3132 qui
519 3060 735 3125 interminans,
751 3058 849 3129 inquit,
863 3057 958 3112 dilexit
968 3064 998 3111 ut
1048 3072 1128 3113 nemo
1143 3065 1184 3113 est
1197 3057 1268 3114 alius
1280 3058 1326 3130 qui
1341 3059 1412 3130 quud
1425 3061 1523 3131 probat
1536 3061 1607 3119 Deus
1621 3071 1727 3135 arguat.
1742 3064 1796 3122 hut
1808 3081 1848 3123 ne

202 3172 253 3212 trec
265 3155 374 3227 proprio
385 3146 456 3209 ran
468 3152 635 3225 pepercerim
650 3152 698 3207 sed
720 3162 770 3223 pro
782 3151 859 3205 uobis
871 3149 997 3205 omnihus
1010 3176 1034 3238 C
1049 3147 1119 3206 lorte
1132 3149 1190 3221 ipse
1201 3166 1251 3207 nos
1264 3161 1386 3219 accuset,
1397 3152 1444 3208 scd
1457 3169 1511 3209 uon
1522 3162 1612 3224 potest
1622 3156 1693 3226 quod
1701 3156 1842 3227 justificat,

203 3248 236 3304 ad
252 3247 404 3318 passionem
419 3244 560 3300 tradiderit
574 3258 645 3298 eum.
662 3240 696 3297 Et
709 3250 740 3296 ut
757 3239 860 3308 majore
882 3255 931 3294 uos
950 3238 997 3294 ad·
1049 3255 1190 3296 accusare.
1216 3240 1281 3308 Quis
1307 3251 1345 3296 est
1362 3243 1407 3315 gai
1429 3244 1604 3299 condemnet?
1618 3243 1739 3301 Christos
1763 3246 1844 3305 sena

203 3337 347 3396 miratione
366 3337 575 3408 consurgeret,
595 3333 698 3389 addidit
715 3344 867 3388 sermonem
880 3329 998 3402 ingentis
1048 3333 1094 3405 qni
1108 3343 1286 3399 mortuoram,
1301 3334 1354 3389 into
1366 3334 1412 3406 gai
1425 3343 1450 3389 et
1461 3337 1586 3403 ennead,
1597 3336 1643 3407 pai
1657 3348 1696 3393 est
1708 3339 1743 3393 ad
1753 3338 1843 3393 dente·

204 3430 298 3487 arcani
312 3429 450 3484 conscium
460 3427 564 3489 dicens,
574 3421 753 3494 quamproprie
763 3421 831 3476 Filio
842 3435 895 3476 non
907 3433 999 3490 peper·
1050 3437 1108 3475 rain
1123 3420 1181 3486 liei,
1195 3422 1240 3495 qai
1253 3423 1331 3477 etiam
1347 3423 1554 3496 interpellatore
1569 3426 1654 3481 nobis.
1669 3425 1765 3493 Deum,
1779 3427 1847 3498 quia

204 3523 251 3576 cit.
266 3519 378 3575 Dixerat
391 3518 463 3572 erthu
477 3515 617 3585 superias,
626 3514 688 3584 quia
702 3511 786 3567 etiam·
799 3524 848 3567 nos
860 3510 906 3582 qui
917 3510 997 3581 spiri·
1050 3526 1101 3567 nos
1112 3511 1259 3583 justitient,
1273 3528 1403 3571 accusare
1417 3531 1468 3572 nos
1484 3523 1584 3589 negat:
1599 3516 1736 3573 Christum
1753 3526 1848 3575 autem

204 3619 262 3663 tant
282 3606 437 3677 adoptionis
456 3604 605 3675 accipimus
613 3643 624 3668 ,-
635 3602 682 3656 tilii
697 3598 745 3657 uei
761 3614 864 3657 sumns.
880 3600 919 3657 Ne
933 3616 999 3672 ergo
1051 3602 1180 3659 damnare
1192 3619 1243 3659 nos
1257 3619 1310 3660 non
1324 3620 1421 3674 posse,
1436 3607 1500 3677 quia
1513 3622 1546 3662 eo
1560 3607 1659 3663 allecta
1675 3608 1763 3681 diligit
1784 3625 1848 3675 uas,

205 3698 341 3755 communi
358 3698 408 3752 ista
421 3695 598 3769 appellatione
609 3693 724 3748 liliorum
737 3704 820 3746 unum
832 3691 949 3762 aliquem
966 3707 1000 3746 ex
1050 3701 1080 3746 ut
1106 3700 1259 3747 moreretur
1282 3708 1332 3762 pro
1351 3694 1439 3759 nohis,
1454 3702 1482 3750 et
1496 3709 1643 3766 resurgens
1657 3712 1765 3767 semper
1783 3714 1847 3755 cap.

206 3790 249 3844 his
263 3788 405 3843 tradidisse
416 3795 558 3857 putaretur
567 3784 612 3856 qui
623 3784 650 3838 in
662 3782 901 3839 tiliosridebantur
910 3782 999 3847 asciti,
1052 3801 1097 3841 ses
1112 3794 1219 3841 nostras
1236 3795 1297 3856 agat
1312 3786 1383 3855 apud
1396 3786 1517 3842 Patrem.
1532 3786 1617 3856 Cipus
1626 3789 1770 3858 poematia
1786 3808 1851 3848 ωῃ,

207 3877 310 3932 addidit
323 3877 429 3948 proprio
443 3872 532 3939 Filio,
547 3882 576 3927 ut
590 3887 652 3927 eum
666 3872 714 3941 qui
728 3871 802 3926 solus
819 3886 853 3926 cx
871 3870 929 3940 ipso
947 3870 1001 3923 ueo
1053 3875 1135 3930 temni
1149 3890 1202 3930 non
1216 3876 1397 3946 potest‚.quia
1413 3878 1440 3941 in
1461 3876 1572 3933 dextera
1591 3878 1639 3934 hat
1652 3888 1703 3944 ost,
1728 3881 1780 3937 hoc
1793 3893 1850 3944 ιιι,

209 3968 335 4024 hrethtbili
357 3967 497 4022 nativitate
510 3974 662 4036 generatur,
677 3965 842 4019 ostenderet.
858 3963 911 4017 Pru
923 3961 1002 4017 nobis
1053 3964 1081 4019 in
1096 3965 1199 4021 honore
1213 3952 1285 4035 quod
1299 3965 1371 4021 licus
1381 3977 1438 4033 est;
1450 3976 1479 4021 ut
1494 3967 1527 4024 de
1541 3969 1597 4025 Deo
1608 3969 1689 4027 Patre
1703 3974 1805 4040 securi,
1819 3983 1852 4032 et

207 4074 274 4131 ergo
287 4057 413 4112 ottenihns
425 4055 535 4110 tradidit
557 4054 642 4119 illam,
658 4068 712 4108 non
726 4051 772 4107 iila
792 4050 1002 4121 traditioneque
1052 4053 1161 4111 Christo
1175 4054 1244 4112 bilia
1257 4054 1316 4125 eius
1334 4057 1379 4126 qui
1397 4056 1569 4128 judicaturus
1587 4069 1647 4127 est,
1671 4062 1697 4118 iu
1715 4061 1769 4119 fide
1789 4065 1853 4136 eius

208 4147 514 4222 scriptumestslradet
526 4160 612 4202 autern
626 4147 710 4217 freter
722 4145 869 4216 [retransire
881 4154 1000 4210 mortem,
1053 4148 1185 4204 laetemur.
1202 4142 1272 4203 ttae
1286 4147 1351 4203 illud
1374 4157 1415 4204 cst
1435 4150 1508 4221 quod
1533 4151 1601 4208 dicit
1620 4150 1701 4209 Petro
1726 4155 1853 4224 apostole

208 4252 233 4298 et
254 4250 374 4311 parentes
391 4238 462 4311 tilios
486 4253 497 4293 s
519 4239 566 4295 sed
587 4240 729 4294 tradidisse
751 4253 812 4294 eum
833 4238 932 4294 dicitur
951 4239 1003 4293 hoc
1054 4234 1130 4309 (Lae.
1143 4236 1233 4309 artri*
1250 4234 1318 4292 Eece
1336 4240 1512 4310 'expostulant
1526 4240 1652 4309 Satanas,
1667 4253 1695 4297 at
1710 4260 1754 4299 aas
1766 4247 1850 4301 venre

210 4335 269 4402 ipso
280 4333 351 4403 qtrod
371 4347 433 4387 cum
458 4332 485 4385 in
501 4329 586 4386 lorma
609 4330 656 4385 liei
677 4337 761 4395 esset,
780 4343 876 4399 passus
887 4335 928 4383 est
940 4342 1003 4382 eum
1054 4326 1127 4381 latet
1140 4327 1258 4382 triticam
1270 4344 1280 4393 ,·
1294 4343 1342 4399 epa
1359 4337 1447 4382 astent
1463 4329 1609 4400 ropaoipro
1630 4341 1664 4397 te,
1689 4348 1721 4386 ne
1740 4333 1851 4403 deficiat

209 4421 349 4477 exinanire
373 4421 502 4489 seipsum,
524 4427 551 4472 ct
573 4417 686 4472 lormam
711 4415 782 4472 serti
805 4416 954 4486 suscipere,
977 4422 1005 4470 ct
1056 4414 1121 4487 fides
1135 4426 1193 4471 tan.
1209 4414 1308 4489 (tirig.)
1331 4412 1448 4473 ilidetur
1461 4419 1534 4474 enim
1549 4420 1852 4491 ultramarinum

210 4512 341 4581 usquead
356 4520 469 4565 mortem
484 4509 574 4565 crusis
584 4507 728 4579 pervenire
741 4523 748 4560 ε
762 4505 829 4561 utin
845 4506 903 4575 ipso
914 4506 1003 4561 omni·
1017 4539 1043 4599 D
1055 4507 1187 4560 accusabit
1202 4505 1377 4563 eleetosDei?
1389 4508 1423 4577 dc
1435 4508 1851 4572 diaholodicere..1tu11usenp„

210 4606 261 4658 hus
276 4601 429 4671 exemplum
449 4600 610 4655 obedientie
630 4607 758 4670 poneret,
782 4605 809 4652 et
822 4595 894 4651 uiam
915 4611 1005 4651 rasur-
1056 4597 1092 4652 ita
1106 4595 1209 4653 electus
1223 4606 1251 4652 et
1264 4598 1302 4653 ita
1316 4613 1442 4670 magnae,
1457 4615 1537 4670 quem
1550 4600 1595 4658 illc
1619 4618 1673 4660 non
1690 4606 1789 4662 audeat
1801 4623 1852 4664 nce

211 4691 338 4745 rectionis
349 4689 463 4745 retortuis
473 4688 598 4757 aperiret.
614 4688 666 4743 Pto
676 4688 802 4742 omnihus
818 4701 882 4754 crgo
896 4686 1005 4742 tradidit
1055 4702 1161 4755 casare,
1176 4686 1229 4744 nisi
1247 4686 1322 4744 illum
1335 4688 1422 4744 sulum
1435 4690 1481 4761 qui
1490 4702 1633 4762 peccatum
1647 4710 1700 4750 non
1712 4694 1788 4762 lecit,
1800 4690 1852 4767 qui

210 4796 293 4836 earn:
309 4795 360 4834 tran
375 4779 461 4835 solnm
473 4794 523 4849 pro
537 4778 648 4843 mutetis,
660 4793 712 4832 non
725 4777 810 4832 solum
825 4790 874 4846 pro
887 4776 1003 4846 magnis,
1055 4788 1082 4833 et
1095 4779 1202 4835 dicebat
1218 4799 1225 4835 :
1243 4776 1322 4835 Nunc
1349 4780 1416 4836 serait
1429 4783 1549 4855 prinecps
1572 4784 1651 4856 bajas
1666 4787 1768 4853 mendi,
1783 4798 1807 4843 et
1818 4790 1852 4842 ier

211 4872 260 4927 sed
270 4879 353 4941 etpro
360 4871 488 4933 minimis,
500 4878 527 4924 et
537 4884 587 4939 pro
597 4869 723 4923 omatibus
733 4865 896 4935 omninoqui
906 4866 1003 4921 suntin
1054 4888 1096 4927 me
1114 4870 1179 4927 niltll
1190 4873 1286 4927 inuenit
1301 4870 1393 4945 (loon.
1410 4872 1471 4942 ιιι).
1487 4874 1541 4930 Sed
1554 4878 1678 4946 quamvis
1695 4876 1739 4932 itte
1753 4883 1851 4933 exeret

212 4959 332 5016 Ecclesia
350 4961 461 5015 tradidit
485 4957 582 5013 Filium
604 4958 741 5028 proprium
762 4955 843 5011 Pater
866 4973 873 5009 :
897 4962 924 5009 ct
943 4956 1004 5011 ideo
1056 4966 1204 5036 noqrtitiam
1223 4965 1353 5036 propositi
1370 4966 1423 5032 sui,
1439 4968 1495 5021 ueo
1515 4964 1722 5033 justificantem
1741 4968 1853 5024 delente

212 5054 499 5109 etiarnsinrinimorum
506 5051 621 5120 dionem
632 5060 660 5103 ct
671 5048 840 5104 intirmorum
848 5047 1003 5116 laedatquis
1055 5059 1124 5114 sicui
1138 5060 1237 5113 pubem
1252 5057 1421 5128 iniquitatem
1440 5056 1587 5113 egestosum
1601 5073 1724 5124 suorum,
1738 5070 1765 5117 eg
1777 5060 1854 5117 ΒΜ

213 5147 368 5216 diffiniens
381 5144 440 5214 eius
458 5146 592 5200 instituam
606 5142 797 5197 ‘inscientiam
807 5182 816 5207 e
826 5142 853 5196 in
866 5141 1003 5197 Christum
1055 5150 1198 5221 caliginem
1213 5158 1324 5220 peccata
1334 5165 1444 5215 eorum5
1455 5157 1512 5206 eta
1529 5151 1665 5219 prioribus
1678 5151 1784 5209 delictis
1800 5170 1854 5212 eos

214 5234 581 5317 peecaredicitur,puouism
592 5233 700 5302 quidem
712 5230 877 5287 scandalizat
887 5232 1004 5285 eitimam
1056 5238 1199 5294 dealbante
1214 5247 1244 5293 nt
1268 5239 1376 5303 nivem,
1391 5247 1419 5294 et
1438 5238 1509 5295 sicut
1534 5239 1624 5297 lauant
1646 5244 1788 5301 candidam
1803 5246 1851 5302 la·-

215 5339 326 5397 proque
339 5323 462 5379 Christus
474 5332 596 5378 mortuus
607 5332 658 5376 est.
668 5320 735 5387 Quia
746 5338 812 5392 ergo
821 5338 870 5393 pto
880 5321 1006 5377 munibus
1056 5329 1144 5384 clarite
1154 5327 1222 5398 (ira.
1237 5328 1268 5400 ι),
1281 5330 1346 5399 quid
1359 5331 1482 5402 proliciat
1503 5335 1665 5391 accusator?
1678 5335 1730 5393 Sed
1744 5349 1771 5395 et
1784 5352 1849 5398 caut

215 5417 294 5473 uubis
308 5414 419 5470 tradidit
431 5414 527 5469 Filiam
540 5412 731 5478 uenenatas
745 5413 865 5479 omniuo,
878 5428 912 5467 ac
924 5412 1004 5467 mini·
1057 5418 1180 5475 christus
1203 5436 1253 5491 pro
1276 5421 1317 5475 eis
1341 5431 1464 5478 mortuus
1482 5422 1532 5489 sit,
1555 5423 1610 5479 imo
1628 5426 1719 5496 potius
1738 5445 1753 5484 a
1774 5424 1857 5490 tuor?

215 5523 277 5563 runs
286 5507 446 5579 quidemqui
458 5507 535 5562 estin
547 5505 897 5571 Ecclesia‚rontenrncndus
907 5513 951 5558 est
961 5521 967 5558 :
979 5512 1007 5558 et
1058 5512 1110 5566 tuis
1125 5512 1288 5573 resurr-epit,
1304 5525 1333 5567 et
1346 5513 1398 5568 iste
1410 5528 1426 5568 a
1440 5514 1543 5570 dextris
1564 5515 1665 5582 fatris,
1679 5526 1706 5571 et
1720 5517 1846 5591 ῑῃιρψρι.

217 5599 277 5653 ideo
297 5596 426 5652 [lominus
446 5596 503 5665 ipse
521 5595 627 5651 dicebat
643 5610 650 5648 :
669 5594 700 5650 Si
718 5594 776 5666 qais
789 5591 1006 5647 scarrelalisaoerit
1057 5608 1094 5662 pp
1107 5623 1156 5678 pru
1171 5609 1222 5673 055·
1236 5610 1296 5680 quis
1309 5624 1356 5664 ρος
1375 5610 1476 5679 polerit
1500 5612 1702 5666 condemnare?
1715 5612 1744 5669 ΙΙ,
1768 5630 1848 5686 supe,

219 5706 300 5742 ΜΝ
311 5705 343 5743 ³1
356 5686 459 5759 didimi
473 5687 529 5742 iiiii
544 5688 673 5752 minimis
687 5686 788 5757 “dedii
809 5684 904 5739 ”idam
920 5685 1008 5739 ‘tisim‘
1058 5698 1184 5765 rioribus,
1201 5698 1315 5755 Sanctus
1327 5699 1443 5769 Spiritus
1458 5699 1616 5765 interpellat,
1632 5700 1727 5770 inquit,
1741 5721 1788 5775 pro
1800 5722 1845 5758 na·
