4042 6200
38 444 39 467 ,
141 378 202 436 ιιι

589 377 770 436 excusum
788 379 900 437 surutt
919 380 1106 438 tuuuutaur
1124 413 1161 427 -
1178 382 1243 441 uls.
1263 384 1318 442 Vll.
1724 390 1780 452 aas

144 509 156 543 r
181 490 244 545 dum
258 502 308 559 pro
322 498 389 557 pace
404 485 467 541 tua?
483 505 493 537 r
510 484 608 558 (Oriq.)
624 488 781 559 Exemplum
794 490 934 560 accipiam.
950 498 972 555 Λ
988 493 1091 560 posteri
1102 492 1212 548 tradunt
1220 493 1393 565 interpretari
1408 495 1604 553 conculcatum.
1613 500 1696 557 iebus
1710 517 1776 575 ergo

142 578 238 635 llostis
250 578 387 649 quispiam
403 576 512 633 rebellis
527 588 559 633 ac
578 581 724 647 perduellis
740 590 834 637 contra
850 583 935 652 impes
985 581 1156 648 conculcata,
1170 582 1402 639 alortitudiuibus
1414 587 1570 652 mercariis,
1583 590 1672 645 anitua
1684 601 1776 648 nostra

141 680 264 725 ratorcru
280 667 359 738 tuum
373 676 452 724 terrae
473 667 642 740 adjndicatns
655 681 696 725 cst
710 687 718 724 ι
733 672 767 725 ab
787 674 838 728 boc
848 675 937 729 onmis
987 679 1167 726 transmutata
1180 681 1238 736 est,
1255 681 1283 727 et
1296 671 1369 727 lacta
1381 683 1423 730 est
1438 674 1589 731 Jeunratnu
1606 677 1678 733 l'irio
1693 696 1776 750 piscar.

139 756 936 832 miseneordiaaulertnr:seilicet,nerlrrmclamnatoquis
986 760 1015 817 st
1041 762 1078 816 ita
1106 770 1167 833 pust
1187 763 1392 821 diminutionem
1415 782 1430 820 ι
1454 766 1554 834 lebas,
1580 771 1607 824 in
1627 770 1777 830 lentsalcm

138 853 298 917 ntisererun
314 851 428 921 incipiat
446 849 585 907 odendere
603 853 842 908 condemnantem.
865 853 935 907 Sum
985 853 1156 923 peccaturis,
1174 862 1202 909 et
1216 854 1376 926 sangttiuem
1398 860 1564 923 testamenti,
1585 861 1776 931 sicutquidant

138 954 233 1001 autem
255 943 376 999 nonnulli
391 943 436 1012 qui
450 943 580 1014 adjiciunt
595 945 630 999 ad
649 945 833 1005 seueritatem.
850 954 880 999 ut
902 959 936 999 ne
984 951 1013 997 et
1034 952 1061 997 tu
1076 958 1249 999 communem
1273 944 1485 1011 existimaveris,
1508 948 1613 1003 dicetur
1624 960 1652 1004 et
1674 951 1708 1007 de
1727 963 1774 1009 te:

137 1034 338 1090 contristentur
362 1033 470 1101 quidem
489 1047 571 1102 super
597 1048 641 1097 eo,
667 1034 694 1088 id
714 1050 878 1105 uraguopere
889 1035 936 1089 de-
988 1050 997 1082 ι
1015 1032 1082 1099 bots
1094 1042 1188 1103 parcet
1202 1048 1284 1103 super
1295 1034 1502 1101 te,.lerusalem,
1520 1046 1549 1093 et
1561 1039 1622 1107 quis
1633 1041 1779 1095 contrista·

138 1131 271 1192 vitantes,
296 1142 331 1186 ne
344 1143 393 1200 pec
415 1142 561 1183 mesconem
584 1129 674 1185 cultus
688 1138 816 1199 putentur
832 1129 935 1200 judicio
985 1123 1059 1177 bitur
1071 1138 1152 1194 super
1172 1124 1220 1180 ιιι
1238 1143 1248 1176 ι
1264 1125 1331 1192 Quis
1344 1126 1416 1181 enirn
1442 1128 1664 1194 contristabitur,
1680 1131 1703 1186 si
1718 1133 1777 1187 taulis

138 1220 215 1292 regis
240 1219 350 1276 offendi,
378 1220 406 1275 st
435 1220 583 1275 ipttellixisct
604 1222 767 1291 expppptpm,
792 1222 934 1277 considera
985 1213 1090 1277 lucris,
1121 1223 1150 1268 ut
1176 1215 1268 1270 tradas
1296 1213 1407 1270 Jesumi
1436 1218 1625 1288 Unusquisque
1641 1229 1775 1286 nostrum,

138 1319 208 1366 tunc
225 1312 260 1366 οι)
275 1321 385 1383 pureum
409 1311 492 1366 euntia
507 1329 522 1366 a
539 1310 595 1367 [ipo
615 1314 823 1368 condemnatum
838 1329 934 1384 pecca.
984 1307 1094 1375 quando
1107 1315 1211 1376 peccat,
1237 1308 1356 1363 trtaxime
1369 1309 1523 1379 quicunque
1538 1320 1631 1379 peccat
1647 1311 1775 1380 ingentia,

139 1409 240 1467 torem,
254 1410 282 1457 et
293 1402 356 1457 cide
367 1401 502 1472 quomodo
513 1402 756 1460 innumerabilibus
766 1405 870 1475 angelis
885 1404 934 1460 bu.
985 1396 1011 1449 in
1025 1393 1117 1450 lesum
1136 1406 1251 1464 peccat:
1266 1398 1289 1451 si
1301 1408 1391 1452 autem
1404 1407 1432 1452 et
1448 1401 1620 1455 recesserita
1636 1401 1704 1467 lide,
1720 1403 1778 1457 liae

139 1506 224 1548 manc
236 1493 330 1564 generi
349 1494 571 1564 presidentibus,
586 1496 669 1551 pepp
684 1511 737 1551 uno
753 1497 862 1567 quietem
881 1499 933 1553 ms.
985 1485 1051 1541 lacit
1069 1486 1230 1555 spiritaliter
1243 1487 1364 1554 Christo,
1380 1504 1441 1558 quic.
1454 1489 1633 1558 corporaliter
1654 1488 1718 1544 lecit
1731 1489 1776 1543 ic·

139 1582 290 1639 ὅθιῑῦθιιίῑι
307 1582 405 1655 dignus
424 1582 571 1653 iudicentu-
591 1585 695 1654 Singuli
712 1589 811 1658 quippe
825 1590 934 1660 angelo·
985 1574 1114 1630 rusalcrrn
1128 1573 1309 1642 Quamobrem
1328 1595 1337 1627 r
1355 1586 1456 1646 quanto
1469 1577 1529 1646 plus
1541 1578 1711 1633 arbitramini
1730 1579 1778 1631 tle·

139 1688 202 1730 mut
216 1675 419 1744 perspicientes,
434 1678 497 1748 quia
512 1676 584 1734 Deus
608 1688 651 1734 esi
671 1680 717 1749 qni
732 1681 932 1744 condemnasti,
984 1665 1084 1721 teriora
1097 1666 1196 1721 mereri
1207 1667 1337 1737 supplicia
1347 1681 1419 1731 etttn,
1433 1668 1478 1736 qui
1492 1667 1589 1721 littnm
1605 1667 1652 1722 bet
1664 1668 1775 1723 coticul-

139 1767 205 1837 qnia
219 1778 327 1823 creator
338 1778 380 1824 esc
392 1770 438 1840 qut
451 1786 513 1825 epm
524 1781 677 1838 aversatur,
692 1782 721 1828 er
736 1772 789 1828 ηις
800 1787 859 1828 9530
871 1788 933 1844 pec.
984 1760 1100 1826 caverit,
1123 1769 1151 1814 ιι
1175 1760 1333 1830 sangninem
1363 1757 1429 1813 Nori
1455 1757 1622 1814 Testamenti
1647 1759 1777 1829 pollutum

140 1862 934 1934 catum,utmisericorselclemeuslleusqncdnmpmcone.
950 1845 971 1903 B
985 1852 1093 1908 duxerit
1117 1852 1145 1907 in
1158 1866 1213 1920 quo
1234 1848 1420 1907 sanctiticatns
1438 1858 1489 1912 est,
1507 1859 1534 1904 et
1554 1850 1667 1918 Spiritui
1685 1851 1778 1919 gratiae

139 1951 398 2025 cessiulempassus
409 1954 455 2018 sit,
467 1963 585 2025 utsnper
593 1970 656 2011 enm
664 1957 936 2026 sententiamppomss.
985 1943 1178 2000 coutumeliam
1199 1941 1318 1998 lecerit?
1340 1939 1555 1996 stromateum
1578 1939 1669 1993 lesum
1693 1939 1777 1993 lilium

141 2050 201 2098 ret:
213 2057 267 2098 non
280 2053 406 2114 parcunt,
419 2046 684 2110 nuneoutristantur,
695 2061 748 2101 nou
760 2046 933 2110 miserentur,
985 2037 1045 2102 bct,
1061 2036 1083 2091 si
1095 2034 1183 2090 iecisti
1198 2033 1349 2089 conuicium
1362 2031 1476 2102 Spiritui
1490 2031 1594 2101 gratiae,
1614 2031 1675 2100 quis
1686 2044 1768 2099 parce

140 2147 197 2192 non
212 2145 387 2192 revertuntur
402 2144 432 2192 ut
449 2146 544 2208 mgeut
560 2153 609 2207 pro
627 2153 660 2192 eo
677 2151 783 2207 pacem.
799 2134 933 2206 (llieran.)
986 2142 1069 2196 super
1086 2127 1129 2180 ιιι
1143 2125 1205 2196 quis
1224 2123 1431 2201 contristabitur
1445 2137 1528 2192 super
1546 2123 1596 2176 tc?
1611 2121 1672 2191 quis
1687 2136 1779 2176 rerer-

139 2223 315 2283 llulluseuim
326 2225 430 2282 offenso
441 2227 497 2282 lieo
504 2225 933 2296 potestprcdagitilsmgarcpcc-
985 2226 1059 2274 tctrtr
1072 2231 1168 2288 rogare
1178 2230 1211 2271 ea
1221 2231 1282 2286 quae
1293 2215 1320 2270 iu
1332 2229 1399 2286 pace
1412 2223 1476 2271 sunt
1489 2214 1559 2269 tibi?
1572 2214 1661 2284 lpsnm
1673 2210 1777 2275 lesuin,

139 2316 273 2381 cantium,
288 2315 478 2385 quianectam
492 2315 611 2372 clemens
631 2326 721 2387 potest
734 2324 859 2372 ereatura
874 2329 934 2371 esse
984 2308 1031 2379 cui
1055 2307 1178 2379 rogabat,
1201 2306 1306 2378 pariter
1326 2314 1353 2360 ct
1373 2305 1519 2376 praestabat
1543 2319 1576 2359 ea
1589 2311 1738 2375 qnaeemut
1751 2303 1777 2355 itt

140 2422 223 2478 qnam
236 2407 371 2472 eonditor,
389 2421 439 2463 nec
452 2407 489 2462 ita
513 2407 619 2463 alienus
642 2406 773 2472 externis,
797 2407 935 2476 quomodo
984 2414 1060 2470 pace.
1074 2397 1192 2469 pmdidit
1217 2397 1307 2452 altimo
1331 2396 1494 2466 peccatrix:
1520 2396 1581 2465 quis
1602 2402 1692 2465 potest
1705 2393 1776 2448 tillut

140 2497 272 2553 Dominus
291 2498 349 2553 suis
360 2512 482 2567 parcere.
494 2496 595 2569 (unp.)
607 2496 756 2554 lertrsalcm
771 2497 853 2568 igitur
873 2512 934 2566 qua·
951 2498 954 2503 ’
984 2503 1091 2560 rogare,
1100 2501 1250 2543 conversus
1261 2486 1295 2541 ad
1309 2502 1341 2540 ea
1352 2500 1411 2556 quae
1423 2493 1487 2540 sum
1498 2485 1544 2542 tibi
1557 2485 1583 2540 in
1594 2484 1673 2555 paeri
1683 2483 1773 2539 Seleu·

140 2589 175 2643 ad
189 2589 281 2659 priora
301 2587 404 2644 scelera
418 2588 499 2644 ctiam
517 2588 568 2644 boc
586 2587 699 2657 scilecit,
716 2597 745 2642 ut
763 2586 935 2658 crucifigeret
985 2589 1026 2634 tes
1037 2579 1175 2650 crpoquia
1188 2576 1540 2648 intpossibileesteos,quir
1554 2573 1777 2631 seruelsuutillu·

139 2679 284 2734 bantinum
306 2694 397 2734 meum
418 2677 521 2745 iesum,
538 2687 567 2735 ct
585 2680 611 2734 in
633 2687 739 2734 centurn
763 2678 934 2734 concurrexit
968 2668 1095 2739 minati,
1109 2676 1286 2737 quietaverunt
1300 2666 1382 2721 ctiam
1403 2665 1503 2721 donum
1517 2664 1639 2729 coeleste,
1650 2672 1677 2719 ιι
1691 2663 1778 2733 ιιι-ιι»

138 2768 242 2834 scelus,
256 2778 287 2825 ut
299 2768 334 2826 de
344 2783 377 2825 ea
389 2767 492 2825 diceret
503 2768 562 2839 ipse
575 2766 721 2825 Salvator:
983 2759 1059 2830 cipes
1070 2768 1134 2815 snut
1153 2757 1217 2813 laeti
1241 2756 1360 2827 Spiritus
1380 2755 1478 2821 sancti,
1499 2763 1677 2825 pusmcerunt
1697 2752 1775 2809 nibil·

177 2880 189 2915 r
210 2860 379 2926 Jerusalem,
402 2858 578 2926 temsatem,
604 2873 668 2928 quae
688 2858 792 2914 occidis
819 2858 934 2929 prophe·
983 2852 1092 2908 uncinus
1104 2851 1204 2907 bonum
1219 2848 1268 2904 Dei
1279 2848 1402 2914 uerbum,
1418 2847 1585 2917 virtutesque
1600 2845 1692 2902 saculi
1708 2859 1775 2901 ren-

142 2971 153 3004 ι
177 2959 230 3017 tas,
245 2958 274 3005 et
286 2949 390 3021 lapides
407 2949 504 3005 mimos
514 2948 548 3003 ad
569 2956 610 3015 te;
622 2949 728 3018 quoties
738 2948 811 3004 colui
822 2964 934 3019 congre·
984 2943 1050 3010 turi,
1062 2953 1090 2998 et
1112 2941 1229 3015 prolapsi
1244 2948 1316 3003 surtt,
1331 2940 1457 2996 reuocari
1471 2954 1579 2995 rursum
1591 2940 1625 2995 ad
1641 2937 1775 3009 poetritcn·

145 3064 155 3097 a
178 3058 246 3117 gare
260 3043 330 3100 illios
343 3052 404 3100 tuos
416 3043 486 3100 sicul
498 3042 599 3116 gallina
610 3051 759 3117 congregat
770 3043 857 3115 pullos
869 3058 933 3100 snos
985 3034 1061 3097 litim,
1077 3033 1175 3087 iterum
1195 3030 1384 3104 crucisssffltlffl
1407 3029 1582 3102 tiblffleliuslss
1598 3029 1695 3085 lilium
1715 3028 1775 3094 Del·

141 3154 152 3189 r
172 3136 225 3192 sub
240 3136 297 3191 alas
315 3150 395 3200 suas,
416 3143 445 3190 ιι
461 3135 571 3190 noluisti
586 3153 594 3189 :
609 3149 672 3191 ecce
686 3135 838 3190 dimittetur
855 3136 932 3190 robis

143 3241 153 3276 r
175 3226 272 3280 damus
296 3233 385 3280 rostra
405 3226 512 3281 deserta
528 3224 634 3297 (Marti.
656 3227 775 3297 xrrrrl.»
800 3226 862 3281 ideo
887 3187 956 3281 ιι(

140 3316 226 3371 missa
246 3323 299 3381 est,
314 3330 341 3371 et
358 3331 443 3386 usque
465 3316 499 3371 ad
521 3331 640 3387 praesens
661 3330 765 3388 tempus
791 3317 928 3373 destituta.

143 3409 237 3480 iugali
253 3410 298 3480 qni
315 3424 422 3479 semper
437 3408 638 3464 auxiliabantur
648 3410 684 3475 ci,
704 3425 753 3480 pcr
768 3425 836 3479 quos
849 3410 930 3464 etiam

141 3500 186 3557 lex
198 3499 286 3572 trop-st
298 3500 395 3556 tradita
407 3510 464 3565 cst,
478 3516 528 3571 per
538 3501 649 3572 angelos
664 3501 691 3556 in
707 3517 786 3555 manu
799 3500 929 3556 mediato-

139 3593 192 3660 ιιι,
203 3594 375 3648 destruerunt
384 3606 445 3646 carn
466 3599 494 3646 ιι
506 3590 633 3646 dixerunt
645 3609 653 3646 a
668 3590 757 3646 llultis
767 3589 931 3646 facinoribus

139 3697 270 3753 oppressa
283 3689 336 3747 est,
351 3680 442 3736 lesum
455 3679 600 3745 interiecit,
617 3681 643 3735 in
654 3682 796 3736 bornicum
807 3690 929 3736 nostnnu

139 3774 216 3830 misit
239 3775 345 3828 uranus.
370 3770 494 3838 Quandiu
517 3772 622 3827 minora
644 3772 774 3843 peccarit,
795 3772 930 3842 putuinms

140 3879 238 3937 rogare
248 3879 297 3935 pro
308 3879 351 3928 ea,
366 3864 504 3934 potuimus
516 3864 660 3919 obsecrare
677 3863 829 3926 Dominum,
842 3862 930 3931 potni-

140 3970 202 4009 mus
213 3968 325 4025 parcere
338 3953 363 4007 ei
375 3969 383 4009 t
397 3967 478 4022 super
492 3953 543 4007 isto
556 3968 621 4009 reru
631 3952 693 4022 quis
704 3951 814 4022 pareat?
825 3951 853 4005 Si
868 3967 930 4021 pec·

138 4059 206 4100 cans
220 4043 373 4113 peccauerit
394 4042 436 4097 alr
451 4042 478 4097 in
492 4042 596 4105 rirmn,
619 4040 769 4098 exorabunt
782 4055 832 4109 pro
845 4056 887 4105 ιιι
904 4039 927 4095 si

140 4147 233 4192 autern
256 4137 282 4191 in
300 4136 443 4190 bominum
467 4135 630 4205 peccauerit,
654 4134 715 4203 quis
740 4133 862 4188 eroraluit
880 4147 930 4202 pru

138 4225 190 4281 eol
202 4245 212 4276 r
226 4223 334 4280 Grande
348 4224 481 4293 piaculum
494 4224 630 4279 commisit
644 4222 794 4279 ierusalem
807 4241 814 4277 ε
828 4223 929 4293 gertrude

139 4315 307 4389 perpetrarit
320 4313 405 4370 nelas.
421 4334 431 4366 ι
444 4314 531 4370 uentu
550 4314 789 4370 comminationem
803 4313 873 4369 lacta
885 4323 927 4368 est

140 4416 170 4464 et
181 4408 282 4463 dicitur
296 4406 328 4461 ad
339 4421 417 4461 eam:
432 4406 499 4473 Quis
509 4415 603 4477 parcet
614 4420 697 4476 super
710 4415 746 4470 tc,
768 4404 928 4470 Jerusalem,

957 3180 968 3199 ,
984 3132 1012 3177 et
1026 3122 1143 3177 osterrtui
1155 3121 1285 3176 babentes
1298 3139 1305 3175 z
1321 3120 1395 3176 ororii
1413 3120 1507 3176 labore
1519 3119 1639 3174 nitantur
1652 3134 1687 3175 ne
1699 3127 1728 3173 ct
1741 3119 1775 3174 de

959 3218 969 3238 ¹
985 3212 1063 3268 uobis
1075 3211 1217 3267 dicatum«
1233 3209 1299 3277 Quis
1308 3219 1402 3281 parcet
1413 3225 1494 3281 super
1506 3218 1543 3274 ιι,
1554 3208 1717 3275 ierusalem,
1728 3220 1774 3265 aut

983 3305 1047 3373 quis
1063 3301 1267 3358 contristabitur
1280 3316 1362 3372 super
1377 3310 1416 3369 te,
1430 3313 1478 3357 ιιι
1490 3301 1552 3372 quis
1567 3309 1717 3358 revertetur
1731 3317 1774 3357 re

983 3395 1087 3468 garcia
1102 3409 1195 3465 pacem
1210 3392 1279 3448 tibi?
1298 3411 1307 3445 r

1021 3526 1029 3557 ι
1053 3504 1093 3559 Tu
1113 3502 1246 3574 reliquisti
1270 3516 1331 3568 me,
1357 3501 1424 3558 dicit
1444 3501 1597 3558 Dominus:
1623 3510 1774 3556 retrorsum

985 3615 995 3647 r
1018 3594 1118 3650 abiisti.
1138 3613 1148 3645 r
1169 3591 1303 3665 illicior.)
1326 3591 1414 3648 Causa
1430 3592 1561 3658 redditur,
1582 3607 1666 3662 quare
1685 3592 1775 3648 nullus

982 3686 1143 3741 misereatur
1165 3682 1325 3748 ierusalem,
1341 3697 1391 3737 nce
1403 3681 1580 3738 contristetur
1593 3697 1642 3752 pro
1660 3699 1706 3746 ca,
1723 3697 1775 3738 nee

981 3792 1031 3847 pro
1041 3791 1109 3847 pace
1119 3775 1330 3830 illittsobsecret.
1350 3773 1426 3840 Quod
1434 3789 1505 3836 cunt,
1518 3772 1594 3844 justa
1603 3772 1773 3843 Apostolum,

982 3866 1162 3938 posteriorum
1175 3863 1353 3928 obliviscens,
1369 3863 1402 3916 ad
1420 3862 1510 3931 priora
1525 3874 1555 3914 sc
1565 3861 1711 3915 exuentem
1726 3860 1775 3916 dc·

981 3959 1082 4025 buerit,
1097 3957 1249 4013 econtrario
1263 3965 1415 4011 retroversa
1425 3955 1461 4009 sit
1472 3963 1500 4010 ct
1521 3952 1665 4023 AEqpptias
1676 3968 1774 4009 camus

981 4048 1152 4104 desiderarit.
1166 4046 1237 4113 Quid
1249 4054 1340 4101 autem
1357 4046 1393 4101 sit
1408 4053 1481 4100 retro
1494 4044 1643 4108 artubulare,
1659 4044 1717 4100 sire
1728 4061 1775 4100 cx·

982 4142 1054 4198 tendi
1066 4142 1093 4197 iu
1105 4139 1207 4212 priora,
1222 4138 1374 4195 considera.
1394 4135 1494 4209 (θήρ.)
1505 4134 1597 4191 iustus
1608 4150 1701 4191 corum
1714 4148 1774 4204 quac

982 4241 1055 4286 retro
1068 4236 1132 4285 sunt
1145 4227 1326 4291 childeruna,
1342 4227 1367 4281 in
1382 4226 1472 4298 priora
1483 4224 1637 4280 extendinc
1650 4242 1657 4277 :
1675 4239 1773 4294 pecca·

981 4332 1025 4378 tor
1042 4320 1223 4391 pirateriornm
1238 4318 1372 4383 meminit,
1396 4316 1487 4388 priora
1499 4329 1552 4370 uon
1567 4324 1705 4384 appetens.
1721 4314 1772 4380 litui

980 4419 1070 4465 autem
1100 4409 1279 4480 posteriorum
1310 4406 1432 4462 metninit
1464 4403 1657 4476 praevaricatur
1681 4405 1707 4459 in
1736 4404 1772 4460 le-

140 4507 187 4552 ant
200 4497 262 4568 quis
281 4495 580 4566 contristabitursuper
591 4495 703 4551 telNos
716 4510 769 4550 uon
785 4496 929 4551 eorrtrista·
942 4519 967 4576 Ι)
979 4515 1039 4572 gem
1049 4496 1111 4554 Jesu
1124 4496 1239 4553 dicentis
1254 4514 1260 4548 :
1276 4510 1286 4545 c
1304 4493 1343 4549 Ne
1359 4504 1534 4550 concertator
1554 4503 1700 4549 retrorsum
1723 4493 1773 4548 tol·

141 4586 232 4640 bimur
245 4601 325 4655 super
348 4584 516 4649 Jerusalem,
539 4591 567 4639 et
586 4583 788 4639 calamitatibus
802 4581 877 4652 ejus.
898 4592 927 4638 ct

140 4679 232 4734 nuruis
241 4678 331 4750 populi
350 4678 441 4735 illius:
457 4678 562 4733 illorum
576 4678 675 4749 quippe
687 4678 786 4734 delicto
797 4679 870 4734 salus
883 4696 927 4734 uo

139 4771 182 4826 luis
192 4770 264 4825 lacta
274 4778 315 4824 est
326 4770 359 4824 ad
369 4768 549 4825 aemulandum
560 4783 616 4824 cos.
631 4767 732 4837 thuia
744 4769 784 4823 sic
796 4770 927 4838 peccauit,

138 4870 168 4916 ut
181 4873 248 4915 roca
262 4859 368 4914 [lumini
380 4860 525 4925 diceretur,
539 4856 605 4925 Quis
616 4865 709 4927 parcet
724 4873 805 4928 super
825 4869 862 4922 te,
883 4858 928 4914 Je-

138 4949 258 5005 rusalem
270 4950 282 5003 l
292 4964 343 5021 epo
354 4964 462 5020 quoqne
472 4949 533 5005 dieo
546 4948 579 5002 ad
598 4946 806 5005 interfectricem
821 4949 928 5005 botnini

138 5043 192 5096 mei
208 5038 297 5107 :Quis
313 5049 407 5111 parcat
417 5055 497 5110 super
507 5049 543 5105 ιι,
556 5038 819 5110 ierusalem,etquis
828 5043 930 5096 contri·

138 5130 256 5184 stabitur
267 5130 402 5198 superte?
414 5129 615 5184 Transcenrlam
634 5135 723 5183 aulem
734 5130 768 5184 ad
781 5129 928 5199 spiritalem

138 5219 307 5274 intellectum
324 5218 359 5273 ab
381 5219 533 5274 bumilitate
557 5218 757 5283 litterariam
775 5219 840 5274 mibi
863 5235 929 5291 pan·

138 5310 220 5365 deute
233 5308 346 5370 ratione,
357 5317 386 5363 ut
396 5309 503 5364 rideam
515 5308 649 5378 quomodo
661 5323 828 5379 unaquaque
839 5310 927 5364 anima

140 5399 222 5469 digua
244 5412 310 5469 pace
324 5399 371 5454 [lei
390 5397 539 5454 Jerusalem
565 5408 743 5468 nrtncupctur.
763 5399 828 5455 rost
846 5400 926 5455 disei-

141 5490 242 5560 plinam
268 5490 366 5559 qnippe
390 5489 507 5545 divinam
530 5488 617 5545 tactus
639 5497 682 5544 est
703 5489 862 5554 Jerusalem,
880 5493 925 5561 qui

141 5580 217 5650 prius
229 5579 318 5634 lucrat
332 5578 424 5635 iebus.
446 5580 563 5634 ilistoria
578 5579 670 5642 relect,
689 5580 751 5648 quia
764 5595 861 5634 nomen
874 5582 925 5636 loci

140 5671 221 5726 istius
241 5670 329 5725 luerat
349 5669 442 5734 lebas,
463 5679 491 5726 et
509 5680 601 5740 postea
614 5682 781 5726 commutato
793 5675 924 5730 vocabulo

141 5771 294 5831 pruncnpata
309 5761 344 5816 sit
356 5760 531 5816 llierusalcm.
548 5759 630 5816 labus
646 5768 736 5816 autem
750 5760 923 5818 llebnenrunr

979 4589 1035 4645 lere
1049 4589 1236 4645 uestimentum
1250 4601 1343 4651 surina,
1364 4604 1374 4637 t
1390 4585 1547 4641 inobediens
1562 4593 1603 4640 est
1618 4585 1691 4641 dieto
1702 4583 1770 4654 rjus.

980 4678 1239 4736 bletucntoteuxotis
1250 4677 1302 4735 Lol
1314 4695 1321 4732 :
1333 4677 1481 4732 contemnit
1492 4677 1634 4748 tmperium
1646 4677 1770 4733 Sulcato-

980 4773 1034 4827 ris:
1054 4789 1064 4822 r
1082 4770 1165 4826 llemo
1182 4770 1291 4825 ntittens
1307 4783 1388 4840 supter
1404 4777 1523 4822 aratrum
1538 4784 1643 4834 mantus,
1655 4779 1683 4823 ιι
1700 4770 1772 4840 aspi-

981 4863 1056 4917 ciens
1074 4871 1235 4925 retrorsum,
1251 4867 1380 4929 aptusest
1394 4874 1477 4931 regno
1488 4859 1535 4914 Dei
1547 4858 1623 4930 (Luc.
1638 4859 1686 4927 ιι).
1705 4877 1715 4910 a

1019 4972 1029 5003 r
1052 4952 1085 5006 ut
1096 4950 1240 5006 estendam
1254 4964 1363 5004 manum
1375 4964 1463 5004 meam
1477 4964 1558 5019 super
1572 4956 1609 5012 te,
1620 4957 1652 5003 et
1665 4947 1770 5002 interd

978 5043 1049 5098 ciani
1067 5052 1103 5096 te.
1129 5039 1260 5096 laborari
1274 5049 1383 5110 rogatus
1397 5039 1459 5111 (rice
1475 5036 1595 5108 regensi.
1612 5055 1622 5087 ι
1644 5035 1766 5104 Proque

980 5149 990 5182 ι
1014 5130 1189 5201 Septuaginta
1214 5119 1434 5191 'transtuleruut,
1461 5145 1471 5179 t
1498 5141 1666 5196 nequaquam
1696 5126 1766 5181 ultra

981 5242 991 5274 c
1013 5222 1146 5276 dimittam
1161 5235 1217 5275 cos.
1242 5239 1252 5272 r
1273 5218 1420 5288 (Hieron.)
1439 5217 1532 5271 Manus
1546 5222 1654 5270 extenta
1670 5231 1767 5286 percu·

978 5312 1068 5366 tientis
1082 5309 1209 5364 indicium
1217 5316 1260 5364 est
1273 5327 1280 5363 z
1295 5307 1635 5374 interlectio,peceatormu
1649 5304 1716 5360 iram
1729 5306 1766 5362 si-

979 5405 1318 5473 gruttcatconsumuratam.
1332 5398 1408 5465 Quod
1422 5406 1511 5451 autem
1527 5395 1638 5452 intttlit:
1656 5413 1666 5446 ι
1681 5395 1767 5456 barbo·

979 5492 1036 5546 nuri
1051 5490 1235 5560 rogatuslrice
1258 5487 1376 5558 rogatus),
1400 5505 1409 5537 r
1434 5484 1567 5554 duplicem
1590 5501 1699 5542 seersum
1717 5488 1766 5543 lta-

978 5581 1036 5646 bet,
1050 5578 1183 5650 quodiam
1198 5577 1326 5636 deiecerit
1341 5577 1423 5641 betis,
1434 5576 1579 5632 crelrrocis
1589 5577 1764 5647 ignoscendo,

977 5683 1006 5727 et
1020 5672 1105 5727 lassus
1117 5670 1165 5733 sit,
1179 5681 1286 5740 semper
1297 5684 1345 5724 cos
1359 5683 1509 5738 provocans
1522 5669 1555 5722 ad
1568 5668 1692 5725 saltuem.

1016 5760 1081 5816 «Et
1102 5760 1255 5830 dispergam
1276 5772 1323 5814 ens
1348 5757 1497 5814 rerrtilnbro
1525 5758 1551 5812 in
1578 5759 1663 5828 portis
1686 5771 1765 5817 terne
