4042 6200
36 299 37 314 ι
131 267 182 326 ιιι
342 319 343 322 ,
596 262 778 332 stabello
796 262 911 326 sbvtttt
928 263 1115 324 tumnultu.
1135 295 1169 307 ‹-
1191 265 1260 324 itti.
1280 265 1300 322 Ι.
1428 201 1453 311 Ι.
1720 273 1775 332 ιιι

133 378 275 460 Salvature
298 385 393 436 nasim
415 387 444 435 ct
460 378 575 436 Domino
598 376 661 434 lusu
685 378 805 436 cbristo.
830 377 926 436 Scien-
939 384 965 444 Α
977 376 1037 446 rim
1051 377 1212 434 Emmanuel
1228 378 1297 450 (ιιι.
1310 377 1391 452 ιιι).ι
1413 379 1503 450 lirqrtc
1522 378 1642 448 additur,
1659 402 1668 436 r
1683 385 1774 454 prius-

132 471 252 540 dumque
274 468 352 540 plura
371 484 405 526 ex
426 469 470 526 bis
488 484 549 526 esse
572 483 633 540 quaa
655 477 771 540 pessunt
794 469 928 528 Salvatori
978 484 1060 542 quam
1082 478 1229 542 eognoscat
1250 485 1349 542 puer.»
1368 470 1397 527 Si
1417 481 1508 527 autem
1523 481 1551 528 et
1573 473 1607 529 de
1627 475 1779 549 Evartgelio

131 559 364 631 convenireque
380 559 463 616 ctiam
477 573 528 615 uos
541 558 757 630 interponemus.
772 559 862 618 Pauca
881 576 930 618 ιιι·
978 562 1103 633 accipere
1129 571 1237 635 oportet
1259 563 1458 627 testimonium.
1480 562 1560 622 lesus
1583 568 1699 626 necdum
1718 572 1772 638 vir,

132 661 185 707 tent
207 666 303 707 eorum
326 665 387 722 quse
403 649 439 705 ad
455 647 601 706 terentan
621 649 693 706 dicta
712 658 776 705 sunt
787 659 928 708 coarctant
977 651 1026 708 sed
1039 651 1238 719 adbuciulans‚
1251 654 1315 723 quia
1328 667 1358 710 se
1371 653 1560 712 exinaniverat
1573 655 1686 714 lorrnanr
1701 662 1775 718 servi

131 739 312 808 irrteltectum,
334 740 407 809 quod
428 754 481 795 non
495 739 612 810 possint,
625 747 654 794 ut
670 738 761 810 plures
780 741 928 810 aestimant,
977 741 1115 814 accipiens
1135 740 1246 815 (Philip.
1259 743 1303 815 n),
1319 744 1488 814 proiciebat.
1503 746 1587 803 Nemo
1602 758 1693 814 autem
1712 768 1778 824 [ιιι-ι

131 835 164 890 ad
187 833 275 890 Deum
300 831 407 887 reterri.
421 831 564 904 Quaeergo
578 839 641 886 sunt
661 847 722 903 quaa
734 841 848 903 possunt
864 849 929 890 eon·
977 832 1046 899 sseit,
1060 833 1107 904 qui
1123 833 1261 904 perlectus
1282 843 1344 890 cst:
1362 834 1409 891 sed
1423 836 1469 894 ille
1483 836 1591 907 proicit
1609 840 1655 910 ιιι
1673 840 1775 913 indiget

131 923 224 978 reuire
234 922 270 978 ad
285 922 447 978 Dominum?
463 939 472 974 ι
488 923 529 977 Ad
540 939 622 979 omne
632 938 809 996 quoscunque
822 924 928 984 mittam
977 922 1110 995 proiectu.
1125 924 1196 995 Ergo
1213 923 1372 995 proiciebat
1387 935 1477 994 atate,
1492 927 1650 997 prulleicbat
1669 934 1775 1003 sapien·

131 1023 167 1082 te,
187 1015 252 1079 ibis,
270 1021 299 1069 et
311 1012 402 1069 omnia
415 1027 476 1084 quae
498 1015 597 1069 manlo
612 1014 670 1080 tibi,
687 1013 817 1086 loqueris.
833 1015 872 1071 Ne
891 1016 928 1071 ti·
978 1012 1028 1080 ιιι,
1041 1013 1201 1086 proiciebat
1221 1015 1308 1086 gratia
1321 1016 1392 1086 apud
1409 1016 1492 1073 Deum
1506 1026 1533 1074 et
1546 1020 1618 1091 apud
1633 1021 1770 1082 homines.

130 1123 235 1164 rtreasa
251 1107 321 1164 facie
334 1107 438 1175 ebrum,
452 1107 516 1178 quia
533 1118 685 1181 ιιιιιιιιιιο
699 1123 772 1177 sum,
793 1119 928 1168 uternam
977 1102 1047 1159 Nam
1067 1104 1090 1160 si
1107 1115 1285 1161 evacuaverat
1307 1121 1426 1177 seipsum
1441 1108 1476 1163 ad
1496 1123 1547 1166 nos
1566 1110 1734 1170 descendens
1746 1124 1775 1171 et
1824 1123 1829 1134 “

132 1206 168 1262 te,
179 1198 248 1254 dicit
266 1197 407 1253 Dominus.
426 1217 436 1252 ι
450 1196 570 1255 Necdum
589 1199 640 1256 ista
653 1201 741 1258 otiose
754 1201 881 1260 visentur
894 1204 928 1258 ad
978 1206 1114 1250 evacuans
1125 1195 1256 1266 scipsum,
1268 1199 1415 1267 resumpsit
1428 1199 1526 1254 iterum
1541 1216 1574 1255 ca
1586 1201 1619 1257 de
1631 1204 1729 1274 quibus
1744 1221 1774 1261 se

130 1287 302 1346 Salvatorem
326 1287 432 1355 reterri,
455 1305 576 1347 cavero
602 1307 663 1362 qnae
681 1301 852 1364 aequuum:
869 1313 878 1345 ι
894 1293 929 1350 Et
977 1284 1054 1356 prius
1083 1295 1272 1342 evacuaverat.
1298 1286 1368 1354 Quid
1396 1288 1533 1361 indignum
1558 1298 1601 1345 est
1627 1292 1775 1363 profecisse

130 1379 253 1435 extendit
269 1379 401 1435 Dominus
419 1394 529 1435 inanum
543 1395 621 1436 suam
636 1379 670 1436 ad
686 1396 740 1448 me,
752 1389 781 1438 ct
795 1381 883 1455 tetigit
896 1397 929 1439 os
977 1388 1041 1440 tum
1064 1375 1208 1445 διιῑθιῑῑιι
1229 1375 1378 1446 Dfflfessisssse
1396 1386 1486 1446 wille»
1511 1378 1659 1450 Dr⁰sss⁰ff⁵se
1686 1386 1774 1454 uratia

131 1485 222 1525 meum
239 1479 268 1525 et
280 1469 350 1525 dirit
368 1467 403 1524 ad
417 1483 462 1525 me
474 1487 482 1523 r
494 1469 564 1525 Ecce
578 1468 639 1525 deti
658 1485 798 1527 sermones
812 1485 886 1527 meos
900 1472 928 1528 in
978 1467 1049 1537 apud
1064 1465 1149 1522 Deum
1162 1475 1191 1522 et
1206 1467 1343 1536 homiues,
1355 1476 1383 1524 et
1396 1485 1460 1526 vera
1477 1470 1510 1526 de
1522 1487 1555 1528 eo
1570 1488 1631 1530 esse
1646 1475 1698 1532 ista
1714 1491 1776 1548 quta

131 1574 161 1615 os
184 1568 280 1624 tnum;
296 1574 360 1615 ecce
381 1559 509 1615 constitui
532 1568 558 1615 te
579 1560 660 1616 bodie
683 1576 766 1633 super
787 1572 883 1633 gentes
901 1572 930 1618 et
978 1555 1052 1612 dieta
1072 1563 1145 1623 sunt,
1164 1557 1345 1628 «priusquam
1366 1570 1515 1630 eognoscat
1529 1564 1710 1633 puerbonum
1725 1576 1776 1624 aut

132 1665 226 1721 regna,
240 1649 381 1705 cradicare
393 1657 420 1705 et
434 1648 600 1721 disperdere,
614 1659 643 1705 et
655 1650 800 1717 adificare,
813 1671 823 1703 ι
838 1652 872 1707 de
885 1650 929 1707 Je-‘
978 1646 1111 1715 malum»
1132 1656 1159 1704 et
1172 1664 1205 1705 ea
1218 1666 1278 1720 quac
1293 1650 1327 1706 de
1346 1658 1442 1708 eodem
1465 1653 1693 1725 interposuimus?
1719 1659 1774 1716 Sed

132 1741 216 1796 reunia
232 1738 368 1796 difficilem
384 1738 488 1795 iaciunt
509 1738 771 1810 interpretationem,
791 1740 843 1795 nisi
858 1739 928 1796 iortc
944 1729 966 1789 B
980 1740 1045 1797 dicit
1059 1741 1125 1796 mibi
1138 1739 1253 1813 aliquis:
1268 1741 1357 1798 Etiam
1373 1743 1397 1798 si
1412 1752 1490 1815 potes
1504 1745 1569 1801 illud
1583 1746 1616 1802 de
1630 1746 1772 1807 Salvatore

131 1831 297 1904 accipiamus
310 1847 344 1887 eo
357 1830 501 1901 modoquo
515 1832 736 1901 supradiximus,
751 1834 928 1904 utacceperit
978 1829 1129 1905 intelligere
1145 1831 1246 1888 dietum
1270 1847 1331 1888 esse
1355 1832 1417 1903 qaia
1440 1834 1559 1899 nesciat,
1578 1843 1606 1890 et
1618 1845 1715 1893 catera
1735 1840 1772 1895 is·

131 1925 158 1980 in
173 1939 255 1981 marm
269 1924 383 1980 calicem
397 1923 465 1979 meri
487 1922 609 1994 plenum,
623 1932 652 1979 et
668 1925 762 1994 jussus
776 1925 813 1980 sit
835 1925 927 1997 propi·
979 1921 1105 1978 tiusmodi
1127 1937 1188 1992 quae
1211 1922 1314 1978 minora
1330 1931 1402 1985 sunt,
1417 1923 1498 1992 etiam
1514 1924 1536 1979 si
1551 1923 1637 1998 [etsi]
1658 1942 1774 1997 puerum

131 2031 197 2072 trare
210 2015 318 2071 cunctis
331 2014 359 2069 in
373 2014 487 2070 circuitu
503 2013 668 2070 nationibus·
683 2015 757 2083 Quas
776 2015 848 2071 enim
861 2031 927 2089 gen·
977 2027 1040 2067 eum
1054 2012 1182 2083 accipias,
1197 2026 1286 2067 nonne
1295 2010 1410 2068 ullendis
1424 2011 1461 2067 ita
1479 2014 1619 2069 sentiendo
1630 2016 1662 2070 de
1676 2016 1771 2087 unige-

132 2114 172 2161 ιιι
189 2104 341 2161 eradicavit
361 2102 509 2168 ieremias,
533 2118 593 2174 qua
618 2119 701 2177 regna
725 2106 874 2170 subvertit,
897 2115 928 2163 ut
978 2104 1036 2161 nito
1048 2113 1076 2160 et
1096 2104 1277 2176 primogenitu
1297 2103 1430 2160 universa
1443 2114 1592 2173 creaturae;
1609 2105 1643 2164 de
1659 2123 1703 2174 eo,
1724 2111 1773 2181 qd

130 2194 230 2250 merito
247 2194 272 2249 ei
285 2192 387 2248 dietum
401 2192 447 2258 sit,
465 2211 474 2243 ι
488 2191 559 2248 Ecce
573 2193 701 2248 constitui
717 2201 742 2248 te
755 2194 835 2249 bodie
846 2208 928 2266 super
978 2203 1126 2264 artteqnum
1154 2193 1343 2264 conciperetur
1366 2194 1541 2251 annuntiatus
1563 2206 1621 2263 est,
1644 2197 1773 2268 loquerrta

131 2293 227 2354 gentes
241 2293 269 2339 ct
284 2298 368 2353 regna
386 2282 570 2339 eradicarest
588 2281 761 2340 suffoderet«
776 2283 863 2352 Quam
879 2286 927 2340 ha·
978 2285 1104 2343 Gabriele
1121 2286 1235 2359 angele:
1256 2305 1264 2338 r
1277 2286 1394 2357 Spiritus
1407 2290 1518 2342 sanetus
1531 2287 1620 2344 venriet
1636 2303 1718 2360 super
1734 2299 1772 2355 te,

130 2374 189 2429 buit
203 2382 369 2444 potestatem
389 2373 424 2428 ad
444 2371 667 2444 disperdendum,
690 2382 721 2429 ut
744 2375 861 2432 audierit
876 2395 885 2427 r
900 2382 928 2431 et
978 2385 1006 2432 et
1018 2378 1104 2433 virtus
1116 2376 1246 2432 ditissimi
1260 2376 1432 2433 obumbrabit
1447 2385 1472 2433 te
1485 2378 1562 2449 (Luc.
1576 2381 1630 2451 t),r
1646 2391 1674 2436 et
1690 2383 1774 2439 audes

131 2464 307 2538 disperdere?
327 2463 472 2532 »Quosve
487 2480 504 2520 o
519 2463 663 2520 aedificavit
675 2476 706 2520 nt
729 2475 928 2538 cousequenter
978 2466 1070 2522 dicore
1084 2467 1145 2540 quin
1159 2466 1261 2522 nesciat
1277 2466 1367 2537 loqui?
1381 2465 1562 2536 Quamobrem
1576 2469 1673 2526 videbo
1688 2470 1711 2526 si
1729 2487 1774 2542 po

131 2557 304 2612 addaturret
315 2555 469 2612 adificare?
482 2575 491 2607 ι
506 2552 728 2612 Jcremiasdixit:
741 2556 819 2612 «Non
826 2557 926 2629 prolui,
978 2567 1037 2614 tero
1057 2556 1160 2629 aliquid
1183 2558 1293 2629 dignum
1314 2558 1347 2612 de
1370 2556 1513 2613 Salvatore
1535 2547 1570 2614 in¹
1586 2560 1713 2617 hocloco
1733 2561 1774 2616 al-

131 2662 221 2718 aeque
240 2646 343 2719 proluit
364 2646 429 2700 mibi
454 2645 560 2716 aliquis.
574 2665 584 2697 r
599 2647 634 2700 Et
649 2648 784 2717 quomodo
803 2648 866 2702 data
885 2658 928 2705 est
978 2647 1060 2714 serre,
1083 2649 1217 2720 qrromcdo
1237 2647 1361 2720 quadan
1383 2649 1509 2704 nesciens
1527 2649 1614 2719 major
1634 2651 1686 2718 sit,
1702 2651 1724 2707 si
1741 2667 1773 2707 ca

132 2736 156 2791 ei
171 2736 317 2792 aedificatio
331 2742 414 2805 atque
435 2735 588 2806 plantatio?
602 2733 675 2802 llaec,
699 2742 729 2791 ut
751 2737 879 2805 diximus,
893 2737 927 2792 ad
979 2740 1144 2811 ignoraverit
1159 2741 1276 2811 quamsi
1296 2740 1400 2797 scierit.
1416 2739 1531 2797 Utamur
1543 2757 1610 2799 voce
1625 2744 1694 2814 ejus,
1708 2758 1774 2814 quir·

132 2827 303 2884 salvatorem
328 2826 414 2883 relata
438 2841 490 2881 non
519 2835 663 2882 coarctant
690 2826 925 2899 interpretantem.
978 2831 1132 2887 ruodosiat
1154 2831 1335 2903 antiquaque
1356 2831 1469 2888 neseiat
1494 2832 1644 2902 Respondit
1661 2835 1701 2890 eis
1723 2834 1772 2905 qui

132 2918 266 2976 ιιιιιιιιιι
287 2918 360 2974 enim
375 2917 476 2973 inistis
493 2916 646 2974 Salvatoris
660 2918 746 2990 ligura
759 2926 811 2974 est.
826 2917 879 2975 Sed
893 2934 926 2976 ea
978 2920 1030 2976 sibi
1054 2921 1198 2977 dicebant:
1218 2939 1227 2973 ι
1242 2919 1336 2977 Nonne
1355 2921 1382 2976 in
1399 2921 1509 2977 nomine
1525 2930 1571 2977 tuo
1593 2925 1773 2993 comedimus,

134 3029 196 3084 ιιι
219 3018 372 3084 sequuntur
385 3011 468 3065 etiam
490 3007 650 3065 doctissimo
664 3009 767 3065 bomini
782 3008 926 3066 difficulta·
978 3020 1006 3067 et
1024 3012 1051 3065 in
1066 3012 1175 3067 nornine
1191 3018 1237 3067 tuo
1253 3011 1383 3079 bibiturus,
1404 3020 1432 3072 et
1446 3011 1473 3066 in
1496 3010 1604 3067 nonrine
1619 3023 1664 3069 tuo
1677 3015 1775 3071 deuro-

135 3115 188 3160 tent
204 3101 381 3174 expositionis
396 3102 561 3173 important,
585 3102 721 3173 quomodo
735 3103 841 3174 possint
862 3118 929 3160 eon·
941 3095 965 3158 C
979 3102 1024 3157 uia
1045 3100 1183 3173 ejecimus,
1202 3109 1230 3158 et
1248 3103 1362 3159 virtutes
1385 3101 1517 3159 lecimus?
1539 3102 1674 3159 Discedite
1689 3120 1704 3159 a
1719 3119 1773 3171 rue,

136 3210 235 3268 gruere
249 3194 304 3269 [at.
317 3193 381 3249 edd.
395 3193 532 3267 Donriuo].
550 3193 603 3249 «tn
618 3194 675 3250 dixi
689 3212 696 3250 ε
710 3193 762 3262 Qui
784 3210 824 3261 es,
841 3194 928 3251 dorni·
979 3206 1034 3246 non
1057 3190 1119 3246 novi
1140 3206 1188 3246 vos
1210 3189 1319 3265 (llattb.
1330 3187 1412 3262 ιιι).ι
1436 3188 1520 3246 Putas
1532 3208 1567 3247 ne
1579 3190 1632 3247 boc
1651 3193 1722 3263 quud
1737 3194 1777 3248 ait

135 3297 215 3344 ttamr
229 3284 361 3342 Duminc'l
380 3285 450 3342 Ecce
472 3287 566 3343 nescio
579 3285 664 3357 loqui.
685 3305 695 3340 ι
711 3285 762 3354 Qui
786 3295 829 3344 est
842 3287 928 3344 virtus
980 3301 1032 3340 ιιοιι
1050 3285 1110 3340 noui
1133 3301 1187 3351 aar,
1208 3284 1340 3340 minorem
1358 3285 1485 3342 virtutem
1500 3285 1558 3356 ejus
1580 3286 1718 3357 approbat,
1739 3303 1774 3343 au

81 3405 84 3411 r
135 3379 196 3447 Dei,
213 3378 260 3451 qui
283 3386 325 3435 est
347 3378 491 3450 sapientia,
507 3378 535 3434 in
556 3393 610 3450 quo
627 3377 767 3450 plenitudo
780 3379 929 3436 divinitatis
979 3375 1110 3446 majorem
1131 3384 1213 3446 atquc
1225 3374 1388 3441 mirabilem,
1400 3375 1464 3448 quia
1478 3375 1564 3432 malos
1581 3377 1771 3448 periturusque

138 3475 247 3531 inabitat
268 3475 455 3545 corporaliter,
470 3475 604 3546 quomodo
629 3475 693 3530 huie
717 3476 804 3546 aptari
822 3484 927 3547 potest,
979 3467 1100 3523 neseiat?
1114 3466 1172 3523 Seit
1186 3466 1258 3523 enim
1272 3465 1307 3523 ab
1323 3466 1366 3523 his
1378 3466 1562 3533 differentias,
1578 3469 1630 3524 scit
1643 3468 1774 3537 meliora,

136 3567 224 3620 meto
239 3564 331 3637 ιιμιιι
344 3564 398 3620 ser
416 3575 444 3620 e
459 3566 541 3632 rtruu,
559 3566 621 3636 quta
634 3565 739 3636 joann
753 3581 799 3637 epo
814 3582 873 3622 ren
890 3567 930 3622 tn
979 3558 1240 3615 narbonensem
1256 3554 1374 3627 quicjns
1393 3568 1471 3625 surra,
1488 3557 1554 3612 ers
1574 3558 1635 3630 ants
1649 3557 1774 3632 narrar,

119 3729 125 3737 ὗ
138 3655 280 3713 terdicitur
292 3656 329 3724 ei,
341 3657 421 3728 quasi
437 3673 491 3712 non
502 3657 571 3712 bene
583 3657 762 3728 responderit.
778 3656 807 3714 Si
819 3657 891 3714 enim
903 3658 928 3714 et
980 3650 1129 3721 ignoratur.
1137 3648 1229 3721 igitur,
1239 3658 1268 3704 ut
1278 3656 1530 3717 cunstat,peccator
1539 3648 1678 3721 ignoratur
1686 3664 1701 3704 a
1709 3650 1774 3705 Dec.

138 3748 203 3803 dicit
216 3746 361 3803 Dominus:
374 3766 383 3798 ι
396 3747 454 3803 Νοιι
466 3748 567 3814 dicere,
579 3748 641 3818 quia
653 3747 760 3817 iuvenis
771 3764 823 3822 ego
833 3765 926 3817 sum»
979 3740 1051 3799 Dicit
1075 3741 1141 3797 nribi
1159 3740 1258 3812 aliquis
1272 3741 1305 3797 de
1327 3740 1497 3796 auditoribus
1515 3759 1522 3794 :
1540 3739 1688 3799 Ostendisti
1712 3743 1775 3813 quia

138 3838 311 3895 rrranilastum
325 3840 457 3910 estquasi
472 3854 527 3895 non
541 3838 760 3896 benedicentem
782 3839 865 3897 luisse
887 3855 930 3896 re-
980 3833 1083 3889 uesc‘tal
1099 3842 1257 3903 peccatores
1276 3832 1355 3896 Deus,
1371 3830 1513 3887 ostendisti
1526 3831 1589 3900 qtria
1605 3832 1710 3903 ignoret
1727 3847 1774 3893 eos

137 3930 313 4001 prebemum.
334 3928 398 3985 llaec
411 3941 475 3986 suut
495 3944 556 4002 quaa
576 3927 710 3985 salvatori
733 3929 860 3987 videntur
874 3945 929 3985 nou
980 3924 1027 3997 qtri
1046 3933 1195 3996 operantur
1215 3923 1396 3995 minuitatem,
1417 3937 1505 3995 neque
1525 3923 1599 3979 enim
1618 3922 1691 3995 digni
1712 3933 1775 3983 sunt

138 4021 295 4077 convenire.
308 4020 455 4091 Superiora
469 4030 560 4076 antem
574 4019 646 4074 lacilr
663 4018 802 4076 intellectu
819 4018 853 4075 ad
868 4035 929 4075 enm
979 4015 1117 4088 agnitione
1140 4014 1198 4088 ejus
1219 4030 1227 4070 ι
1251 4014 1386 4084 quomodo
1408 4013 1571 4086 approbabis
1594 4029 1721 4086 magnum
1746 4024 1774 4079 et

139 4110 304 4168 referantur.
317 4109 346 4167 ln
361 4111 412 4167 lruc
434 4126 524 4166 sermo
547 4109 752 4182 interpretantis
770 4122 931 4185 coangusta-
980 4106 1126 4179 gloriosum
1148 4120 1208 4162 esse
1228 4106 1300 4177 quod
1315 4105 1348 4160 ab
1368 4096 1401 4161 eo
1418 4106 1520 4161 dictum
1538 4112 1579 4160 est
1597 4123 1604 4161 :
1622 4103 1718 4160 llario
1736 4104 1780 4160 tc·

134 4211 194 4257 tar.
208 4200 300 4257 iesum
313 4200 451 4257 Christum
464 4201 565 4257 scimus
577 4201 671 4258 Deum.
684 4200 836 4271 Quaerimus
850 4203 930 4259 verba
980 4198 1026 4270 gui
1034 4194 1047 4252 ι
1059 4192 1144 4268 Loqui
1161 4196 1309 4253 burrianum
1328 4204 1381 4262 est,
1394 4202 1421 4251 et
1436 4194 1587 4251 elocutione
1599 4210 1705 4267 semper
1723 4195 1775 4251 uti-

140 4292 214 4364 quod
226 4293 297 4347 dieta
309 4300 373 4348 sunt
381 4292 460 4363 jutta
471 4306 595 4363 personae
609 4304 745 4363 emanere
760 4293 929 4365 dignitatern.
981 4295 1036 4354 tur,
1058 4285 1133 4342 verbi
1148 4301 1229 4343 causa
1245 4285 1421 4340 Hebraeorum
1442 4299 1507 4339 voce
1527 4284 1585 4340 sive
1604 4281 1775 4353 Grnecruttt.

140 4383 311 4454 Quapropter
331 4397 443 4437 neeesse
457 4382 536 4438 nobis
553 4390 595 4438 est
612 4380 767 4453 Scripturas
781 4392 890 4440 sanctas
903 4386 931 4442 tn
981 4378 1039 4435 sive
1054 4376 1219 4448 reliquorum
1231 4391 1365 4431 sermone.
1382 4374 1452 4446 Ergo
1467 4372 1491 4428 si
1504 4373 1659 4430 ascenderis
1666 4375 1700 4429 ad
1713 4367 1775 4431 Salss

141 4475 327 4532 testimouium
342 4489 449 4530 roeme.
473 4473 575 4530 Sensus
595 4475 695 4546 quippe
708 4474 795 4538 nostri
808 4484 835 4531 et
849 4492 931 4532 enar·
945 4457 971 4519 Ι)
983 4479 1107 4526 vaterem
1119 4475 1147 4524 ct
1158 4468 1254 4523 scieris
1265 4482 1326 4524 curn
1339 4456 1370 4521 'in
1384 4464 1517 4537 principio
1531 4466 1601 4537 apud
1615 4467 1700 4523 Deum
1714 4464 1780 4525 ller-

141 4568 262 4624 rattunes
273 4567 332 4622 sine
349 4565 393 4621 liis
415 4565 528 4623 testibus
542 4581 596 4622 non
614 4564 715 4621 trabem
728 4563 819 4621 tidem.
833 4566 867 4621 Et
880 4567 932 4625 boe
983 4559 1061 4628 bum,
1074 4557 1178 4629 inspice
1197 4557 1259 4627 quia
1274 4555 1377 4613 nesciat
1395 4552 1480 4627 loqrri,
1501 4571 1562 4611 cum
1577 4557 1726 4615 humanum
1740 4558 1778 4614 sit

140 4661 213 4728 quod
227 4658 329 4714 dietum
347 4664 407 4712 est:
424 4655 477 4711 rln
493 4671 542 4712 ore
553 4656 669 4712 duorum
683 4664 712 4713 et
724 4656 806 4712 trium
821 4657 931 4713 testium
984 4653 1038 4709 hoe
1057 4653 1129 4723 quod
1149 4651 1247 4708 dieitur
1269 4651 1359 4721 loqui?
1374 4649 1426 4707 Sed
1440 4650 1500 4706 ideo
1514 4652 1626 4718 nesciat
1643 4654 1707 4725 <guia
1721 4655 1777 4711 sint

140 4752 226 4808 stabit
243 4764 323 4806 omne
334 4748 447 4805 verbum
462 4747 505 4820 (ll
516 4745 578 4803 Cor.
591 4747 687 4815 aaut»
703 4746 789 4819 magis
806 4749 932 4804 convenit
984 4741 1087 4815 maiora
1104 4757 1164 4814 quae
1176 4742 1290 4799 noverit.
1304 4740 1334 4797 Si
1355 4748 1444 4796 autern
1462 4750 1490 4797 et
1502 4742 1658 4814 angelorum
1672 4745 1778 4817 linguas

140 4844 177 4900 ιι
201 4843 406 4915 interpretantis
428 4841 616 4912 probationem
637 4854 719 4910 quam
743 4840 777 4895 ad
801 4854 931 4911 qnorum·
969 4834 1112 4899 ,humanis
1133 4831 1334 4905 comparaveris
1355 4831 1463 4904 linguis,
1476 4841 1504 4888 et
1527 4833 1622 4889 scieris
1645 4833 1709 4906 quia
1725 4834 1776 4890 iste

139 4951 250 5006 entique
263 4934 402 4991 bominum
420 4947 572 4989 numerum.
586 4930 623 4988 Ut
639 4931 743 4986 firmem
757 4929 876 4988 Verbum
892 4932 931 4987 in·
985 4926 1072 4998 major
1095 4926 1130 4982 sit
1152 4926 1234 4982 etiam
1257 4922 1291 4979 ab
1311 4922 1423 4996 angcb's,
1448 4925 1529 4993 sicarii
1551 4933 1667 4980 testatus
1688 4925 1721 4979 de
1743 4939 1777 4979 eo

141 5025 268 5082 tellectus
282 5026 347 5091 mei,
363 5023 497 5093 accipiens
512 5022 580 5078 duos
592 5030 677 5078 testes
689 5023 723 5077 de
742 5020 817 5079 Novo
830 5030 858 5079 et
879 5024 933 5079 ιι·
984 5017 1129 5089 Apostolus
1144 5018 1171 5074 in
1193 5015 1312 5088 Epistola
1328 5031 1376 5070 sua
1394 5030 1474 5087 quarn
1489 5015 1585 5069 scribit
1600 5015 1633 5068 ad
1650 5010 1776 5070 llebrmos

142 5115 193 5171 teri
209 5114 394 5179 Testameuto,
408 5113 546 5183 accipiens
559 5119 615 5168 tres
629 5120 713 5168 testes
729 5111 762 5168 dc
775 5111 933 5184 Evangelio,
986 5109 1080 5180 (Deir.
1091 5106 1125 5181 t),
1143 5107 1276 5180 intelliges
1299 5105 1428 5177 maiorem
1444 5120 1505 5161 cum
1523 5103 1679 5175 angelorum
1693 5102 1775 5159 etiam

140 5206 177 5261 de
198 5204 344 5276 propbeta,
365 5202 399 5260 de
421 5202 558 5275 apostolis,
576 5203 616 5259 sic
637 5203 709 5259 enim
724 5223 733 5255 ι
752 5203 834 5258 stabit
855 5218 935 5260 omne
984 5199 1084 5274 linguis
1095 5197 1189 5262 luisse,
1202 5197 1310 5269 errando
1324 5205 1426 5251 tantum
1440 5194 1487 5251 Dei
1502 5192 1620 5250 Verbum
1631 5204 1691 5248 erat
1704 5190 1776 5264 apud

140 5295 439 5364 rerbtrm.rDuomodc
454 5296 535 5367 igitur
545 5295 695 5351 valebimus
705 5295 756 5350 ista
770 5296 935 5367 conjungere
985 5291 1104 5347 Patreru.
1130 5288 1199 5342 Dicit
1221 5303 1294 5358 ergo,
1314 5296 1343 5342 et
1363 5285 1560 5357 quodammodo
1579 5282 1678 5354 accipit
1697 5283 1778 5338 disci·

141 5389 297 5445 Salvatorit
316 5388 367 5444 Det
389 5387 456 5443 milri
479 5386 663 5443 testimonium
677 5383 762 5441 tetus
778 5386 934 5442 Testamen-
984 5383 1086 5458 plinam
1110 5396 1162 5436 uon
1190 5394 1363 5451 magnorum,
1385 5375 1433 5433 sed
1455 5374 1612 5431 interiorum
1633 5390 1665 5431 ne
1687 5374 1777 5432 mino·

141 5490 220 5536 turn:
236 5497 247 5532 r
262 5479 324 5550 qrria
339 5479 497 5550 prinsquam
520 5481 650 5548 agnoscat
672 5488 739 5543 puer
762 5472 864 5530 bonum
888 5484 936 5528 act
986 5491 1057 5532 rum.
1072 5473 1106 5529 Et
1121 5473 1192 5529 sicut
1208 5485 1258 5542 ego
1275 5469 1409 5525 balbutire
1423 5468 1509 5532 diseo,
1523 5465 1679 5522 violentiam
1698 5454 1779 5551 milri·

142 5572 280 5639 malum,r
303 5580 378 5635 ete.;
400 5571 446 5625 det
466 5568 548 5624 etiam
569 5567 676 5623 isaias:
693 5566 785 5623 ‹Ecee
808 5564 890 5637 Virgo
907 5565 935 5620 iu
985 5566 1093 5638 metipsi
1114 5563 1227 5629 taciens,
1241 5560 1348 5630 dirarrdo
1362 5573 1425 5614 cum
1440 5556 1558 5630 parvulis
1569 5556 1673 5628 loquor,
1688 5571 1777 5637 neque

143 5676 222 5720 trtero
235 5662 371 5733 concipiet
385 5672 412 5718 et
425 5661 513 5732 pariet
532 5661 628 5727 illium,
642 5669 670 5716 et
682 5659 822 5716 vocabitur
838 5674 936 5715 rronrcn
985 5656 1059 5715 euim
1076 5654 1144 5721 scio,
1165 5660 1194 5709 ut
1208 5653 1245 5709 ita
1258 5651 1356 5715 dicam,
1377 5648 1535 5705 infantiliter
1552 5647 1636 5745 loqui,
1654 5658 1682 5706 et
1695 5648 1778 5707 inita·
