4042 6200
228 327 280 410 asi
564 343 596 400 n.
615 339 741 399 nessus
761 336 870 397 inunt
891 334 1049 395 semino.
1070 331 1226 394 uooosr.
1246 335 1389 396 manus
1407 337 1497 395 ains
1514 338 1548 395 ιι.
1805 342 1863 401 232

229 470 356 542 quoniam
370 466 379 537 i
391 463 463 519 sicut
482 439 631 534 physiologi
658 456 760 530 uolunt)
787 462 864 512 tenso
889 451 1017 508 intestino
1030 454 1054 513 Α
1069 449 1217 520 impetitur,
1231 467 1282 511 nee
1294 468 1413 525 anquam
1424 453 1516 525 prada
1528 462 1580 511 est.
1600 452 1686 511 liaris
1698 456 1860 528 transuolat,

228 573 276 630 per
306 556 422 619 viscera,
448 550 578 623 quidquid
602 551 726 603 escarum
750 545 859 617 accipit,
886 544 946 600 siae
969 543 1020 599 ali·
1070 541 1160 612 ibique
1174 541 1263 600 bieme
1275 549 1468 599 commoratur.
1481 542 1602 599 iiimndo
1616 553 1708 601 autem
1720 549 1862 617 poeniten-

228 664 281 720 qua
295 644 452 702 decoctione
469 637 707 698 transniittit,llinc
720 636 807 704 iit,nt
821 636 899 705 adipe
909 634 1019 707 proprio
1069 634 1138 690 tium
1159 649 1208 706 pro
1230 635 1351 707 peccatis
1364 635 1421 691 suis
1439 643 1532 708 typum
1554 643 1641 704 tenet,
1668 652 1730 708 qnae
1744 639 1865 696 stridore

229 741 341 796 minime
364 737 505 801 farciatur,
528 734 591 804 qnia
616 732 776 802 parvissimo
800 729 923 785 ciborum
937 741 1019 783 succa
1067 723 1144 781 rucis
1165 723 1299 798 ploratum
1314 725 1401 798 magis
1415 741 1496 797 qoam
1508 725 1655 783 melodiam
1665 738 1754 797 sonat,
1769 739 1798 787 ct
1811 746 1863 802 pru

229 831 352 888 ,eqcpur
364 846 371 884 :
383 843 444 899 ,μω
458 842 510 881 nnn
524 823 655 894 gregatim
676 831 706 877 ut
721 828 825 876 ceterae
844 833 909 874 ares
934 817 1018 884 volat,
1069 824 1151 872 cantu
1164 815 1279 888 gemitus
1291 815 1372 872 edere
1388 817 1465 882 solet,
1489 818 1561 873 sieut
1581 826 1611 874 et
1632 819 1767 877 columba.
1783 821 1864 880 Unde

229 923 276 978 sed
287 918 499 976 delectationese
507 913 627 970 solitaria
638 912 804 969 consolatur.
823 910 924 966 Eorum
935 922 1019 964 unum
1069 905 1200 963 Ezechias
1212 906 1239 962 in
1252 907 1376 962 oratione
1385 921 1434 962 sua
1444 906 1582 964 aitasicut
1596 909 1684 980 pullus
1697 912 1862 980 hirundinis,

230 1025 316 1082 genus
340 1008 439 1063 dicitur
462 1020 532 1069 esse,
556 1003 628 1074 quod
651 1001 754 1074 stagnis
781 995 1021 1056 inbabitat:alind
1069 996 1108 1052 sic
1130 996 1271 1052 clamabo:
1289 996 1435 1053 meditabor
1461 1007 1490 1054 ut
1512 1000 1632 1056 columbo
1651 1002 1719 1074 (lau.
1737 1006 1862 1078 xxxiiii).

231 1102 313 1175 (sicut
327 1099 428 1154 dictnrn
444 1095 497 1166 est)
513 1094 584 1166 quod
604 1094 633 1148 in
646 1091 760 1148 desertis
772 1089 838 1152 locis
853 1089 1021 1158 secretisque
1069 1085 1210 1159 Lacrymis
1223 1103 1288 1161 ergo
1301 1089 1358 1146 suis
1369 1090 1505 1161 poenitens
1513 1093 1643 1163 pascitur,
1654 1102 1683 1151 et
1695 1096 1729 1151 ad
1744 1112 1864 1168 superna

230 1200 365 1248 uersatur.
391 1188 444 1244 Per
462 1189 514 1243 boe
539 1186 622 1258 igitur
634 1182 724 1238 arioni
738 1193 823 1253 genus
839 1178 1021 1251 pulcherrime
1071 1196 1120 1237 cnr
1132 1182 1243 1240 elevans
1257 1181 1377 1240 etelestis
1387 1185 1441 1240 cibi
1453 1185 1581 1256 pabulum
1592 1188 1645 1245 sibi
1658 1191 1765 1261 quaerit.
1786 1192 1865 1250 Unde

228 1281 419 1355 significantur
442 1278 571 1342 eremite,
597 1275 644 1348 qui
668 1274 808 1329 huminum
827 1268 1022 1327 consortinde·
1071 1281 1098 1329 et
1111 1271 1246 1345 Propheta
1268 1274 1307 1329 alt
1319 1291 1326 1328 :
1340 1272 1460 1331 Fuerunt
1473 1277 1540 1331 mibi
1556 1277 1680 1350 lucrpmoe
1693 1298 1759 1337 mete
1781 1300 1863 1354 panes

229 1371 336 1439 relietn,
366 1370 462 1425 timore
484 1365 602 1432 Domini,
622 1373 726 1421 remota
753 1377 783 1417 se
805 1360 949 1417 alllietioue
966 1360 1022 1415 dis·
1071 1359 1251 1430 disoenoet'e,
1266 1362 1330 1419 dem
1344 1363 1516 1422 dicaturutilti
1532 1368 1779 1438 quotidie:ilbiest
1792 1372 1866 1429 Deua

231 1464 363 1520 cruciant.
381 1460 530 1532 Sequitur:
547 1455 644 1513 l'urtm
664 1471 724 1512 suut
747 1456 815 1510 meet
832 1453 1022 1525 nycticorrsitt
1071 1465 1133 1512 tutta
1147 1453 1234 1529 (Paul.
1250 1455 1369 1528 malilit
1377 1456 1487 1523 iterum,
1499 1456 1573 1514 Sicut
1586 1459 1711 1528 maerent,
1729 1461 1865 1534 inquiens,

233 1552 376 1609 domicilio,
389 1551 468 1606 iliud
491 1564 576 1621 genius
593 1546 775 1603 introducitur
788 1543 953 1616 poenitentis.
968 1541 1023 1615 Ny·
1071 1546 1264 1603 munducabunt
1278 1564 1371 1619 putrem
1385 1563 1470 1604 meum
1483 1561 1494 1602 .·
1505 1559 1530 1605 et
1542 1560 1632 1621 potum
1647 1565 1706 1607 cum
1719 1553 1783 1624 pdu
1796 1564 1864 1609 tem·

232 1646 353 1701 eticorar
365 1642 459 1699 Graeco
472 1635 811 1696 vocabulo'dieiturnoctis
821 1646 1021 1705 eorrus‚4qsem
1072 1638 1197 1712 peram
1219 1656 1236 1694 a
1260 1638 1328 1708 {oue
1339 1638 1388 1695 ire
1400 1647 1424 1695 et
1446 1639 1635 1712 indignationis
1649 1652 1720 1709 ture,·
1737 1645 1799 1716 quio
1814 1644 1869 1702 eie·

231 1737 340 1805 quidum
358 1735 503 1799 bubonem,
525 1731 632 1804 quidam
646 1737 774 1785 noctuam
796 1741 857 1784 csse
878 1725 1019 1782 dixerunte
1072 1740 1138 1786 nous
1153 1729 1245 1786 elisisti
1257 1746 1299 1785 me
1314 1727 1400 1803 (Psoi.
1411 1728 1459 1804 cr).
1480 1729 1602 1802 lipupanr
1615 1731 1703 1788 Gracci
1720 1734 1867 1806 appellant,

232 1826 277 1881 alii
292 1825 376 1896 inagis
389 1837 470 1879 corso
494 1819 679 1893 magnitudine
691 1825 720 1874 et
738 1817 830 1874 colora
841 1813 1021 1882 consimilem,
1035 1809 1060 1870 B
1072 1832 1106 1876 eo
1115 1818 1186 1891 qnod
1200 1819 1654 1887 stercorannmanaconsideraqet
1668 1820 1762 1879 ietenti
1775 1838 1871 1895 pasca-

229 1930 313 1986 quiem
334 1912 487 1984 specialiter
506 1911 533 1967 in
561 1910 634 1966 Asiae
656 1909 781 1982 partibus
800 1905 916 1963 inveniri
942 1919 1023 1978 posse
1071 1918 1116 1967 tur
1125 1909 1209 1976 inmo,
1218 1910 1564 1983 avisspurcissims,cristis
1574 1909 1869 1988 exstantibus'gaienta‚
1957 1965 1963 1972 .

233 2017 377 2064 testantur.
392 2006 473 2062 lstum
491 2005 562 2061 siem
584 2002 637 2059 diei
650 1999 739 2073 lulgnr
749 1999 902 2064 abscondit,
924 1998 961 2053 ita
972 1997 1022 2053 ad·
1071 2018 1180 2075 semper
1193 2004 1221 2059 in
1236 1999 1366 2075 sepulcrls
1375 2013 1404 2059 et
1416 2005 1535 2061 humano
1551 2014 1672 2064 stercore
1681 2024 1866 2066 commorans.

232 2107 330 2154 uentus
358 2097 445 2153 noctis
472 2094 596 2167 producit
617 2110 624 2147 :
644 2099 673 2148 et
693 2100 788 2149 contra
813 2088 1024 2147 consuetudines
1073 2094 1207 2151 lienosis
1220 2095 1367 2152 sceleratus
1380 2099 1709 2170 ctpeocatoresbnnrines
1722 2101 1870 2172 signiticat,

236 2188 326 2244 arium
337 2194 401 2243 tunc
415 2186 502 2258 magis
515 2185 628 2258 uigilare
642 2193 670 2241 et
693 2198 772 2240 escas
782 2197 907 2253 quaerere
919 2180 1023 2250 incipit,
1074 2186 1119 2257 qni
1131 2184 1256 2242 sordibus
1271 2196 1444 2257 peccatorum
1458 2188 1597 2245 immorari
1611 2190 1719 2245 assidue
1732 2192 1872 2248 delectan-

230 2280 341 2350 quaudo
355 2295 385 2336 se
396 2280 423 2335 in
434 2293 559 2350 soporem
576 2277 725 2334 animantia
735 2286 834 2333 cuncta
847 2281 1024 2346 componunt.
1075 2288 1128 2334 tur.
1141 2278 1244 2336 Corvus
1262 2278 1318 2336 siue
1333 2295 1414 2337 corax
1427 2295 1553 2336 nomena
1569 2296 1636 2337 sono
1649 2283 1765 2354 gutturis
1776 2285 1869 2351 iiabct,

232 2371 272 2426 lta
290 2379 319 2425 et
341 2370 541 2442 poenitensiste
555 2378 688 2424 nocturno
706 2377 828 2439 ternpore
838 2381 916 2424 escas
927 2367 1026 2421 animas
1074 2369 1147 2439 quod
1171 2367 1240 2426 ubce
1257 2370 1379 2426 cnciut.
1408 2369 1506 2425 Fertur
1525 2369 1583 2426 bae
1597 2371 1666 2436 avis,
1692 2373 1764 2442 quod
1788 2374 1872 2430 editis

232 2461 348 2517 sollicita
361 2460 518 2516 curiositate
534 2458 677 2529 perquirit,
701 2459 780 2514 nando
794 2456 1025 2528 psalmodioeope·
1074 2459 1156 2529 pullis
1172 2475 1263 2517 escam
1282 2459 1363 2531 plene
1381 2475 1435 2516 uon
1455 2459 1586 2530 prebeat,
1608 2462 1766 2533 prinsquam
1781 2463 1807 2518 in
1828 2464 1883 2520 cis'

233 2569 294 2610 rain
305 2548 403 2617 dando,
419 2552 499 2607 modu
511 2551 697 2620 eleemosynas
713 2550 848 2615 iaciendo,
865 2549 946 2604 modo
963 2563 1025 2604 car·
1075 2566 1125 2621 per
1151 2566 1304 2623 pennarum
1334 2551 1502 2623 nigredinem
1533 2552 1737 2610 similitudinem
1766 2556 1870 2625 proprii

232 2657 311 2701 ceres
330 2641 435 2698 occulte
454 2641 588 2696 visitando
614 2639 700 2695 solum
729 2640 814 2694 Deum
841 2638 900 2694 rult
925 2638 1027 2694 haltere
1076 2647 1176 2703 coloris
1195 2655 1335 2718 agnoscat,
1353 2646 1500 2717 Postquam
1522 2661 1648 2703 vernens
1671 2655 1756 2703 tetros
1769 2647 1871 2718 plumis

234 2732 343 2801 testem,
363 2734 407 2789 01¹¹
427 2732 514 2805 calidi)
528 2730 646 2786 ¹¹0clll¹¹¹¹
672 2745 726 2785 ¹¹⁰⁰
739 2728 808 2785 l⁰¹¹ll
824 2737 973 2798 aspectum.
992 2727 1027 2783 Et
1076 2737 1212 2810 aspexerit
1230 2738 1258 2794 in
1276 2746 1343 2804 toto,
1366 2739 1473 2811 agnitus
1492 2736 1675 2794 abundantius
1695 2738 1792 2808 pascit.
1817 2735 1871 2794 lire

235 2834 309 2894 ‘¹⁰¹³’
320 2825 384 2895 quia
401 2825 472 2880 ⁸¹⁰⁰!
492 2823 641 2896 bellicam
653 2822 778 2896 deiibssill
791 2820 934 2877 milam
944 2828 1027 2891 ³1⁸]ssss
1076 2830 1152 2901 prior
1183 2829 1211 2883 in
1241 2828 1420 2884 cadaveribus
1446 2827 1554 2885 oculum
1580 2828 1658 2899 petit.
1694 2827 1800 2885 Cotum
1826 2828 1871 2884 ui·

237 2915 401 2981 solitarium,
415 2915 452 2970 ita
468 2915 624 2986 nycticorax
640 2912 715 2969 illum
730 2912 860 2978 dedarat,
875 2912 923 2982 qui
943 2912 1028 2967 sedo-
1077 2919 1217 2989 propinem
1245 2926 1420 2990 peecatorum
1438 2917 1481 2984 rel
1500 2918 1653 2974 demeum
1670 2916 1870 2990 significat,ut

236 3006 338 3071 micilio
347 3009 466 3063 retinens
478 3021 494 3061 a
504 3006 612 3078 publica
622 3005 726 3061 risione
735 3010 855 3061 remotum
865 3011 918 3060 est.
932 3002 1028 3059 Potest
1077 3020 1118 3066 cst
1130 3008 1196 3064 illud
1215 3009 1243 3064 in
1260 3007 1406 3066 Salomone
1423 3050 1429 3063 .
1448 3007 1587 3079 Effodiuut
1605 3025 1663 3063 euni
1676 3008 1746 3065 corui
1760 3009 1793 3065 de
1805 3025 1870 3065 cou-

234 3099 318 3155 ctiaiu
341 3099 499 3173 nycticorax
517 3096 655 3156 Christum
672 3097 720 3155 rel
737 3096 825 3152 tirum
846 3103 971 3153 ameum
986 3094 1026 3152 si·
1078 3102 1189 3159 ouilibus
1215 3100 1307 3176 (Pron.
1338 3101 1415 3167 xxxi.
1439 3101 1506 3156 ltcm
1531 3116 1631 3157 curtus
1660 3101 1787 3172 gentilem
1815 3117 1870 3176 po·

236 3188 365 3261 guiticare
388 3188 416 3244 in
443 3187 567 3245 ildelibus
579 3186 781 3259 despicabilem.
798 3184 899 3243 Passer
912 3186 1028 3243 estatis
1077 3194 1169 3267 pulum
1192 3192 1336 3266 signifieat,
1358 3200 1389 3248 ut
1401 3199 1445 3249 est
1459 3192 1525 3248 illud
1545 3192 1572 3247 in
1588 3191 1638 3249 tob
1649 3211 1657 3246 a
1668 3193 1732 3261 Quis
1738 3201 1871 3263 preparet

235 3298 331 3353 parta,
354 3290 477 3354 utsupra
490 3279 686 3337 diximustsed
707 3278 790 3334 nimia
808 3278 959 3351 sagacitate
972 3278 1028 3336 sot·
1077 3302 1154 3341 coroo
1184 3300 1270 3341 escum
1291 3300 1377 3351 suunt,
1399 3283 1503 3357 quondo
1522 3282 1589 3354 pulli
1601 3282 1659 3354 ejus
1677 3293 1711 3336 ou
1727 3280 1871 3337 Dominum

132 3378 135 3385 ’
240 3375 313 3431 licita
337 3389 398 3446 quae
417 3389 467 3430 nec
486 3372 565 3429 facile
578 3372 681 3445 laqueis
696 3372 831 3440 irretitur,
851 3386 903 3428 uec
915 3386 965 3444 pet·
985 3372 1027 3429 in·
1077 3376 1192 3432 clement
1210 3385 1344 3448 augentes,
1367 3391 1399 3430 eo
1420 3373 1491 3447 quod
1513 3390 1566 3429 nou
1579 3373 1690 3428 labem
1711 3372 1781 3428 cibos
1795 3372 1868 3444 (iob.

236 3466 353 3538 glutiens
372 3466 475 3521 ventris
498 3479 623 3521 escarum
648 3462 795 3518 ambitione
804 3461 947 3534 decipitur.
963 3462 1027 3519 llaec
1077 3465 1183 3536 xxxix).
1199 3464 1283 3522 Pullis
1294 3480 1360 3521 vero
1371 3478 1527 3529 corvorum,
1542 3463 1721 3521 illlisseilicet
1734 3464 1869 3534 gentium,

238 3565 348 3627 propter
370 3555 553 3611 infirmitatem
567 3568 643 3609 suani
660 3568 696 3607 nc
709 3561 756 3607 aut
767 3553 825 3622 ipsa
845 3568 861 3607 a
876 3552 1027 3624 praestare
1077 3570 1140 3610 esca
1164 3555 1256 3621 datur,
1270 3571 1332 3612 cum
1347 3570 1441 3612 eorum
1457 3553 1621 3611 desiderium
1640 3563 1732 3610 nostra
1753 3568 1871 3608 corruer-

237 3646 370 3717 capiatur,
387 3654 435 3700 aut
453 3644 535 3700 iustus
554 3646 612 3715 ejus
629 3643 793 3714 serpentinis
807 3644 971 3699 devorentur
984 3643 1027 3698 in-
1078 3645 1157 3702 sinne
1174 3644 1304 3702 relicitur.
1325 3645 1444 3701 Rursum
1468 3646 1497 3701 ln
1512 3644 1612 3701 bonam
1626 3652 1731 3716 partem
1747 3645 1869 3715 ponitur,

237 3736 324 3801 sidiis,
346 3735 417 3790 inter
436 3749 501 3789 arcs
520 3734 599 3789 unica
617 3733 743 3789 cautione
756 3732 860 3788 munita
877 3732 911 3789 ad
932 3733 1027 3789 domo·
1078 3746 1160 3795 utest
1171 3737 1236 3795 iliud
1249 3738 1277 3794 in
1291 3738 1410 3795 canticis
1426 3739 1595 3795 canticorum
1607 3739 1765 3809 desponsn:
1777 3738 1871 3794 cenes

237 3844 298 3884 rum
316 3826 424 3899 fastigia
440 3826 512 3883 celsa
535 3825 696 3882 concurrit:
723 3832 753 3880 ut
781 3839 799 3880 a
824 3825 960 3895 suspectis
981 3839 1026 3880 ca-
1077 3828 1136 3898 ep'ua
1158 3837 1188 3883 ut
1212 3828 1319 3897 abietes,
1337 3828 1406 3900 nigri
1428 3828 1496 3883 sicut
1513 3828 1583 3884 corui
1604 3825 1693 3901 (Cant.
1711 3826 1749 3900 r).
1765 3828 1871 3888 Coruus

236 3920 312 3978 sibus
339 3919 467 3975 reddatur
493 3916 594 3984 aliena,
617 3931 678 3987 que
699 3915 792 3973 multis
813 3915 941 3988 periculis
967 3931 1028 3987 pro
1078 3919 1203 3975 Cbristus
1217 3926 1259 3975 est
1280 3919 1308 3974 ln
1325 3918 1454 3975 membris
1475 3916 1545 3988 ejus,
1564 3919 1617 3975 boc
1634 3929 1687 3986 est,
1711 3920 1823 3985 mancus,
1839 3928 1871 3977 ut
1967 3953 1976 3961 -

236 4006 318 4069 batur
329 4010 455 4067 obnoxia.
468 4008 537 4065 lluic
548 4007 646 4064 mento
662 4014 847 4079 comparatur,
863 4008 910 4079 qni
926 4007 1026 4065 diaboli
1078 4008 1106 4064 in
1119 4007 1238 4066 Cunssms
1252 4009 1422 4069 cantieorum
1437 4027 1444 4064 ε
1458 4007 1548 4065 Come
1565 4010 1623 4082 eiua
1635 4010 1704 4065 sieut
1720 4010 1796 4066 elate
1810 4012 1871 4084 pul-

238 4102 352 4160 insidias
372 4100 521 4157 formidans
543 4097 698 4171 specialiter
711 4095 745 4153 ad
758 4096 888 4154 Ecclesia
898 4106 976 4169 septa
997 4113 1027 4154 se
1077 4117 1191 4166 nurum,
1209 4102 1291 4173 nigre
1309 4100 1387 4173 quusi
1405 4116 1496 4156 coruus
1508 4098 1612 4174 (itte).
1639 4099 1742 4157 Currus
1756 4102 1871 4173 nigredo

235 4198 391 4264 conserens,
416 4197 445 4253 in
460 4193 518 4265 ejus
531 4193 640 4264 fastigio
655 4190 772 4265 uigilans
784 4190 919 4271 tutissime
936 4205 1029 4261 perse·
1077 4193 1181 4263 peccati
1196 4192 1238 4249 uel
1252 4192 1427 4258 infidelitatis,
1441 4202 1472 4247 ut
1483 4192 1510 4247 in
1523 4191 1632 4249 Psalmo
1646 4209 1654 4247 :
1668 4191 1791 4265 Etpullis
1811 4209 1872 4248 cor-

236 4298 322 4346 rerat.
335 4288 358 4344 ll
361 4290 449 4343 uicum
460 4286 528 4344 dixit
543 4293 655 4358 propter
667 4284 838 4351 charitatem,
846 4298 950 4354 quaer
960 4282 1028 4339 mul·
1078 4300 1168 4339 uorum
1185 4283 1363 4339 inserentibus
1375 4298 1435 4339 euru
1447 4279 1534 4356 (Paul.
1545 4281 1648 4353 cxxvi).
1661 4281 1872 4352 Corvnspeoca-

237 4381 272 4437 tis
286 4395 370 4436 unum
391 4377 456 4434 iacit
468 4396 475 4433 :
485 4379 515 4432 iu
526 4377 640 4448 edificio
652 4384 764 4448 propter
779 4375 949 4432 altitudinem
961 4374 1026 4432 tidei
1078 4375 1146 4432 turis
1158 4374 1268 4431 tarditas
1278 4372 1517 4444 adpoenitentianr,
1537 4381 1565 4428 et
1576 4386 1646 4427 rana
1665 4388 1714 4444 spe
1724 4356 1758 4427 de
1775 4371 1819 4426 die
1839 4371 1870 4427 in

236 4481 265 4528 et
287 4471 475 4529 fortitudinem
489 4472 598 4526 mentis.
611 4468 844 4527 Considerandum
864 4477 907 4525 est
929 4468 1027 4534 etiam,
1078 4466 1150 4524 diem
1176 4464 1312 4531 differens,
1332 4473 1363 4521 ut
1388 4465 1416 4520 in
1439 4463 1595 4536 sophonia:
1613 4462 1672 4519 Vos
1696 4462 1870 4517 comambire

236 4564 461 4637 quemadmodum
481 4563 533 4618 iste
551 4562 706 4634 supplicans
724 4575 741 4615 a
756 4558 905 4629 maioribus
917 4559 1021 4626 aribus,
1076 4558 1199 4629 [mestre.
1218 4574 1309 4613 coruus
1335 4557 1363 4611 iu
1380 4555 1624 4628 superliminaribus
1647 4555 1703 4626 ejus
1717 4553 1812 4626 (Sapis.
1824 4554 1869 4625 ιι).

236 4656 369 4728 pellicano
386 4662 415 4709 et
435 4653 615 4725 nycticorace,
634 4652 717 4722 cepit,
736 4658 765 4707 et
783 4650 909 4722 peruenit
935 4664 1025 4720 usque
1076 4649 1296 4716 enmtqannosa
1308 4647 1378 4713 aris,
1391 4646 1461 4718 apud
1473 4644 1584 4703 Latinos
1591 4644 1687 4701 Gracc
1698 4646 1807 4703 nombre
1821 4661 1872 4716 ap-

237 4748 272 4803 ad
301 4745 423 4817 passeris
443 4743 652 4799 minutissimam
680 4743 842 4814 parvitatem
865 4759 874 4797 a
895 4741 1024 4812 quoniam
1076 4737 1201 4809 pellatur,
1215 4752 1297 4808 quam
1312 4736 1389 4793 aiunt
1403 4750 1520 4807 augures
1538 4735 1677 4790 bominum
1689 4748 1770 4789 curas
1782 4733 1869 4803 signi·

236 4839 368 4913 gradatim
382 4837 539 4910 penitendo
553 4837 719 4893 descendens
735 4836 824 4906 primo
845 4836 905 4891 loeo
915 4833 1025 4906 granulis
1078 4827 1248 4884 ilcationibus
1262 4842 1352 4899 agere,
1359 4827 1521 4883 insidiarum
1533 4826 1593 4881 rias
1603 4834 1768 4890 monstrare,
1776 4822 1870 4880 sutura

235 4944 289 5004 est,
313 4934 432 4992 secundo
457 4933 609 4997 mediocris,
635 4931 716 4988 terno
746 4927 940 4985 consuetudine
967 4928 1026 4997 ipsa
1077 4920 1234 4990 praedicere·
1249 4917 1376 4988 inagnum
1390 4933 1457 4988 ergo
1470 4915 1600 4972 nelasest
1621 4916 1679 4970 naec
1702 4916 1824 4981 credere.
1838 4923 1872 4969 ut

235 5029 347 5087 omnino
374 5025 530 5085 tolerabilis.
555 5024 603 5080 tta
627 5030 718 5078 autem
748 5035 813 5077 aves
833 5032 883 5090 per
910 5018 1025 5091 liguram
1079 5011 1156 5066 beru
1172 5010 1283 5066 consilia
1308 5025 1358 5065 sua
1383 5008 1539 5066 corriicibus
1560 5007 1680 5062 suaridet.
1705 5003 1775 5062 lluic
1797 5006 1872 5060 inter

236 5120 445 5195 suntparaboloe
468 5117 621 5176 inominibus
642 5129 741 5188 genere
761 5113 955 5184 discrepantes,
977 5111 1026 5168 sed
1078 5104 1162 5159 multa
1187 5102 1307 5175 auspicia
1331 5101 1453 5157 tribuunt
1471 5101 1555 5156 etiam
1580 5100 1687 5171 plurius
1705 5098 1872 5171 portendere

236 5215 461 5275 consuetudinum
474 5212 605 5284 qualitate
625 5205 791 5266 consimiles.
808 5205 929 5262 llirundn
942 5203 1024 5268 dieta,
1078 5196 1201 5252 uocibus.
1222 5193 1297 5251 Unde
1306 5203 1348 5248 est
1363 5191 1427 5248 illud
1442 5207 1450 5245 a

238 5310 311 5383 (1¹¹0d
324 5309 399 5364 ⁰5b⁰³
419 5322 474 5362 ⁰⁰¹¹
494 5311 584 5360 ΜΨ
606 5300 738 5365 miden&
766 5296 927 5352 minam
937 5294 1029 5364 εὕρω
1140 5337 1300 5390 i'uaceorntx
1315 5334 1385 5400 plena
1404 5332 1508 5397 muriani
1526 5337 1596 5383 uocat
1613 5330 1723 5394 improba
1738 5340 1809 5380 rore.

237 5418 318 5460 escas
337 5410 366 5458 et
380 5400 463 5457 edat:
479 5394 587 5470 garrula
609 5393 668 5449 aris
679 5399 709 5447 et
731 5404 781 5462 per
796 5394 933 5443 tortuosus
944 5385 1027 5440 orbes

236 5503 265 5550 et
277 5492 411 5549 flexuosos
420 5489 549 5545 circuitus
558 5483 711 5558 perrolans,
719 5488 748 5537 ct
759 5479 786 5535 in
794 5477 1029 5535 nidiscunstruen·
1115 5466 1168 5525 sen
1191 5466 1249 5522 base
1270 5462 1373 5519 incerta
1393 5463 1550 5520 omittentes
1569 5459 1602 5515 de
1626 5457 1786 5515 certioribus
1801 5457 1874 5513 scri.

237 5583 290 5651 dis
309 5581 524 5651 educandsqne
543 5576 654 5633 ioetibus
688 5569 888 5633 solertissima,
922 5563 1026 5622 babens
1078 5561 1145 5619 bers
1158 5564 1300 5613 tentemus.
1317 5552 1412 5608 uiuus
1426 5549 1516 5605 mollis
1535 5557 1563 5605 ct
1586 5548 1691 5606 uiribus
1714 5556 1742 5603 ct
1757 5545 1872 5648 'salutm

236 5676 320 5733 etiarn
336 5656 480 5745 'quoddam
503 5671 657 5742 praecium,
680 5665 753 5738 quod
778 5663 886 5733 lapsura
904 5659 1024 5723 deserat,
1077 5650 1155 5723 quasi
1170 5644 1336 5705 mollisavis.
1355 5641 1432 5699 Unde
1440 5649 1468 5697 ct
1479 5649 1658 5727 nutrcupatus,
1674 5652 1873 5735 rapacissimus

237 5780 287 5826 uec
299 5774 408 5840 appetat
419 5763 536 5823 culmina
552 5781 559 5817 ι
574 5761 608 5817 ab
639 5758 700 5815 attis
719 5770 826 5827 quoque
850 5752 946 5811 nribus
969 5763 1024 5806 nou
1079 5756 1181 5810 umen,
1199 5751 1228 5798 et
1238 5735 1392 5796 domesticis
1404 5750 1511 5837 semper
1527 5731 1622 5789 auibus
1635 5728 1786 5790 insidiatur.
1806 5725 1869 5783 tut
