4042 6200
202 348 251 403 lb'l
516 341 548 396 B.
566 334 694 393 habeut
712 332 821 390 ttubtu
839 329 999 387 nutriter.
1020 323 1173 386 noterit.
1194 320 1335 382 occubit
1353 318 1443 376 PARS
1458 319 1490 375 tl.
1774 317 1825 372 le

199 467 337 531 precatum
350 469 455 511 rcruam
474 451 650 524 deprecanti:
670 450 707 504 Ea
725 448 825 518 pietate
848 455 874 499 te
894 445 985 499 bomi-
998 451 1023 510 A
1037 451 1114 497 utero
1138 438 1237 510 pcudet
1253 455 1259 492 :
1276 450 1309 492 ex
1330 451 1362 491 co
1382 434 1453 490 euim
1477 440 1506 488 ιι
1529 429 1657 486 nutritur.
1673 427 1703 484 ln
1726 427 1825 483 lumbis

200 570 250 609 uus
262 557 392 623 proteget,
411 562 463 618 qua
477 544 638 599 tetoierarit
653 559 660 595 z
676 540 829 604 obumbrat,
845 538 872 592 id
891 545 941 598 est,
958 536 985 590 in
1038 533 1181 603 aliquando
1207 529 1336 586 fortitudo
1356 529 1439 583 animi
1464 525 1633 597 exprimitur,
1655 522 1733 593 jutta
1759 522 1825 580 illud

199 642 315 713 scapulis
336 640 403 702 suis,
417 638 474 708 qui,
486 639 490 646 '
500 636 563 690 dum
579 641 680 704 portat,
699 630 826 686 defendit.
843 627 925 697 Spina
946 634 988 681 est
1037 624 1157 696 Apostoli
1175 642 1181 678 :
1198 622 1328 693 rlrcinpite
1340 620 1440 676 lumbos
1453 617 1546 673 ruentis
1558 625 1650 671 oertrce
1661 613 1745 686 (Epir.
1758 613 1823 686 ιι);

199 732 324 801 iunctura
338 729 421 792 dorsi,
436 728 508 781 dicta
523 741 565 789 eo,
580 725 651 794 quod
674 723 772 777 habeat
793 719 909 774 radiolos
926 733 988 772 acu·
1037 723 1065 769 et
1087 713 1232 784 aliquando
1255 713 1337 768 libido
1364 711 1463 776 earnis,
1488 715 1519 763 ιιι
1541 720 1622 775 supra
1646 705 1747 760 dictum
1772 713 1824 759 est.

201 834 252 878 tos.
272 819 352 889 Cujus
370 819 502 891 iuncturc
525 813 666 885 spondylia
691 810 858 881 appellantur
877 816 988 879 propter
1038 805 1115 860 Unde
1134 804 1168 859 ad
1179 805 1230 860 lob
1244 804 1278 860 de
1294 801 1441 857 Bebemotb
1464 798 1593 854 Dominus
1607 796 1665 851 ait:
1682 793 1825 849 fortitudo

200 923 302 982 purtem
320 910 433 973 cerebri,
451 923 511 976 qum
531 905 617 960 fertur
627 918 675 972 per
686 904 736 958 hus
754 902 832 971 louge
850 909 936 956 tracto
953 898 986 952 ed
1037 899 1094 969 ejus
1105 900 1133 953 iu
1145 896 1239 953 lunthit
1252 897 1309 967 ejus
1323 911 1333 950 .·
1349 903 1373 949 ct
1389 893 1469 947 virtut
1482 891 1540 960 eiua
1553 891 1581 943 t'u
1595 887 1716 944 umbilico
1730 888 1826 942 uentris

200 1016 311 1058 ceteras
328 1000 449 1070 corporis
463 1007 562 1070 partes.
586 996 670 1052 Sacra
695 995 771 1064 spina
790 1001 830 1048 cst
853 994 905 1047 ima
924 1007 986 1061 per·
1037 992 1119 1064 ipsius
1143 988 1224 1062 (loir.
1247 985 1312 1058 xc).
1329 984 1481 1040 Seminaria
1495 982 1583 1037 coitus
1603 978 1669 1034 uiris
1682 979 1708 1032 iu
1726 978 1827 1033 lumbis

201 1106 286 1165 petum
303 1093 397 1160 spinae,
411 1105 490 1159 quam
506 1088 590 1143 Greci
604 1088 679 1141 ieron
694 1094 791 1140 ostoun
806 1091 987 1151 t·ocant,quo·
1038 1098 1098 1139 esse
1114 1101 1120 1137 τ
1135 1082 1163 1137 iu
1179 1079 1305 1135 umbilico
1319 1085 1409 1134 autem
1424 1075 1514 1130 inesse
1536 1071 1645 1128 leminis
1656 1071 1824 1140 perhibetur,

202 1192 272 1243 uirun
291 1188 405 1259 primunr
423 1183 525 1239 insonte
546 1191 676 1251 concepto
690 1179 820 1242 nascitur,
836 1177 949 1244 ideoque
960 1182 988 1228 et
1038 1182 1162 1241 utsupra
1182 1169 1359 1225 ostendimus.
1384 1165 1452 1221 Hinc
1465 1172 1506 1220 est
1530 1163 1612 1226 euim,
1635 1161 1706 1231 quoti
1719 1160 1826 1215 Veritas

202 1282 288 1336 hostia
311 1279 338 1331 id
357 1277 473 1347 primum
496 1290 511 1328 a
533 1271 678 1341 gentilibus
698 1269 749 1324 diis
774 1267 831 1322 suls
852 1265 985 1320 dabatur:
1038 1261 1178 1332 discipulis
1198 1258 1283 1314 dicit:
1304 1256 1363 1311 Sint
1388 1253 1469 1312 lumbi
1489 1252 1565 1307 oceri
1584 1250 1717 1322 precincti
1739 1248 1824 1318 (buc.

201 1369 270 1420 nudo
283 1376 309 1419 et
328 1379 405 1419 sarm
429 1361 504 1430 spiua
526 1359 633 1414 dicitur.
653 1357 734 1426 Spina
753 1355 825 1409 euim
845 1350 988 1421 aliquando
1039 1355 1104 1426 xri).
1119 1350 1187 1406 iiiuc
1198 1349 1295 1404 Petrus
1308 1360 1368 1401 cum
1381 1343 1516 1398 luxuriam
1530 1358 1545 1395 a
1557 1340 1639 1396 corde
1651 1339 1827 1408 restringeret

201 1473 249 1526 pro
273 1433 429 1508 fortitudiue
457 1450 599 1520 corporis,
627 1446 772 1517 aliquando
797 1459 846 1515 pro
873 1443 988 1498 elatione
1038 1441 1210 1506 admouebat,
1232 1440 1342 1494 diceus:
1357 1435 1487 1491 Succincti
1502 1433 1603 1488 lumbos
1622 1431 1714 1486 eucrotia
1734 1440 1826 1485 oertrm

202 1544 300 1599 trientis
318 1551 398 1612 atique
413 1539 539 1596 omnibus
553 1536 671 1609 peccatis
692 1535 811 1605 ponitur.
827 1533 903 1588 Unde
921 1532 988 1587 scri·
1040 1534 1074 1606 (l
1101 1534 1173 1589 Petr.
1189 1532 1225 1602 ι).
1240 1530 1308 1586 Hinc
1322 1527 1420 1584 Paulus
1439 1542 1501 1583 cum
1516 1541 1565 1597 per
1587 1524 1703 1580 Abrahm
1722 1523 1827 1578 sacriti-

202 1645 277 1704 bluttt
290 1642 330 1688 est
339 1633 367 1687 iu
380 1630 483 1700 psalmo
498 1649 505 1683 ε
519 1626 663 1682 Conventa
676 1643 732 1680 tum
748 1626 775 1679 5¹²
789 1639 907 1679 oenmbss
918 1639 987 1686 met,
1039 1626 1110 1683 cium
1124 1621 1321 1679 Melchisedech
1341 1630 1461 1690 tempore
1479 1616 1543 1672 Leti
1559 1616 1740 1671 sacerdotium
1754 1614 1827 1670 dice·

201 1728 263 1779 dmn
278 1723 452 1793 consriupitur
463 1721 526 1774 urlht'
540 1720 615 1789 apina
630 1715 722 1789 (Paul.
745 1714 835 1786 xxxi).
851 1714 932 1784 Spina
946 1719 988 1767 est
1039 1725 1082 1771 ret
1096 1715 1270 1778 decimatum,
1294 1711 1339 1766 ubi
1361 1721 1423 1765 tunc
1446 1710 1472 1764 in
1494 1708 1610 1764 Abrubae
1628 1722 1742 1778 corpore
1759 1707 1825 1762 Leti

201 1819 284 1881 euiru,
299 1833 357 1886 qum
372 1824 456 1869 toturn
468 1827 567 1883 eorpus
580 1809 660 1879 erigit
672 1817 752 1877 atque
772 1806 900 1863 eontinet.
924 1805 988 1859 llaec
1003 1804 1025 1862 B
1040 1807 1146 1868 lateret,
1160 1801 1317 1863 ostendeus,
1332 1800 1371 1854 ait
1386 1817 1393 1853 :
1408 1799 1501 1852 Aditus
1515 1798 1621 1852 enimin
1634 1795 1727 1851 lumbis
1741 1797 1825 1866 putris

202 1927 250 1980 pro
264 1906 388 1978 superbia
410 1904 506 1960 merito
524 1902 609 1974 posita
628 1908 681 1966 est,
706 1913 766 1970 ques
782 1896 918 1954 confracta
933 1911 986 1950 nou
1037 1904 1093 1951 erut
1106 1892 1191 1967 (rtet.
1213 1890 1277 1962 ιιι).
1293 1889 1359 1958 Quia
1374 1904 1440 1944 vero
1464 1887 1637 1942 seminarium
1658 1886 1770 1942 luxuriae
1785 1886 1826 1942 le-

201 1998 293 2067 deiicit
305 1997 338 2052 ad
357 1996 507 2059 interitum,
532 1991 579 2047 sed
598 1991 679 2060 erigit
696 1988 786 2058 potius
809 1987 843 2041 atl
862 1985 986 2041 salutent.
1037 1985 1118 2041 minis
1131 1985 1159 2039 in
1178 1982 1305 2040 umbilico
1327 1981 1492 2044 continetur,
1519 1976 1652 2048 Propheta
1679 1986 1825 2033 attestante

203 2089 269 2142 bom
283 2085 354 2140 euim
370 2082 499 2137 fortitudo
511 2090 538 2135 et
552 2080 717 2150 pmsperitas
729 2076 850 2148 corporis
868 2073 988 2130 coulriu·
1036 2075 1190 2134 didicimus,
1203 2074 1249 2142 qui
1264 2071 1314 2127 sub
1327 2070 1417 2140 specie
1441 2068 1547 2125 feminae
1561 2069 1711 2139 prostitutae
1725 2066 1825 2122 ludere

201 2178 280 2247 gitur,
296 2188 406 2229 necesse
419 2181 469 2236 cst,
495 2179 524 2226 ut
545 2172 579 2224 ad
595 2170 684 2225 cordis
698 2167 876 2222 humilitatem
891 2165 988 2220 ruentis
1037 2165 1212 2238 petulantiam
1229 2163 1371 2234 increpans
1390 2160 1429 2217 ait
1443 2178 1450 2214 :
1462 2158 1496 2213 ln
1513 2159 1556 2214 dic
1572 2168 1644 2213 ortus
1658 2160 1697 2213 tui
1715 2175 1766 2212 trun
1785 2168 1824 2215 ιιι

202 2269 295 2323 ultima
310 2273 478 2321 reuocentur.
496 2263 570 2318 Bene
591 2259 711 2316 hocloco
724 2273 775 2328 per
789 2258 893 2327 spinam
907 2271 987 2312 omne
1036 2256 1160 2326 pruritur
1182 2252 1319 2307 umbilicus
1338 2261 1399 2306 tuuc
1413 2250 1526 2324 (Uacci.
1542 2249 1615 2319 ιιι).
1638 2249 1714 2303 Uium
1730 2248 1825 2304 Grccco

201 2371 341 2430 peccatum
356 2357 493 2412 evidenter
508 2354 683 2424 exprimitur,
701 2351 764 2421 quia
776 2352 839 2404 dum
858 2347 941 2402 trabit
954 2347 987 2401 ad
1037 2359 1162 2403 sermone
1188 2344 1369 2415 appellatum,
1399 2341 1470 2412 quod
1497 2340 1533 2396 ibi
1559 2356 1609 2396 uos
1637 2340 1822 2396 obvolvamus.

202 2450 423 2512 delectationem,
454 2444 530 2515 quasi
561 2443 703 2515 pungendo
731 2441 833 2503 lacerat
858 2447 985 2493 mentem.
1037 2435 1131 2493 Graece
1144 2435 1217 2491 euim
1227 2434 1327 2490 eiluein
1336 2433 1479 2489 obvolvere
1490 2431 1598 2488 dicitur.
1611 2431 1738 2488 Testiculi
1751 2434 1824 2488 euim

203 2539 270 2594 iiiuc
282 2553 347 2609 ergo
358 2535 423 2604 justi
435 2545 460 2590 et
470 2533 625 2605 poeuiteutis
640 2547 705 2587 uoce
716 2531 829 2586 dicitur:
842 2527 987 2584 Conuersut
1037 2525 1124 2582 virilis
1136 2541 1217 2582 sexus
1232 2524 1315 2580 robur
1332 2522 1485 2595 signideaut
1497 2523 1614 2579 virtutis.
1637 2523 1713 2579 Unde
1727 2523 1826 2594 legitur

203 2647 260 2683 runt
280 2629 307 2682 in
326 2643 443 2681 mrumno
466 2641 535 2689 meo,
549 2625 611 2677 tium
626 2621 800 2692 consriuqr'tnr
812 2621 875 2675 milei
890 2621 987 2692 spino:
1038 2622 1065 2677 iu
1076 2620 1212 2676 Levitico:
1222 2617 1305 2673 Οιιιιιι
1316 2616 1426 2684 ouimul,
1440 2618 1509 2689 quod
1523 2617 1562 2673 ccl
1574 2619 1693 2674 cometen
1705 2618 1745 2674 uel
1757 2619 1824 2674 tocie

203 2718 264 2787 quia
278 2716 379 2771 scilicet
393 2729 469 2769 meus
490 2713 523 2769 ad
537 2714 683 2767 lomentum
698 2711 821 2776 vertitur,
840 2717 870 2764 ut
883 2711 986 2778 peccati

203 2807 311 2877 punctio
334 2803 488 2875 poeuitendo
502 2801 651 2873 frangatur.
674 2800 764 2855 Renes
783 2800 822 2854 ait
843 2799 930 2855 Varro
948 2800 988 2855 di·

203 2907 269 2961 rtos,
285 2895 356 2965 quod
370 2894 420 2949 riri
444 2894 478 2949 ab
502 2893 544 2948 his
563 2892 673 2947 obsceni
692 2891 812 2947 humoris
830 2898 986 2946 nascautur.

203 2986 269 3041 Nam
282 3000 357 3040 reuae
367 2994 394 3040 et
406 2984 528 3040 medullce
542 2995 648 3039 tenuem
664 2984 795 3054 liquorem
815 2983 947 3038 desudant
960 2981 986 3036 iu

1039 2716 1169 2774 relucetis
1186 2713 1331 2785 ablutisque
1353 2712 1478 2767 testiculis
1498 2723 1546 2779 ert,
1566 2730 1618 2768 raon
1636 2713 1749 2783 offeretis
1771 2711 1825 2768 er

1039 2807 1139 2882 (berit.
1160 2822 1215 2862 atu
1227 2805 1247 2877 ).
1267 2804 1397 2861 contritis
1420 2805 1551 2861 testiculis
1566 2813 1616 2870 est,
1636 2805 1682 2874 qui
1695 2804 1824 2875 paulatim

1039 2906 1179 2955 crescente
1203 2896 1305 2952 malitia
1321 2904 1445 2951 conteret
1465 2912 1541 2952 suum
1562 2896 1589 2951 in
1607 2896 1752 2952 uirtutibus
1764 2912 1813 2967 pro

1039 2991 1091 3045 lom
1111 2998 1139 3044 ct
1158 2989 1244 3060 sigua,
1267 3004 1315 3060 per
1333 3002 1393 3058 qum
1416 2988 1458 3042 vir
1474 2988 1560 3059 possit
1585 2990 1694 3059 agnosci
1710 3005 1716 3041 ε
1730 2988 1776 3059 qui
1798 2995 1825 3044 rl

204 3079 322 3144 renibus,
343 3078 388 3148 qui
405 3077 493 3148 liquor
508 3090 615 3131 rursum
635 3075 661 3130 in
675 3075 784 3131 renibus
804 3072 989 3130 calorerene·
1039 3090 1115 3138 riori
1135 3080 1393 3152 reprobatamque
1421 3079 1582 3150 sibimetipsi
1603 3079 1631 3135 in
1655 3078 1753 3135 inlitus
1777 3095 1827 3134 nn·

203 3172 243 3226 rio
257 3169 391 3224 resolutus
406 3168 534 3224 decurrit.
550 3167 638 3223 lienes
652 3166 794 3237 aliquando
806 3181 856 3236 pro
866 3155 1024 3221 contiuo-C
1039 3173 1105 3228 coit.
1121 3171 1201 3228 'lusis
1226 3171 1357 3227 testiculis
1375 3179 1428 3238 est,
1451 3170 1498 3240 qui
1518 3171 1598 3227 illatis
1624 3170 1677 3227 sibi
1696 3173 1826 3227 {coertio-

203 3262 239 3316 tia
255 3260 353 3314 mentis
375 3270 534 3329 ponuntur:
549 3258 611 3328 quia
631 3258 701 3313 sicut
719 3258 764 3313 isti
784 3273 883 3327 corpus
904 3257 990 3314 conli-
1041 3263 1121 3318 nibus
1139 3261 1411 3332 tribulationibusque
1421 3262 1521 3327 cessit,
1534 3262 1684 3332 animmque
1700 3278 1757 3318 sune
1769 3262 1827 3319 inc,

203 3359 281 3414 ucut,
302 3350 340 3403 ita
361 3348 444 3402 animi
463 3348 637 3403 stabilitatem
655 3355 682 3403 et
703 3347 747 3403 illa
768 3348 895 3403 custodit.
913 3346 990 3403 Uadc

203 3443 334 3513 propheta
347 3441 386 3495 ait
401 3458 408 3494 :
424 3439 506 3494 Renes
521 3440 570 3493 ruci
585 3438 689 3493 resoluti
701 3448 762 3493 sunt
779 3437 988 3512 (Probum).

204 3535 293 3589 lleues
306 3549 371 3604 ergo
384 3547 447 3587 suos
467 3532 535 3586 dixit
548 3546 608 3587 esse
625 3531 728 3587 solutos
740 3549 747 3585 :
760 3532 822 3602 quia
842 3532 990 3585 mundana·

204 3638 264 3677 rum
281 3638 371 3678 rerum
386 3621 542 3677 felicitatem
562 3622 666 3676 incauta
681 3621 819 3676 roluutate
835 3620 988 3691 quesierat.

205 3713 269 3767 ltem
293 3727 371 3767 rencs
389 3711 516 3766 interiora
541 3711 631 3767 cordis
648 3720 720 3776 suut,
744 3720 773 3765 ut
792 3713 818 3766 iu
835 3710 988 3782 propbeta:

205 3801 261 3871 Epo
282 3800 409 3858 Dominus
431 3810 550 3865 scrutum
570 3817 643 3855 renes
660 3810 684 3855 et
703 3801 782 3855 cordo
805 3799 879 3871 (der.
905 3801 988 3875 xru).

205 3893 322 3949 Rursum
338 3908 417 3948 renes
436 3892 641 3948 delectationem
659 3893 749 3948 carnis
770 3894 805 3948 ob
818 3892 904 3947 buxae
917 3892 990 3963 cogi·

1041 3352 1182 3409 titudinem
1196 3352 1324 3422 prodidit.
1346 3351 1405 3407 Nou
1428 3352 1500 3407 cuim
1517 3360 1623 3422 oportet
1644 3352 1694 3408 hoc
1710 3354 1825 3424 perpeti,

1041 3458 1092 3499 uec
1103 3443 1213 3498 omniuo
1227 3441 1325 3498 cedere
1340 3442 1491 3497 imminenti
1510 3442 1581 3497 hosti
1593 3450 1673 3512 atque
1687 3442 1824 3513 affligenti.

1041 3528 1128 3587 Sectis
1154 3530 1303 3600 ablatisque
1333 3529 1465 3586 testiculis
1489 3537 1542 3596 est,
1571 3529 1616 3600 qui
1641 3546 1694 3585 uua
1720 3531 1827 3587 actione

1040 3636 1136 3691 prata,
1154 3620 1305 3691 animisque
1318 3620 1408 3690 impiis
1425 3628 1582 3687 exsecante,
1604 3624 1674 3676 sicut
1687 3621 1786 3687 cultro,
1797 3630 1827 3678 ct

1040 3712 1188 3778 aulcreute,
1206 3712 1430 3782 quemadmodum
1449 3714 1528 3769 nimis
1550 3711 1631 3768 cllera
1650 3722 1679 3769 et
1697 3714 1826 3785 dircpuix

1041 3820 1137 3859 manus
1156 3805 1330 3875 semetipsum
1345 3805 1487 3861 abscidens
1505 3814 1532 3861 ct
1544 3805 1670 3863 auferens
1685 3822 1700 3860 a
1717 3806 1829 3875 conjuu·

1040 3897 1257 3968 ctioue,quacst
1267 3897 1293 3952 iu
1306 3897 1457 3952 uirtutibus.
1467 3897 1567 3953 Venter
1576 3906 1603 3953 et
1613 3898 1723 3954 altuset
1735 3910 1828 3955 uterus

206 3985 320 4039 tationes
333 3983 477 4054 aliquando
487 3981 648 4053 significant.
662 3983 737 4039 Unde
748 3982 890 4039 Psalmista
905 3983 987 4054 petit:

206 4071 259 4127 Ure
272 4088 345 4127 renes
358 4088 428 4126 ιιιοι
439 4081 464 4125 ιι
477 4087 523 4126 ιιι
540 4087 625 4125 meum
638 4069 701 4145 (Pr.
724 4072 805 4144 ιιι).
818 4070 847 4127 Si
858 4073 929 4127 euim
944 4088 990 4128 ro-

205 4163 334 4234 ioptatem
349 4162 466 4218 libidinis
484 4162 510 4217 iu
529 4162 638 4218 renibus
656 4177 717 4219 esse
739 4163 873 4229 nesciret,
887 4178 934 4219 eos
948 4163 990 4218 uri

208 4261 318 4314 minime
330 4261 461 4329 petisset:
478 4258 590 4323 bocest,
604 4267 633 4313 ut
646 4259 838 4314 delectationes
852 4266 880 4313 et
893 4259 992 4330 cogita-
1041 4256 1235 4312 ritaeaiimcnta
1246 4257 1419 4312 transmittat.
1429 4257 1512 4315 Alvus
1521 4261 1723 4331 est,quicibum
1734 4263 1830 4333 recipit

207 4352 294 4405 tiones
315 4351 437 4405 humanae
461 4352 535 4407 verbi
561 4351 667 4407 Douriui
689 4349 780 4406 calore
801 4361 989 4421 purgarentur.
1041 4354 1069 4401 et
1082 4360 1196 4416 purgare
1206 4346 1283 4401 solet.
1299 4346 1449 4402 Salustiru:
1462 4346 1596 4405 Simulum
1608 4350 1658 4405 rili
1670 4350 1832 4422 circumpur-

207 4440 274 4494 illuc
289 4440 357 4494 bene
373 4441 399 4494 in
415 4442 506 4496 Exodo
521 4454 599 4496 renes
612 4443 713 4497 babere
731 4442 867 4497 accinctos
886 4441 992 4496 lsraeli·
1041 4436 1109 4505 θινὶ.
1121 4435 1319 4492 Elv⁰0³b¹⁸⁰⁸1
1326 4436 1487 4508 iltuittissssd
1496 4441 1631 4507 abluatur,
1639 4440 1665 4496 ld
1675 4450 1831 4512 ffllrlffl'liss‘

208 4531 242 4584 tis
265 4531 419 4600 praecipitur
433 4531 458 4584 in
474 4532 593 4601 paschali
608 4531 696 4586 edulio
715 4530 817 4601 (Ecce.
832 4531 905 4601 xiil:
921 4547 990 4601 quo-
1002 4502 1030 4561 D
1044 4532 1141 4582 luctet
1156 4526 1296 4596 ipsuenittt
1306 4528 1557 4584 tlbl'dusslercorum
1572 4531 1701 4588 defluunt.
1717 4532 1829 4588 Utetuut

176 4652 177 4655 η
209 4634 279 4671 uram
303 4618 348 4688 qui
368 4619 466 4686 pascito
481 4620 609 4685 comedit,
633 4618 733 4673 babere
754 4633 834 4674 renes
855 4619 992 4676 accinctas
1045 4617 1108 4672 solae
1117 4617 1244 4673 mulieres
1256 4618 1364 4683 babent,
1375 4622 1623 4693 mquocoucipiuut
1634 4624 1668 4680 nd
1677 4624 1832 4680 similitudi-

209 4712 299 4768 drbet.
309 4712 392 4778 utqui
406 4711 607 4763 solennitatem
631 4710 843 4764 resurrectionis
863 4720 944 4778 atque
958 4712 1002 4761 tu-
1044 4720 1106 4761 uem
1121 4706 1236 4762 caliculi.
1254 4707 1356 4762 'lamen
1372 4716 1497 4764 auctores
1511 4720 1602 4765 utram
1613 4728 1662 4782 pro
1677 4714 1831 4771 utriuslibet

214 4804 401 4870 corrnptiouls
418 4802 483 4869 apic,
508 4800 678 4870 corruprloui
704 4800 761 4869 iam
790 4816 838 4870 pur
853 4800 918 4853 uitia
936 4799 1001 4853 troili
1043 4806 1229 4854 sexusrenue
1244 4799 1400 4869 plemmquc
1415 4810 1532 4870 ponunt:
1547 4817 1597 4857 aec
1608 4812 1694 4872 poetae
1709 4813 1828 4860 tautum-

216 4890 366 4959 subjncrnr,
377 4887 528 4952 votrrprares
541 4885 662 4948 cdrrutrt,
683 4899 791 4938 caruem
807 4900 822 4938 a
838 4882 944 4938 luxuria
955 4898 1001 4937 rc·
1043 4891 1191 4956 modo‚sed
1204 4892 1466 4948 mecumtecum
1480 4900 1569 4948 autern
1584 4902 1687 4961 rueme,
1701 4898 1772 4966 quod
1784 4897 1833 4951 du.

210 4987 339 5053 stringat.
353 4979 448 5034 inmiti
463 4979 498 5033 ob
515 4977 637 5032 lihidinis
654 4977 793 5031 lasciviam
811 4974 962 5045 dictique
975 4976 1001 5030 iu
1043 4982 1103 5055 plex
1117 4983 1162 5047 sit,
1173 4990 1202 5036 et
1211 4982 1245 5037 ab
1262 4991 1376 5053 utraque
1387 4983 1414 5039 iu
1425 4985 1492 5041 diras
1506 5001 1535 5042 se
1546 4986 1751 5057 diriditpartes,
1770 5004 1830 5059 quaa

211 5071 279 5123 vilis
288 5081 372 5121 calida
383 5079 521 5134 l'lll'llol'dtl¹
532 5062 681 5131 voluptatis
700 5062 727 5115 iu
739 5060 805 5128 ipsis
814 5067 867 5124 Psi,
886 5058 958 5114 sicut
973 5060 1001 5114 in
1043 5072 1070 5127 in
1077 5072 1211 5127 diversum
1222 5072 1325 5128 diffussae
1331 5089 1365 5129 pc
1371 5075 1485 5144 replexae
1491 5076 1759 5147 circumplicaniurin
1770 5094 1831 5135 mq-

213 5159 345 5211 tttulrlllctl
356 5156 476 5211 sentitiis.
493 5153 572 5210 Unde
580 5163 608 5210 el
617 5154 649 5206 ad
659 5151 710 5206 loll
725 5152 753 5207 lli
767 5152 879 5207 exordio
896 5164 1005 5208 801·Μο-
1043 5164 1106 5218 dum
1118 5178 1202 5219 cornu
1214 5165 1320 5222 arietis:
1333 5166 1375 5221 pel
1385 5169 1456 5237 quod
1469 5169 1582 5225 imerius
1595 5170 1740 5241 impleatur
1751 5170 1827 5228 ioeltl.

207 5245 251 5299 nis
267 5245 424 5302 dictumest
440 5264 448 5301 ι
463 5247 575 5320 Accinpe
587 5249 653 5304 sicut
673 5250 713 5305 cir
724 5250 826 5307 lumlct
839 5262 898 5309 tuor
909 5252 918 5325 l
929 5253 990 5311 lob.
1044 5254 1112 5310 lliuc
1136 5265 1164 5311 et
1185 5267 1256 5322 uter,
1271 5259 1343 5327 quod
1367 5258 1467 5330 aliquid
1483 5260 1645 5316 intrinsecus
1659 5262 1784 5318 lrabuerit
1800 5270 1832 5323 ut

207 5337 343 5410 xxxvur);
364 5346 394 5392 ut
417 5340 444 5395 iu
461 5340 504 5395 his
519 5350 592 5396 esset
609 5344 751 5399 resistendi
772 5345 942 5414 preparatio,
963 5346 991 5402 iu
1043 5346 1164 5402 membra
1179 5357 1207 5402 et
1225 5348 1339 5404 uiscera.
1351 5349 1451 5404 Venter
1460 5350 1537 5420 juxta
1559 5350 1712 5422 allegoriam
1728 5352 1830 5423 siguifi-

207 5426 305 5495 quibus
319 5428 438 5485 hbrdrms
453 5439 495 5484 est
511 5430 609 5485 usitata
624 5431 780 5488 dominandi
793 5435 911 5490 occasio.
925 5436 992 5492 Um·
1043 5445 1087 5493 cat
1101 5439 1277 5508 capacitatem
1292 5440 1415 5506 rationis,
1430 5441 1488 5496 sire
1501 5442 1598 5497 anima
1609 5441 1745 5512 affectum.
1766 5442 1830 5497 lude

207 5512 304 5569 bilicus
317 5518 476 5573 estmedius
499 5519 574 5575 locus
593 5521 724 5591 corporis,
744 5522 840 5587 dictus,
864 5523 934 5594 quod
957 5525 993 5581 sit
1043 5537 1085 5584 est
1099 5529 1173 5594 illud,
1197 5533 1269 5602 quod
1290 5531 1416 5587 habacuc
1438 5533 1580 5604 propheta,
1602 5534 1708 5600 Venter,
1731 5533 1830 5605 iuquit.

208 5601 306 5703 umbus
328 5602 442 5660 iliorum.
460 5608 535 5663 Unde
554 5618 581 5665 et
604 5610 686 5665 umbo
709 5611 858 5680 appellatur
878 5614 992 5670 locusiu
1044 5635 1116 5675 meru
1141 5621 1261 5677 turbatus
1283 5632 1320 5677 ert
1345 5623 1373 5677 in
1390 5622 1450 5696 me(
1464 5622 1531 5678 hot.
1547 5626 1607 5695 ιιι).
1623 5625 1657 5679 Et
1673 5624 1829 5680 ieremias:

209 5691 298 5747 uedto
315 5693 410 5763 clypei,
435 5712 519 5767 aquo
536 5701 643 5769 peudot.
665 5701 702 5755 cx
717 5717 749 5757 eo
770 5704 842 5757 cuim
864 5704 952 5761 inians
965 5706 993 5763 iu
1048 5708 1167 5765 Ventrem
1183 5730 1267 5767 rrretnn
1280 5713 1372 5783 doleo,
1390 5726 1413 5768 ct
1425 5733 1516 5771 terreor
1536 5719 1621 5771 rorrlie
1642 5719 1693 5773 mci
1712 5716 1834 5773 romarus

1040 3991 1111 4045 inter
1120 4004 1150 4045 se
1164 3988 1300 4044 dillemut.
1309 3988 1410 4044 Venter
1423 3996 1475 4054 est,
1489 3989 1535 4058 qul
1555 3999 1680 4061 acceptos
1700 3991 1775 4047 cibos
1788 3991 1830 4046 di-

1041 4080 1120 4150 gerit,
1132 4088 1159 4134 ιι
1165 4086 1276 4149 apparet
1286 4079 1464 4145 extrinsecus,
1471 4081 1672 4152 pertingitqoea
1681 4084 1830 4153 pectorcarl

1042 4167 1178 4239 inguinem
1194 4185 1200 4225 ι
1215 4175 1241 4220 ιι
1263 4167 1351 4222 dictus
1366 4177 1468 4233 tenter,
1480 4170 1552 4239 quod
1570 4185 1618 4239 per
1631 4180 1718 4226 tutum
1731 4187 1831 4242 corpus
