4042 6200
985 42 991 72 l

166 320 215 380 itt
541 319 725 382 terrosum
742 319 776 376 tlt
793 315 1002 375 ruouttuutt
1014 310 1222 371 sauououts.
1243 342 1277 355 -
1296 311 1360 370 uu.
1379 311 1422 369 tlt.
1755 312 1808 369 782

166 448 271 500 mutat.
286 438 399 497 Constat
423 454 540 513 namque
562 439 633 496 idem
651 453 762 495 manaen
780 437 904 492 uersibus
918 434 959 491 vi·
974 441 997 498 Α
1013 430 1084 487 unde
1104 437 1133 486 et
1158 429 1305 501 Apostolus
1323 428 1497 484 credentibus
1508 428 1569 483 alt:
1586 425 1718 498 Βειροιιάί
1735 429 1806 482 talou

166 534 234 608 giuti
248 544 276 591 et
290 534 395 592 duobus
405 532 483 608 Juxta
496 534 619 590 ordinem
639 531 764 589 videlicet
781 529 959 586 llebraeorum
1012 537 1058 576 uos
1071 519 1118 575 uei
1130 519 1186 574 atro
1197 518 1324 590 sirpeam
1334 526 1436 572 cauom
1445 514 1681 572 aulercorum
1692 513 1808 588 (litor.

167 643 199 683 ac
212 641 357 685 trunterunr
371 624 533 690 litterarum,
550 625 587 682 lta
600 633 630 681 ut
644 621 743 695 singuli
763 635 884 677 tersusa
904 618 960 674 sin·
1011 612 1044 684 1)-
1063 609 1142 680 Quod
1155 621 1221 683 ergo
1240 609 1350 674 illelmi,
1366 608 1476 678 Cddddl‘l
1489 608 1517 664 ll!
1532 623 1564 663 θα
1577 621 1624 663 W
1639 606 1689 662 llll
1699 607 1758 673 αἱ,
1773 608 1809 664 lb

166 720 239 794 nolis
259 719 358 777 litteris
376 720 518 791 incipiant.
536 717 619 789 colus
644 717 740 774 ordine
762 712 961 787 perlectissiruo
1011 703 1131 759 humour
1154 701 1282 757 ulmlsslm
1303 700 1501 757 mullitudine
1521 706 1640 755 ‘lilim
1653 706 1705 755 Ν·
1729 697 1811 755 fflllll

167 810 308 882 alplrabeti
330 810 419 882 typice
440 809 562 866 innuitur
578 823 658 879 quam
677 806 835 879 plenissime
852 802 898 860 lric
919 799 961 856 vol
1012 795 1085 853 enirn
1103 795 1126 850 is
1141 794 1188 865 qui
1208 792 1306 850 iortem
1322 792 1484 862 fidelemque
1494 800 1523 847 et
1531 797 1636 848 cusum
1648 790 1733 848 uatet
1745 803 1812 847 ooub

167 891 268 958 aralunae
280 882 412 974 cuiosoue
433 899 538 967 bdells,
559 899 603 955 rel
613 898 697 955 totius
713 910 799 952 sacra
812 892 960 957 Ecclesiae,
1010 887 1113 960 lugent,
1122 885 1234 944 conlidit
1243 884 1271 940 in
1281 899 1313 941 ea
1325 883 1485 948 certissimo,
1499 883 1564 956 qula
1573 882 1611 939 1¹ss
1622 892 1720 940 eunii·
1730 897 1810 939 mm

167 1009 228 1064 quae
238 1008 271 1049 er
286 992 412 1048 omuibus
423 990 519 1048 electis
530 989 672 1046 animabus
685 1002 738 1042 ena
750 983 901 1057 perficitur,
913 995 961 1038 ca·
1012 978 1182 1035 voluntatem
1197 991 1301 1049 agere,
1327 974 1400 1031 mille
1418 973 1571 1031 illullelim
1592 974 1684 1030 ”¹5¹²
1707 974 1813 1047 Mill·

168 1084 276 1141 ruottcae
290 1084 404 1140 virtutes
417 1097 450 1139 ac
466 1084 576 1154 praemia
587 1079 787 1138 describantur.
1013 1069 1090 1124 tione
1103 1068 1190 1139 possit
1201 1067 1369 1133 attaminari,
1384 1075 1481 1123 cuncta
1495 1080 1546 1136 pro
1560 1079 1611 1122 suo
1622 1079 1717 1122 amore
1725 1065 1811 1122 uitur

205 1173 344 1230 ddudirrem
360 1174 455 1246 [ortem
475 1174 534 1246 qais
551 1172 663 1229 iuoetriet
675 1171 689 1226 l
700 1166 799 1225 Procul
811 1176 835 1223 et
854 1166 887 1221 de
901 1165 964 1221 uiti·
1014 1159 1128 1217 aduersa
1151 1158 1270 1216 libenter
1286 1158 1405 1225 toleret,
1432 1165 1460 1214 el
1485 1169 1664 1230 quotcunque
1680 1157 1755 1215 raiol
1778 1157 1813 1215 ud

168 1267 222 1321 mis
239 1263 336 1334 tiuiiue
356 1264 468 1336 pretium
483 1265 551 1336 ejus.
567 1262 662 1319 Mulier
676 1259 756 1318 lortls
775 1257 897 1314 Ecclesia
917 1271 963 1312 ca·
1014 1269 1092 1310 suam
1105 1253 1253 1310 amicitiam
1268 1259 1429 1310 convertere
1442 1251 1595 1309 desideret:
1613 1252 1654 1307 sie
1669 1250 1809 1316 nimitum,

170 1354 268 1410 tboiier
281 1364 396 1410 uocatur
410 1372 416 1409 :
431 1355 530 1411 mulier
548 1353 674 1410 uidelicet
688 1367 749 1423 que
761 1349 897 1422 spiritales
907 1345 964 1402 um
1014 1346 1056 1403 sle
1078 1345 1210 1402 llominus
1227 1354 1255 1402 et
1270 1344 1435 1416 Redemptor
1453 1351 1548 1399 noster
1569 1342 1597 1397 iu
1611 1341 1733 1398 Eecloda
1744 1351 1813 1396 eon·

170 1443 239 1500 ulios
252 1459 285 1499 er
300 1458 370 1514 aqua
385 1453 414 1501 et
426 1443 530 1516 Spiritu
551 1453 646 1501 sancto
670 1443 781 1515 gignere
801 1437 962 1501 consuerit;
1015 1440 1084 1507 uuit,
1101 1439 1177 1495 novit
1188 1439 1261 1496 enim
1277 1437 1404 1510 spiritum
1421 1436 1515 1508 gratiae
1529 1449 1610 1505 quern
1628 1432 1714 1500 dedit,
1737 1432 1814 1489 norit

170 1535 259 1598 iortis,
271 1535 335 1606 quia
348 1544 445 1591 cuncta
458 1534 549 1591 seculi
566 1534 680 1590 aduersa
694 1531 776 1589 simul
791 1539 819 1586 ει
832 1543 964 1601 prospera
1015 1532 1143 1589 uirtutem
1168 1532 1312 1587 eharitatis
1335 1545 1417 1602 quam
1441 1530 1501 1602 ejus
1523 1527 1680 1599 precordiis
1703 1526 1811 1583 briodlt.

170 1640 219 1697 pro
232 1624 385 1681 conditoris
398 1625 441 1681 sui
465 1624 518 1682 ute
538 1623 688 1681 contemnit
703 1641 710 1678 z
725 1637 806 1695 quant
832 1621 891 1691 ipsc
906 1661 914 1686 ,
935 1619 963 1675 iu
1015 1622 1133 1695 ldeoque
1147 1639 1201 1679 non
1217 1622 1323 1706 dubitat
1336 1637 1397 1678 earu
1414 1635 1468 1676 non
1484 1620 1571 1676 solutu
1593 1635 1609 1674 a
1624 1635 1681 1676 sue
1694 1619 1756 1675 ildei
1771 1619 1815 1675 lu·

172 1731 256 1773 caure
271 1731 415 1787 apparens,
431 1716 568 1773 inllrnram
593 1717 703 1790 quidem
720 1714 834 1781 inuenit,
855 1714 902 1771 sed
923 1713 965 1768 ln·
1016 1714 1145 1786 tegritate
1171 1728 1344 1785 nequaquam
1374 1727 1455 1784 posse
1482 1712 1637 1782 cormmpie
1659 1712 1707 1768 sed
1730 1712 1812 1769 etiarn

172 1807 300 1865 ventione
315 1821 384 1876 sua,
398 1809 451 1866 lroc
461 1809 555 1882 estpia
570 1808 744 1873 visitatione,
765 1806 864 1864 lorteru
876 1805 967 1862 reddi·
980 1800 1005 1861 B
1019 1812 1228 1875 perseueranter
1251 1804 1377 1860 insistere
1395 1811 1425 1858 ut
1444 1803 1537 1875 plures
1554 1803 1588 1859 ad
1608 1802 1728 1874 ejrrsderu
1750 1803 1812 1860 ildei

170 1900 226 1968 dit;
242 1901 315 1958 uude
328 1908 390 1972 post
402 1899 461 1972 ejus
473 1899 688 1973 redemptionem
702 1900 737 1955 ad
748 1899 834 1955 coelos
849 1897 966 1960 rediens,
1020 1904 1168 1968 congreget
1189 1895 1332 1950 uanitatem.
1360 1894 1418 1951 lloc
1435 1904 1478 1951 cet
1496 1896 1569 1951 enirn
1581 1895 1652 1966 quod
1666 1895 1812 1966 sequitur,

171 1993 298 2065 superuis
321 1992 428 2050 civibus
449 1992 571 2066 gaudens
595 1991 710 2048 aiebat:
739 1986 968 2062 congratulemini
1019 1998 1043 2045 et
1057 1987 1148 2060 spoliis
1169 2005 1220 2044 oon
1234 1987 1360 2059 iudipelit
1374 2001 1384 2040 .·
1400 1988 1499 2057 spoliat
1521 1989 1596 2044 enim
1611 1987 1749 2044 diabolum
1762 1987 1813 2044 Ec-

171 2083 248 2150 utut,
267 2082 330 2156 gaiu
349 2082 436 2138 iuueni
453 2099 525 2138 eoem
537 2098 596 2155 que
612 2082 726 2154 periere
741 2081 818 2154 (bruc.
842 2078 899 2150 ru).
922 2078 969 2134 lli·
1020 2078 1191 2144 etesiarum
1206 2093 1255 2149 per
1267 2078 1460 2150 praedicatores
1480 2094 1544 2134 suos
1558 2093 1605 2135 cos
1617 2093 1686 2151 quos
1697 2078 1755 2148 ipse
1766 2080 1813 2134 dc-

173 2172 241 2228 deus
253 2187 319 2243 crgo
332 2170 461 2228 Salomon
484 2186 569 2244 genus
586 2171 735 2226 humanum
753 2169 903 2225 innumeris
918 2168 969 2223 inr-
1020 2178 1132 2243 ceperat
1154 2171 1188 2226 ad
1205 2170 1329 2227 ueritatis
1353 2170 1405 2228 iter
1428 2179 1549 2238 reuocat,
1570 2181 1598 2228 et
1618 2171 1812 2240 benedicitur,

173 2264 302 2336 plicauuu
327 2262 481 2330 erroribus,
504 2262 632 2335 qrrodquc
658 2263 692 2320 ad
716 2261 775 2333 ejus
791 2261 967 2318 salvationem
1020 2260 1174 2332 epoiiierroa
1191 2261 1329 2333 iudipelit,
1342 2263 1405 2332 quia
1423 2277 1562 2334 uunquam
1583 2263 1702 2319 cessabit
1717 2261 1813 2319 Eccle-

173 2355 264 2411 nullus
280 2355 447 2426 patriarcba,
462 2354 554 2410 nullus
569 2355 721 2426 propheta,
747 2354 837 2410 nullus
857 2354 969 2410 omuino
1020 2352 1060 2408 sia
1078 2351 1208 2408 liberatas
1222 2368 1237 2406 a
1250 2351 1382 2409 diabolica
1398 2353 1493 2410 lraudc
1512 2354 1617 2410 animas
1635 2351 1737 2410 Christi
1752 2354 1814 2410 lldel

172 2447 334 2513 electorum,
345 2455 445 2518 praeter
459 2446 548 2503 solutu
564 2446 742 2502 mediatorem
771 2446 819 2502 bel
831 2453 861 2502 et
879 2445 968 2501 lromi-
1022 2445 1184 2508 rrrsurmre,
1211 2444 1298 2502 donee
1320 2447 1455 2518 completo
1477 2447 1571 2503 muudi
1593 2461 1675 2503 cumo
1704 2459 1816 2504 suoruut

174 2553 251 2602 rurum,
267 2535 416 2603 sulllcerct,
430 2536 469 2592 alt
485 2557 493 2591 :
507 2536 646 2593 Mulierem
658 2538 751 2608 sortem
764 2537 824 2610 quia
838 2537 971 2594 inuenietl
1021 2551 1129 2608 quoque
1149 2536 1282 2610 predulta
1308 2538 1477 2610 compleatur
1500 2554 1605 2596 stamma
1619 2538 1815 2595 membrorum.

174 2624 276 2682 Procul
288 2637 314 2682 et
326 2627 360 2682 de
372 2627 472 2683 ultimis
484 2628 582 2699 pruine
594 2629 792 2704 pretiumque,
804 2628 970 2701 acsiapcrte
1022 2627 1122 2683 iorum
1144 2627 1209 2700 quia
1233 2628 1363 2701 quidquid
1384 2629 1449 2686 boni
1463 2637 1557 2685 sancta
1574 2628 1694 2687 Ecclesia
1706 2628 1749 2686 rel
1759 2628 1822 2685 anl-

174 2718 294 2774 llrturaru
323 2717 429 2775 llonuiru
454 2720 568 2794 gratiam
598 2720 759 2778 admirando
782 2727 968 2793 protestetur3
1023 2733 1066 2773 ma
1081 2732 1195 2790 quaeque
1214 2717 1300 2775 ildelis
1314 2718 1392 2793 agit,
1417 2720 1469 2777 lroo
1485 2720 1601 2792 desuper
1616 2720 1726 2792 accipit,
1741 2726 1814 2776 reete

174 2809 242 2879 Quis
262 2820 345 2868 tautae
358 2811 477 2877 virtutis,
490 2813 552 2884 quis
566 2813 628 2870 talis
640 2824 683 2870 est
695 2813 785 2869 meriti
798 2855 805 2882 ,
820 2814 866 2886 qui
881 2814 915 2870 de
931 2820 972 2869 tot
1022 2809 1150 2865 subditur
1164 2827 1170 2862 z
1374 2859 1377 2865 ,

175 2899 325 2958 incredulis
346 2916 380 2959 ac
400 2902 522 2960 scelestis
541 2904 635 2960 muudi
654 2905 809 2960 nationibus
822 2919 904 2961 uuam
918 2904 971 2960 sibi
1061 2898 1159 2956 Reddet
1180 2903 1205 2956 ei
1225 2901 1321 2957 bouum
1338 2910 1363 2958 et
1387 2918 1439 2957 uon
1461 2902 1562 2958 molunt
1583 2899 1704 2959 omuibus
1726 2899 1819 2960 dieder

175 2994 327 3052 electorum
345 2993 497 3053 Ecclesiam
520 3007 688 3072 congreget,
705 3014 786 3071 quarn
812 3015 860 3056 soa
883 2998 971 3074 gratia
1022 2991 1083 3046 vl'ioe
1096 3005 1162 3046 Μ·
1177 2990 1276 3048 Reddit
1287 2993 1388 3064 quippe
1405 2992 1494 3047 inimi
1507 2991 1742 3063 0¹¹ll⁸¹⁰b⁰¹l¹¹m2
1757 3009 1820 3053 cum

177 3085 276 3145 lortem
298 3096 380 3159 atque
394 3089 620 3163 inseparabilem,
633 3091 843 3150 aduersantibus
864 3090 971 3149 cunctis
1023 3081 1159 3154 briceolis
1174 3081 1209 3139 ab
1229 3099 1263 3140 eu
1277 3083 1341 3140 ullu
1363 3082 1523 3141 muneribus
1543 3092 1618 3141 recle
1641 3084 1759 3142 vivendo
1778 3102 1822 3143 re·

177 3178 288 3237 eructu.
305 3179 364 3237 tion
378 3182 424 3238 nic
436 3192 511 3239 certe
529 3183 616 3240 nostri
635 3181 742 3249 similis,
755 3199 809 3239 riou
826 3190 920 3238 nostro
931 3156 1009 3238 estC
1025 3174 1152 3246 spondet,
1167 3189 1229 3231 cum
1251 3188 1284 3230 eo
1308 3189 1370 3246 que
1394 3175 1451 3245 ipsa
1467 3175 1591 3233 scirem
1611 3174 1703 3233 lacere
1722 3176 1756 3232 ab
1773 3175 1822 3234 illo

178 3272 974 3341 temporeventurus,sedinuuesaeenlorunestueruto
1026 3269 1118 3341 erljuta
1150 3269 1238 3341 potuit
1271 3270 1354 3327 etiam
1376 3270 1438 3327 aliis
1465 3271 1591 3328 intimare
1616 3273 1725 3346 satagit.
1747 3272 1821 3330 Beue

178 3360 251 3417 Dorus
262 3362 345 3419 bomo
356 3363 548 3432 descensurus,
576 3365 623 3436 qui
647 3382 697 3424 nos
717 3382 767 3422 sua
789 3366 916 3437 passione
942 3382 975 3422 ac
1026 3368 1118 3415 arrum
1136 3373 1199 3413 cunr
1219 3357 1332 3414 dixisset
1344 3356 1475 3413 roddetei
1497 3358 1604 3426 bouum
1628 3360 1753 3430 protinus
1775 3361 1823 3416 ad-

179 3460 268 3507 uerte
286 3452 413 3509 redimat.
435 3453 493 3512 lloc
510 3464 552 3512 est
565 3456 638 3512 cuim
653 3457 724 3527 quod
742 3457 791 3523 alt,
805 3455 899 3528 procul
909 3457 975 3511 etde
1028 3451 1104 3515 didit,
1121 3459 1209 3518 eonon
1223 3448 1337 3514 reolum,
1348 3446 1411 3521 qula
1428 3456 1493 3504 sunt
1505 3448 1627 3520 prolecto
1638 3448 1684 3520 qui
1704 3449 1823 3520 acceptis

178 3539 280 3597 ritimis
302 3541 400 3613 simius
415 3545 529 3616 pretium
548 3546 626 3616 ejae,·
640 3543 749 3617 procul,
761 3545 888 3602 videlicet
901 3554 974 3602 statu
1028 3562 1043 3601 a
1061 3544 1177 3600 [iornino
1188 3543 1267 3600 bouis
1280 3543 1350 3598 mala
1364 3542 1526 3614 rependunt,
1538 3542 1582 3598 rel
1600 3541 1662 3599 lldel
1681 3545 1821 3617 mysteria,

180 3632 311 3702 temporie
324 3631 396 3703 quod
411 3648 427 3688 a
441 3633 537 3690 diebus
551 3634 708 3691 Solomonis
721 3635 853 3707 usquead
865 3644 974 3707 parturn
1027 3651 1087 3707 quire
1102 3640 1282 3707 perceperunt
1295 3632 1424 3689 haeretica
1440 3631 1499 3689 lece
1519 3633 1657 3700 loedando,
1673 3633 1716 3688 rel
1740 3634 1821 3691 tidem

180 3721 301 3793 Virginis
315 3722 448 3780 intererat
458 3741 466 3792 ;
478 3725 512 3780 de
524 3725 625 3781 ritimis
636 3735 727 3782 autem
741 3727 857 3799 fimum,
874 3728 938 3800 quia
959 3744 976 3784 a
1027 3742 1109 3798 qrrarn
1125 3724 1294 3798 professione
1306 3734 1417 3781 serrant
1436 3725 1528 3796 prauis
1547 3725 1676 3796 operibus
1695 3726 1823 3797 blaspbe-

179 3828 289 3871 muao
301 3812 372 3871 cralo
385 3815 506 3887 egressio
516 3816 595 3888 elus,
610 3816 656 3887 qui
670 3832 725 3873 nou
737 3816 809 3873 aliud
821 3832 872 3888 pro
882 3826 976 3873 nostra
1028 3820 1136 3882 ruendo,
1150 3817 1193 3874 uel
1208 3832 1298 3873 mores
1312 3817 1397 3873 boum
1411 3805 1510 3888 quibus
1524 3830 1587 3872 eunt
1607 3815 1659 3872 llde
1679 3825 1754 3872 recta
1775 3816 1823 3875 de·

119 3964 123 3973 ,
180 3904 370 3977 redemptione
387 3905 504 3976 pretium
521 3921 603 3979 qaam
624 3906 743 3979 seipsum
766 3907 876 3963 obtulit.
899 3907 977 3966 Unde
1027 3911 1151 3968 seruiunt
1164 3924 1213 3982 per
1231 3908 1365 3980 colloquia
1382 3908 1454 3964 nrala
1478 3908 1686 3980 corrumpendo,
1705 3911 1753 3966 sed
1773 3924 1824 3968 uec

179 3992 347 4065 dimidiis!
362 3992 427 4061 (Μ,
438 3993 535 4064 iuquit,
553 3994 646 4051 dfleoffl
657 4011 706 4050 ποι
716 4005 740 4050 d
755 3994 866 4050 lwdl'dl'l
879 4005 974 4051 lemel-
1029 4004 1067 4060 illl
1084 4004 1154 4059 bona
1169 4016 1229 4073 oute
1242 4010 1405 4072 aeceperunt
1429 4001 1543 4057 llomino
1566 4000 1692 4069 reddunt,
1705 4000 1751 4072 qui
1768 4017 1822 4059 uon

181 4088 747 4160 wervml'ffllllffouemeldwt'ssm
762 4087 978 4145 ”tornodorum
1030 4095 1057 4152 iu
1082 4096 1125 4152 lris
1151 4111 1213 4168 pute
1234 4095 1303 4152 bene
1331 4093 1461 4149 iuclroant
1491 4108 1578 4164 usque
1600 4094 1635 4148 ad
1655 4092 1736 4149 liorem
1760 4090 1824 4151 rlte

182 4178 321 4234 ‘'lilim“
334 4178 444 4251 (Elim
461 4181 501 4253 l)-
514 4179 645 4248 Quamvis
658 4188 686 4235 ct
698 4181 736 4235 ita
748 4189 824 4236 recte
836 4180 923 4252 possit
938 4183 979 4236 in·
1029 4187 1171 4261 praesentis
1182 4185 1331 4257 persistere
1342 4191 1451 4250 curant,
1467 4185 1538 4241 unde
1558 4185 1656 4241 merito
1670 4200 1732 4241 curu
1742 4184 1828 4244 dixis·

185 4268 269 4341 telligi
281 4269 398 4339 pretium
415 4278 519 4326 sanctae
533 4268 662 4325 Ecclesiae
674 4270 768 4341 procul
784 4269 901 4342 positum
913 4270 979 4327 luis·
1030 4284 1089 4340 set,
1104 4274 1193 4330 reddet
1213 4276 1238 4329 ei
1256 4273 1352 4331 donum
1367 4282 1392 4328 et
1407 4290 1459 4328 uon
1474 4272 1589 4340 aeolum,
1605 4282 1636 4329 ut
1646 4288 1824 4347 perseuerau-

184 4377 225 4429 se,
237 4363 302 4433 grtia
317 4362 469 4418 incarnatio
481 4361 557 4417 uerbi
576 4361 625 4418 uei
647 4363 820 4419 conuersatio
841 4363 913 4418 inter
930 4364 979 4420 luo·
1030 4369 1096 4423 tiam
1109 4364 1367 4423 bouineccssariam
1381 4364 1579 4421 demonstraret
1594 4363 1726 4435 adduxit,
1741 4365 1827 4421 curui·

185 4456 285 4523 mines,
310 4455 404 4527 passio
426 4470 458 4511 ac
480 4452 645 4510 resurreetio
663 4454 772 4527 longua
786 4464 886 4511 nostre
906 4465 979 4511 essct
1031 4448 1384 4521 laodiciusuiterure3cui
1399 4453 1824 4525 sinrilcestiliudevangelicum:

186 4555 290 4602 uatum
315 4546 470 4603 conditione
493 4546 623 4602 ‹lisereuu
645 4545 778 4614 Quoniam
795 4546 919 4603 uidelicet
934 4546 979 4603 ille
992 4510 1020 4573 D
1033 4545 1184 4604 &ruamur
1211 4543 1251 4599 illi
1275 4545 1304 4599 iu
1326 4544 1464 4600 teneritate
1487 4555 1513 4600 et
1536 4545 1637 4613 iustitio
1660 4554 1750 4601 eorum
1768 4546 1827 4619 ipso

186 4646 215 4694 et
226 4638 339 4710 quaudo
353 4637 438 4694 voluit
450 4647 479 4695 ct
501 4638 535 4696 de
548 4653 602 4711 qua
625 4637 711 4695 uoluit
726 4647 814 4695 matre
826 4646 980 4705 natusest,
1034 4638 1155 4695 omuibus
1170 4637 1262 4693 diebus
1280 4638 1375 4694 nostrie
1389 4634 1465 4712 (Eue.
1481 4638 1512 4712 r).
1527 4637 1631 4709 Quibus
1651 4652 1718 4698 saue
1739 4641 1828 4712 operi-

186 4737 214 4785 et
224 4728 285 4786 siue
301 4737 414 4800 peccato
434 4728 503 4786 uixit
516 4728 544 4785 in
560 4730 672 4796 mundo,
688 4737 716 4787 et
727 4731 836 4801 quando
854 4730 939 4787 voluit
952 4740 980 4787 et
1033 4728 1095 4797 bus,
1109 4730 1330 4803 qubusjustitim
1343 4732 1386 4787 vel
1400 4732 1552 4789 sanctitatis
1573 4732 1707 4791 fructibus
1718 4734 1829 4806 potissi·

186 4834 240 4892 qua
253 4820 340 4877 voluit
353 4821 604 4879 mortediseersita
621 4821 740 4888 mundo,
753 4830 861 4893 tempus
874 4836 982 4893 guoque
1035 4839 1109 4879 mum
1129 4823 1165 4879 sit
1189 4823 1368 4880 insistendum
1387 4824 1413 4881 ei
1437 4825 1484 4897 qui
1510 4826 1610 4883 bonum
1631 4826 1701 4901 quod
1724 4827 1830 4899 accepit

187 4912 398 4970 resurrectionis
410 4921 439 4969 ει
451 4912 619 4970 ascensionis
629 4927 686 4969 suae
695 4913 723 4968 in
736 4912 981 4984 potestatehabuit,
1034 4915 1152 4972 llonrino
1166 4926 1259 4988 gratus
1280 4920 1431 4988 rependere
1449 4919 1550 4992 serapt
1570 4919 1767 4993 subsequenter
1785 4918 1829 4976 in·

187 5014 215 5062 ct
236 5021 300 5062 curn
320 5004 643 5080 bolusmod1,inqrribus
667 5018 722 5067 tam
744 5010 852 5067 anobis
865 5012 980 5083 procul,
1032 5009 1160 5065 'sinuatur
1181 5023 1243 5063 cum
1264 5007 1385 5064 dicitur:

188 5112 271 5168 quarn
296 5097 395 5154 ooeluuu
418 5099 536 5156 distata
557 5110 646 5168 terra;
663 5102 727 5172 qula
748 5117 813 5159 uero
831 5101 979 5159 Ecclesiam
1072 5099 1198 5168 Quoeeuu
1224 5100 1314 5157 ionum
1329 5112 1353 5155 et
1370 5101 1474 5171 litium,
1494 5113 1519 5158 et
1535 5113 1643 5174 operato
1662 5112 1700 5158 ert
1720 5104 1828 5161 corteilio

188 5205 270 5259 quatu
283 5190 399 5246 redemit
411 5191 551 5259 Munianus,
574 5209 628 5249 non
651 5192 739 5249 solum
752 5194 865 5250 rerbutu
889 5192 983 5250 solutis
1036 5210 1298 5251 ruuuuumsoorom.
1314 5194 1400 5265 llujus
1421 5194 1583 5269 principium
1606 5196 1731 5253 versiculi
1750 5196 1829 5254 sortis

189 5281 339 5354 rumpere,
362 5282 411 5339 sed
428 5290 458 5339 et
470 5292 628 5340 constanter
639 5299 690 5359 pro
704 5285 749 5340 illo
759 5295 877 5351 certare,
890 5295 917 5341 ει
931 5286 983 5342 hoc
1038 5284 1147 5351 mulier,
1162 5285 1214 5340 boc
1233 5293 1276 5343 est
1293 5295 1386 5341 saneta
1399 5286 1518 5342 Ecclesia
1528 5287 1611 5342 etiam
1619 5285 1698 5356 juxta
1710 5287 1829 5347 litteram

190 5371 278 5443 ἱυειιιιι
299 5388 349 5445 per
365 5374 495 5431 mundum
514 5375 664 5447 praedicare
673 5375 796 5444 donauit,
811 5377 909 5433 nrcrito
921 5388 983 5433 suu
1038 5378 1161 5448 decipere
1182 5385 1210 5431 et
1229 5376 1538 5445 obseruareoonsueult,
1548 5378 1700 5452 juxtaillud
1713 5381 1832 5453 prophe·

187 5462 340 5536 inigitur:
1035 5466 1203 5534 rteumzdum
1233 5469 1329 5524 uidens
1354 5468 1465 5537 uadum,
1492 5472 1564 5543 operi
1587 5487 1664 5538 eum,·
1684 5481 1708 5528 et
1722 5490 1829 5545 coruetp

225 5551 344 5625 confidit
359 5556 387 5611 ite
407 5573 439 5612 eo
453 5574 500 5612 cor
513 5559 626 5629 ciriaci,
640 5571 664 5616 et
677 5561 768 5633 epotiie
779 5577 831 5616 nou
846 5560 980 5632 indigebit.
1038 5572 1112 5617 tuom
1127 5577 1159 5616 tre
1170 5560 1319 5626 despexeris
1339 5559 1407 5633 (iso.
1423 5560 1508 5636 turre).
1523 5562 1658 5636 Operatur
1669 5574 1759 5621 autent
1776 5583 1832 5633 nou

193 5642 288 5701 lirum
309 5660 394 5703 socrae
416 5646 545 5705 Ecclesiae
560 5650 703 5707 Dominum
724 5667 756 5708 ac
775 5650 983 5722 Redemptorcru
1039 5666 1208 5724 superuacuo
1221 5663 1249 5709 ct
1260 5667 1332 5709 cucco
1344 5652 1448 5721 labore,
1463 5654 1659 5728 sedeoutique
1672 5653 1785 5714 oonsilio
1800 5670 1831 5714 ut
1863 5674 1874 5683 ·

192 5734 266 5806 qus,
281 5737 329 5807 orti
342 5737 425 5795 aiaar
439 5739 558 5812 pretium
569 5740 628 5811 ejus
643 5742 702 5798 deri
715 5743 842 5816 diguatus
855 5754 896 5801 est
907 5742 983 5810 dicit,
1040 5747 1074 5804 ob
1085 5747 1144 5820 ipso
1156 5760 1206 5803 suo
1221 5744 1280 5803 uiro
1296 5744 1421 5817 Domino,
1436 5747 1563 5811 uidelicet
1579 5746 1698 5820 cbristo,
1715 5751 1742 5807 in
1755 5749 1827 5825 judi·

927 5866 934 5902 l
