4042 6200
167 310 225 364 nus

580 307 759 366 uxrostrtu
777 306 809 363 tn
829 305 1022 364 incruente
1043 301 1247 361 senonens.
1266 331 1301 341 -
1318 299 1382 355 itu.
1404 299 1424 353 l.

1744 292 1807 360 ott,

168 419 276 491 mendo
287 418 447 488 cjtrsquaere
457 421 551 475 creber
566 421 707 487 currilium,
721 429 747 476 et
763 421 820 491 ipse
832 437 892 490 qure
903 419 962 490 jus·
976 429 999 484 Α
1014 418 1082 488 ιιι).
1099 417 1291 473 ernndaiant
1302 416 1445 470 toreularia
1460 417 1528 479 aina,
1544 413 1607 484 quia
1623 414 1728 468 interum
1742 431 1802 469 sna·

168 511 218 574 tit,
233 508 365 579 propitius
379 517 409 563 ut
419 509 533 580 implere
546 510 638 564 valeas
649 509 771 565 donabit.

209 598 251 654 Ne
264 600 301 653 ris
312 599 417 669 sapiens
429 599 500 670 apud
518 602 689 671 trancriptum.
706 599 819 654 l'idetur
830 598 899 654 torte
912 599 962 653 ali·

168 692 216 747 cui
234 691 285 745 boc
301 689 373 748 idern
388 705 449 745 esse
468 691 624 746 mandatum
639 691 710 760 quad
726 689 893 760 premissum
908 697 961 753 est,

167 792 195 837 et
207 797 243 836 ne
251 780 375 835 innitaris
385 778 530 849 prudentiae
543 789 606 834 ture.
619 778 676 834 Sed
689 778 802 833 multum
813 778 906 844 dismt,
921 778 963 832 in·

168 874 271 930 nititur
281 871 354 928 enim
368 886 423 926 sure
435 871 598 941 prudentia,
612 870 658 941 qui
671 885 703 925 ea
718 884 778 941 ιιι
794 867 845 924 sibi
859 871 962 939 agenda

169 966 216 1020 rel
232 963 343 1020 timenda
360 964 483 1019 ridentur
503 970 609 1033 patrum
628 963 744 1019 decretis
760 962 904 1033 preparat,
920 976 964 1016 sa·

169 1056 252 1126 piens
267 1070 331 1110 rero
350 1063 390 1110 est
402 1054 474 1124 apud
487 1054 660 1124 semetipsum
675 1054 757 1109 etiam
772 1052 855 1122 isqui
870 1052 963 1107 inillis

168 1161 236 1216 qua
249 1160 281 1200 et
296 1154 403 1215 patrum
422 1143 577 1214 magisterio
592 1144 679 1214 potnit
697 1152 770 1198 recte
789 1156 961 1214 cognoscere,

1014 508 1083 563 ritas
1096 516 1259 563 aeternorum
1275 507 1356 562 corda
1371 513 1529 560 cunctorum
1547 503 1663 558 ildelinnr
1678 503 1705 558 in
1722 503 1801 559 laude

1014 600 1055 653 sui
1068 599 1215 654 conditoris
1229 598 1367 664 accendit;
1388 597 1451 653 hinc
1462 596 1561 653 etemm
1577 596 1657 660 dicit,
1673 606 1700 649 ιι
1717 596 1802 650 edatis

1013 701 1038 748 et
1054 692 1148 748 bibmla
1159 707 1238 762 anper
1251 707 1367 745 mentam
1387 706 1471 745 meam
1489 690 1517 743 in
1534 705 1612 759 reque
1628 687 1703 760 (Luc.
1720 689 1799 758 xxti),

1013 784 1061 840 sed
1076 791 1104 839 et
1114 782 1142 839 in
1159 782 1283 853 praesenti
1304 796 1496 852 nonnunquam
1512 779 1629 845 decwri,
1645 779 1691 849 qni
1704 795 1801 850 panem

1012 871 1103 938 uerbi,
1120 871 1167 943 qui
1180 870 1306 941 peculum
1320 870 1414 942 gratiae
1427 870 1557 941 spiritalis
1570 871 1699 942 indigenti
1720 870 1801 924 mini-

1013 972 1097 1029 strat,
1118 961 1220 1031 majora
1240 962 1411 1017 ministrandi
1429 963 1498 1020 duna
1519 961 1648 1018 Dominus
1667 977 1716 1032 pro
1729 977 1800 1017 mer·

1014 1056 1079 1111 cede
1098 1054 1243 1110 condonat.
1263 1051 1435 1120 petranum
1452 1052 1571 1108 subsidia
1586 1051 1698 1123 largitur
1716 1051 1802 1121 inopi·

1013 1147 1065 1202 bus
1076 1145 1158 1200 ditior
1168 1143 1258 1200 dando
1271 1143 1375 1200 autent
1388 1144 1604 1198 remuneratione
1617 1142 1745 1198 redditur.

168 1250 236 1292 sese
248 1251 304 1305 prae
316 1235 420 1290 ceteris
432 1234 508 1303 qnasi
527 1233 633 1289 doctior
649 1232 765 1288 extollit.
786 1231 851 1300 Quae
864 1234 900 1287 sit
913 1248 961 1288 au-
1049 1233 1220 1304 Disciplinam
1233 1233 1350 1299 Danrini,
1362 1232 1402 1302 fili
1414 1232 1466 1299 mi,
1481 1247 1512 1286 ne
1525 1233 1646 1303 abjicias,
1660 1243 1685 1288 et
1697 1250 1742 1287 nee
1757 1232 1801 1287 de·

170 1334 230 1382 tem
243 1341 307 1379 rere
325 1325 441 1380 bominis
455 1324 587 1395 sapientia
600 1324 795 1394 subsequenter
807 1324 934 1378 ostendit.
1012 1327 1087 1395 ficies
1105 1341 1164 1380 eum
1184 1324 1216 1378 ab
1235 1340 1265 1379 ea
1287 1324 1437 1386 earrimria.
1458 1322 1528 1379 Sunt
1547 1323 1592 1393 qui
1616 1323 1642 1378 in
1662 1324 1800 1394 prosperis

212 1403 285 1469 Time
296 1414 435 1469 [tantinum
446 1426 469 1468 et
483 1413 570 1468 recede
583 1431 599 1467 a
614 1414 693 1467 mala.
704 1413 788 1480 Quale
800 1423 841 1470 est
854 1415 880 1468 in
890 1413 940 1470 lob
954 1431 961 1468 :
1014 1417 1127 1471 Domino
1140 1415 1269 1475 seruiunt,
1283 1421 1311 1468 at
1323 1414 1351 1468 in
1366 1414 1486 1468 aduersis
1502 1411 1650 1478 excedunt,
1673 1416 1743 1469 unde
1761 1430 1802 1468 sa-

172 1504 439 1560 Eccetimerltarnini
448 1504 505 1574 ipsa
516 1513 552 1558 eat
563 1505 734 1574 sapientiam
745 1504 884 1558 recederent
893 1502 962 1556 mala
1013 1505 1113 1576 pientia
1126 1519 1206 1576 quern
1220 1504 1249 1559 in
1258 1504 1394 1575 prosperis
1407 1504 1476 1560 bene
1492 1505 1583 1560 virere
1597 1506 1703 1571 decutit,
1719 1506 1800 1561 etiarn

172 1593 347 1665 intelligentia
363 1593 433 1666 (lad.
449 1592 556 1665 ιιιιιι).
570 1593 687 1650 Persecti
697 1595 797 1651 etenim
811 1594 910 1665 quique
925 1593 962 1648 ita
990 1637 993 1646 .
1015 1597 1041 1656 iu
1054 1597 1222 1666 correptione
1233 1611 1268 1651 ne
1284 1594 1392 1651 dessciat
1408 1594 1539 1661 hortatur,
1555 1611 1589 1651 ne
1603 1597 1746 1652 accedente
1758 1597 1800 1652 in·

173 1699 208 1739 se
226 1684 323 1740 debent
342 1685 377 1740 ab
396 1683 522 1740 ananibrrs
537 1684 675 1739 continere
695 1684 793 1748 malis,
818 1692 846 1738 ut
866 1683 963 1739 utrina
1016 1685 1160 1752 diurnare,
1176 1694 1204 1741 et
1224 1695 1397 1756 paupertate,
1420 1694 1449 1743 et
1466 1689 1652 1757 perseeutione
1672 1691 1799 1756 ltrrrnana,

169 1777 348 1845 praeentiam
361 1775 511 1846 maiestatis
523 1791 584 1831 cnm
599 1784 671 1831 metu
688 1791 795 1848 semper
806 1776 962 1846 recogitent.
979 1781 1001 1841 Β
1015 1774 1143 1844 pietatem
1162 1789 1242 1842 quam
1263 1770 1419 1831 servarein
1440 1777 1632 1847 tranquillitate
1651 1779 1801 1844 videbatur,

172 1866 212 1921 Et
222 1868 366 1922 notandum
378 1867 448 1937 qnod
461 1882 542 1938 snpra
553 1866 676 1923 tldnciam
687 1868 788 1922 babere
800 1868 826 1921 in
840 1866 962 1933 Domino,
1016 1864 1132 1920 amittat.
1640 1907 1651 1938 2

174 1970 249 2011 urnac
262 1963 350 2010 autem
367 1955 452 2010 Βειιιιι
467 1956 562 2010 timere
580 1956 722 2021 admonet,
741 1955 776 2009 ibi
794 1956 866 2010 enim
882 1956 964 2027 iragi-
1051 1954 1134 2021 Quem
1152 1958 1221 2011 enirn
1240 1956 1325 2026 diiipit
1340 1957 1468 2014 Dominae
1481 1962 1606 2032 corripit,
1623 1971 1648 2016 et
1665 1963 1741 2032 quari
1754 1979 1800 2032 pn·

169 2047 241 2102 lium
253 2047 371 2110 enimes,
383 2063 419 2102 ne
433 2047 587 2117 desperent,
597 2046 733 2116 promisso
748 2046 794 2100 lici
807 2045 906 2100 anxilio
919 2061 964 2100 ιι·
1015 2057 1055 2102 ter
1067 2047 1095 2101 in
1111 2047 1168 2115 filia
1188 2047 1328 2119 complacet
1345 2049 1405 2104 ribi.
1420 2049 1507 2106 Tanto
1523 2067 1587 2124 ergo
1605 2052 1695 2109 minus
1710 2053 1742 2109 de
1754 2053 1802 2108 lla·

173 2139 270 2202 borat3
285 2137 330 2193 bic
343 2137 481 2203 fortiores,
499 2154 531 2193 ne
544 2137 577 2193 de
592 2154 622 2193 se
639 2146 817 2208 presumant,
836 2138 916 2193 diuini
932 2139 965 2192 ti·
1016 2136 1098 2207 gello,
1113 2152 1167 2207 quo
1179 2138 1345 2209 castigamur
1361 2154 1531 2196 murmurare
1541 2141 1685 2208 debemus,
1699 2153 1800 2214 quanto

169 2229 402 2284 medememoria
416 2237 534 2284 coercet.
1016 2226 1116 2283 certius
1139 2230 1165 2283 in
1188 2244 1221 2284 ca
1245 2236 1364 2298 paternae
1385 2231 1535 2289 dilectionis
1551 2233 1648 2305 pignus
1669 2244 1800 2305 tenemus,

168 2375 173 2380 ,
211 2319 485 2391 maurannus
501 2318 622 2371 nntbilica
634 2327 689 2383 tua,
701 2327 724 2373 et
737 2319 855 2388 irriqntia
867 2318 964 2372 asaiam
1016 2319 1086 2373 renale
1099 2328 1127 2372 et
1143 2319 1199 2387 ipse
1216 2320 1282 2375 dicit
1298 2339 1303 2374 :
1324 2319 1380 2392 Ege
1394 2338 1457 2393 quaa
1473 2339 1552 2389 anta,
1568 2342 1650 2396 arguo
1662 2337 1685 2380 rt
1703 2328 1801 2399 castiga

171 2422 291 2467 ιιιιιιιι.
310 2410 339 2467 lu
354 2411 459 2466 ossibus
477 2409 562 2465 solida
582 2410 712 2465 uirtutum
725 2424 823 2478 opera,
839 2410 866 2463 in
879 2409 964 2463 umbi·
1016 2407 1107 2476 (Aper.
1131 2408 1182 2477 ιιι).
1202 2407 1353 2465 Notandum
1375 2420 1466 2466 antem
1488 2414 1559 2484 quod
1580 2430 1630 2485 pra
1650 2416 1701 2474 bae
1719 2418 1801 2473 rerba

168 2502 240 2568 lieu,
253 2502 300 2572 qui
312 2500 433 2557 infcriori
446 2505 568 2571 corporis
581 2510 658 2571 parte
672 2500 775 2556 medius
787 2510 839 2566 est,
857 2499 963 2555 intirma
1016 2494 1191 2569 Septuaginta
1210 2499 1372 2572 interpretes
1392 2504 1500 2571 dixere,
1518 2507 1634 2578 flagellat
1649 2520 1736 2565 autern
1747 2487 1805 2566 arn-⁴
1829 2531 1834 2538 ·

172 2595 264 2650 adbuc
282 2603 311 2648 et
329 2593 484 2663 imperfecta
507 2593 638 2648 banorum
657 2591 728 2646 actio
747 2590 912 2661 designatur.
934 2589 963 2645 st
1016 2604 1072 2642 nera
1091 2589 1176 2658 filiurn
1189 2607 1265 2661 quern
1284 2594 1384 2663 recipit.
1401 2593 1477 2660 Quod
1497 2596 1648 2653 mirandum
1663 2616 1712 2656 cur
1730 2600 1801 2672 Apa

172 2701 240 2757 ergo
261 2683 345 2740 Deum
365 2683 504 2747 timueris,
525 2692 554 2738 et
573 2697 626 2737 non
647 2681 699 2736 tuis
719 2679 838 2744 uiribus,
857 2682 904 2735 scd
921 2694 964 2734 su·
1014 2678 1101 2735 stolus
1118 2679 1152 2735 ad
1172 2679 1298 2739 llebraeos
1321 2680 1451 2739 liebraice
1471 2686 1593 2744 scribens
1616 2689 1702 2761 tnagis
1725 2689 1801 2762 sequi

171 2793 258 2850 perna
272 2777 438 2848 protectione
451 2774 569 2830 conlisus
582 2790 598 2829 a
612 2773 690 2828 malis
706 2771 841 2827 abstinere
856 2771 965 2827 studue
1015 2773 1139 2829 uoluerit.

175 2870 223 2935 ris,
239 2867 342 2923 sanitas
353 2868 406 2922 erit
417 2866 544 2922 umbilico
556 2874 613 2926 tuo,
623 2873 651 2920 et
660 2863 783 2934 irrigatio
794 2865 895 2919 ossium
907 2872 965 2917 tuo·
1049 2864 1147 2920 Beatus
1161 2867 1238 2923 dama
1252 2870 1299 2939 qui
1316 2871 1412 2926 inuenit
1431 2874 1606 2942 sapientiam,
1624 2873 1706 2946 etqui
1720 2874 1802 2946 affluit

171 2975 252 3025 rum,
266 2959 330 3029 quia
350 2967 378 3013 et
396 2956 540 3012 infirmitas
558 2956 647 3026 operis
667 2970 717 3026 per
734 2955 792 3012 brec
810 2956 843 3010 ad
863 2963 963 3010 statum
1015 2958 1161 3027 prudentia.
1175 2958 1242 3027 Quia
1257 2963 1358 3032 positos
1373 2965 1423 3021 sub
1437 2966 1576 3037 disciplina
1591 2977 1619 3023 et
1631 2971 1801 3040 correptione

173 3053 348 3126 perfeetionis
367 3051 552 3118 convalescet,
569 3060 597 3107 et
612 3049 691 3107 sortia
711 3065 825 3122 queque
841 3056 886 3104 tua
904 3055 963 3103 aeta
1015 3048 1164 3118 mlabatur,
1177 3051 1251 3109 addit
1263 3055 1334 3126 quod
1347 3064 1475 3129 caeperat,
1489 3058 1629 3117 insinuans
1642 3061 1704 3133 quia
1717 3059 1803 3118 beati·

169 3155 237 3203 snut
250 3146 361 3203 uudeut
373 3146 488 3217 amplius
502 3146 664 3202 roborentur
676 3144 822 3214 accipiunt.
976 3127 999 3190 G
1016 3140 1081 3194 tudo
1100 3149 1143 3196 est
1162 3156 1226 3197 vera
1246 3142 1363 3199 huminis
1382 3161 1434 3202 non
1454 3149 1575 3206 aduersis
1584 3164 1679 3207 curere
1691 3151 1718 3206 in
1731 3168 1801 3222 pre·

209 3235 322 3291 Honora
338 3235 478 3291 bertinum
494 3235 527 3290 de
544 3246 590 3290 ιιι
604 3234 765 3298 tuditantia,
781 3242 806 3287 er
824 3233 857 3287 de
870 3232 963 3303 primi-
1015 3231 1096 3297 senti,
1108 3232 1156 3287 sed
1166 3243 1274 3290 aetemae
1288 3236 1425 3307 sapientie
1436 3240 1606 3310 perceptione
1615 3237 1712 3297 laetari.
1725 3244 1802 3311 Quod

171 3327 215 3381 tiit
232 3326 340 3397 frugum
352 3326 468 3380 omniun
479 3327 594 3379 tuarum.
607 3323 682 3379 llulti
695 3323 777 3378 multa
789 3322 962 3393 pauperibus,
1013 3330 1056 3378 est
1070 3322 1097 3377 in
1109 3324 1160 3381 hac
1173 3326 1228 3381 rita
1244 3326 1349 3383 Domini
1364 3328 1527 3389 robrntmem
1542 3346 1719 3402 cognoscere,
1733 3343 1762 3391 et
1775 3336 1802 3391 in

170 3417 221 3472 sed
246 3418 282 3471 de
305 3414 391 3471 aliena
411 3415 562 3472 substantia
584 3430 617 3470 ac
642 3414 776 3486 frugibus,
801 3429 868 3484 quas
887 3414 912 3468 ri
937 3421 964 3468 ct
1014 3412 1105 3471 futura
1127 3415 1185 3487 qus
1204 3417 1307 3474 unone
1326 3419 1440 3489 perfrui.
1463 3419 1498 3476 lta
1517 3420 1587 3478 bene
1607 3439 1669 3479 cum
1689 3422 1801 3490 diceret,

171 3505 268 3562 fraude
282 3513 428 3575 rapuerunt
442 3506 578 3571 tribuunt;
599 3504 677 3561 multi
697 3504 848 3576 largiuntur
859 3503 892 3559 de
902 3518 962 3569 suo,
1013 3502 1111 3559 Brutus
1124 3505 1202 3561 daura
1213 3508 1258 3577 qui
1271 3507 1367 3563 inuenit
1379 3511 1622 3581 sementiammux
1637 3513 1749 3581 addidit,
1768 3515 1802 3571 Et

172 3598 221 3653 scd
233 3596 374 3668 largiendo
392 3596 535 3651 Dominum
548 3611 602 3651 nun
615 3596 749 3651 honorant
760 3635 768 3659 ,
780 3595 842 3665 quia
864 3593 963 3650 luroris
1013 3596 1058 3667 qui
1071 3597 1152 3669 affluit
1165 3598 1315 3668 prudentia.
1327 3598 1397 3657 Sunt
1406 3603 1478 3658 enirn
1489 3605 1535 3674 qui
1547 3605 1686 3662 inueniunt
1699 3607 1803 3678 sapien-

172 3687 300 3755 bumani,
317 3695 345 3744 et
364 3703 416 3743 non
436 3702 528 3743 amore
546 3687 656 3757 superni
674 3687 833 3757 inspectoris
850 3684 961 3742 iaciunt.
1014 3686 1095 3753 ιίιιιι,
1109 3687 1259 3745 doctrinam
1271 3692 1393 3747 ueritatis
1410 3708 1476 3749 aure
1496 3695 1683 3766 percipiendu;
1702 3696 1750 3752 sed
1761 3697 1802 3751 ai-

172 3771 224 3846 Qui
243 3792 309 3850 ergo
328 3778 477 3849 proficuum
498 3777 550 3833 sibi
570 3776 747 3848 eleemosynae
769 3776 885 3831 tructam
906 3775 964 3830 iore
1013 3774 1097 3832 nuere
1110 3778 1253 3847 prudentia
1267 3781 1543 3853 negligunt,nolendb
1555 3785 1698 3842 cordissni
1711 3787 1800 3843 sinunt
1888 3850 1891 3857 ‚

172 3869 320 3932 desiderat,
333 3877 361 3924 et
375 3868 409 3924 de
420 3869 477 3924 suis
509 3868 615 3938 ropriis,
630 3875 657 3923 et
671 3868 699 3923 in
711 3868 859 3922 cortulitoris
875 3866 961 3922 huno·
1013 3867 1047 3923 ad
1063 3868 1260 3938 percipiendam
1274 3870 1332 3941 elus
1344 3870 1547 3940 amplitudinem
1559 3871 1662 3930 hiare.

172 3974 232 4015 rent
247 3960 366 4026 tribuat,
384 3884 532 4029 undeet
550 3959 690 4025 homiues,
708 3958 753 4027 qui
771 3958 830 4029 eins
847 3958 961 4028 plasma,
1049 3958 1144 4014 ileliar
1162 3969 1200 4016 ert
1220 3961 1358 4033 amaidtie
1380 3962 1439 4034 ejus
1460 3963 1634 4034 negotiatione
1654 3965 1756 4036 arpenti
1777 3975 1801 4020 rt

170 4052 220 4125 qui
233 4051 269 4107 ad
282 4049 341 4123 q'us
354 4052 498 4125 imaginem
512 4060 575 4108 suut
588 4051 650 4108 iacti
664 4058 832 4113 recreentur.
844 4051 903 4107 Non
916 4055 961 4107 soss
1012 4050 1082 4104 auri.
1106 4048 1164 4104 Non
1188 4057 1289 4107 metuat
1309 4050 1343 4106 de
1360 4053 1531 4122 correptione
1549 4052 1655 4125 inopiae,
1678 4054 1801 4131 quisquis¹

170 4142 227 4199 lum
247 4151 339 4201 auem
360 4146 395 4200 de
416 4143 565 4198 substantia
589 4144 728 4212 pecuniae,
751 4158 831 4212 quarn
852 4143 962 4214 pauperi
1011 4138 1231 4209 opesacquisirit
1244 4140 1467 4210 sapientiae,quia
1480 4141 1615 4197 thesauris
1628 4144 1801 4200 terrestribus

169 4234 594 4308 porrigimus,sedetdecunctae
606 4235 681 4290 borrae
693 4235 868 4306 operationis,
879 4250 961 4305 quam
1013 4226 1259 4299 incomparabiliter
1272 4229 1494 4286 munuscoeleste
1505 4230 1647 4301 precellit.
1721 4220 1726 4225 ’

170 4326 286 4398 aperus,
303 4324 337 4382 de
348 4326 479 4380 uniuersae
492 4325 610 4381 caelestis
623 4327 734 4396 gratiae,
747 4340 829 4396 quam
843 4323 961 4396 percipi·
1048 4316 1133 4371 Primi
1155 4328 1179 4373 et
1197 4319 1331 4392 purissimi
1349 4321 1451 4391 fractus
1473 4321 1540 4393 ejur-
1561 4321 1593 4378 Si
1606 4308 1691 4392 'ium
1707 4324 1800 4381 Eccle-

169 4432 233 4472 mus
244 4414 397 4471 substantia
409 4421 439 4470 et
447 4413 569 4484 frugibus
583 4413 725 4468 bertuinum
736 4414 870 4468 bonorare
880 4412 960 4485 jube-
1011 4407 1162 4476 siasticum,
1178 4408 1256 4465 radit
1269 4409 1408 4480 sapientire
1423 4418 1465 4468 est
1479 4413 1575 4469 timere
1587 4414 1683 4479 Deurn,
1697 4414 1800 4474 lrnctrrs

170 4520 242 4560 mur.
257 4503 315 4560 flac
327 4513 369 4560 est
382 4504 441 4574 ejus
453 4504 480 4559 iu
492 4503 627 4568 erunibus,
641 4512 669 4560 et
682 4519 734 4558 non
750 4513 872 4559 trustrarn
884 4519 959 4575 qua-
973 4478 1169 4568 ”sapientiam
1187 4498 1233 4569 qui
1253 4506 1330 4567 sunt,
1349 4499 1403 4556 uisi
1414 4501 1507 4557 ridere
1521 4501 1624 4558 Ιιιιιιιι
1639 4503 1673 4560 Ει
1689 4505 1717 4560 lui
1734 4515 1799 4562 surrt

161 4586 232 4656 'rere
244 4599 360 4656 laudem.
374 4598 428 4656 Sed
438 4608 466 4655 et
479 4598 524 4655 ille
541 4599 683 4655 llormnum
695 4599 729 4655 de
746 4616 794 4657 sua
810 4599 960 4657 substantia
1011 4587 1090 4659 primi
1102 4602 1134 4644 ιθ
1148 4588 1302 4659 durissimis
1315 4590 1373 4647 Sile
1386 4591 1451 4662 quia
1466 4591 1536 4649 ⁰0¹¹ss
1546 4634 1559 4661 a
1568 4594 1614 4663 (11¹i
1628 4595 1744 4663 lidelmi
1761 4600 1796 4654 ιιι

167 4703 336 4760 suarumque
347 4687 454 4761 irugum
463 4688 589 4760 primitiis
599 4689 723 4755 honorat,
735 4689 781 4758 qui
793 4703 872 4743 omne
883 4689 961 4759 quid-
1011 4680 1089 4737 intuo
1102 4689 1159 4748 est,
1172 4691 1200 4738 et
1213 4682 1280 4738 nihil
1295 4681 1464 4755 inquinatum
1478 4683 1505 4740 in
1517 4683 1577 4755 eius
1589 4687 1691 4743 risione
1709 4689 1799 4745 ineur-

166 4780 235 4850 quid
250 4779 314 4834 bani
326 4786 463 4850 operatur,
478 4793 531 4835 non
546 4779 598 4834 hoc
611 4779 668 4834 suis
680 4778 784 4834 uiribus
798 4793 831 4834 ac
844 4778 960 4846 meritis,
1012 4772 1063 4842 tit,
1077 4774 1134 4830 sire
1147 4774 1212 4846 quia
1231 4774 1319 4845 primo
1334 4775 1367 4832 ad
1380 4776 1450 4833 hanc
1465 4778 1697 4850 contemplandam
1716 4780 1798 4838 nanta

164 4870 218 4926 sed
230 4883 355 4942 superne
366 4869 460 4942 gratie
474 4869 577 4925 tribuit.
592 4867 694 4924 dicmur
706 4867 779 4922 illius
793 4867 867 4943 rerbi
879 4905 886 4932 ,
897 4866 960 4937 quia
1011 4876 1119 4926 meatus
1132 4876 1184 4925 est.
1199 4868 1275 4925 Unde
1288 4876 1316 4924 et
1328 4868 1525 4927 adolescentior
1542 4870 1613 4927 iliius
1634 4872 1678 4927 ubi
1693 4873 1728 4927 ad
1745 4873 1798 4928 Pa-

165 4963 226 5017 sirae
238 4977 280 5017 me
292 4960 357 5017 nibil
372 4961 479 5033 putarit
493 4960 589 5030 faeere.
1011 4969 1080 5019 trem
1094 4961 1231 5032 penitens
1242 4960 1336 5026 rediit,
1351 4961 1466 5032 primam
1481 4960 1578 5017 stolam
1591 4961 1724 5032 recepisse
1739 4977 1797 5018 me·

206 5058 429 5131 Etimpleirtntrrr
443 5060 596 5113 narratura
614 5057 767 5120 ratudtate,
786 5066 810 5110 rt
829 5054 888 5110 aina
903 5063 959 5109 tar·
1010 5062 1148 5120 rouretum
1162 5051 1218 5107 sire
1231 5052 1293 5122 quia
1309 5052 1426 5121 primurn
1436 5059 1465 5107 et
1476 5051 1542 5106 rude
1552 5066 1647 5106 aurum
1658 5051 1798 5109 suletessa

165 5152 274 5209 ιιιιήι
297 5149 488 5205 redundabunt.
512 5147 602 5204 ditio
626 5148 772 5218 Evangelia
795 5146 924 5201 Dominus
948 5162 957 5202 a
1009 5142 1199 5212 purissimum
1218 5149 1245 5197 et
1261 5141 1348 5210 prima
1367 5141 1436 5197 stola
1453 5149 1547 5197 nostra
1570 5155 1634 5197 rere
1652 5148 1695 5196 est
1709 5141 1795 5197 beati·

167 5242 358 5297 inmaduere
374 5249 463 5295 maen
483 5238 553 5293 ιιιῦι
568 5239 704 5293 ιιιιιιιιι
722 5237 750 5291 in
769 5236 831 5291 cula
850 5234 957 5307 (ιιιιιι.
1010 5235 1075 5292 tuda
1097 5234 1248 5298 credenda,
1275 5249 1335 5304 quae
1356 5234 1433 5290 nobis
1453 5233 1480 5289 iu
1508 5233 1706 5290 resurrectione
1730 5248 1793 5305 per-

166 5334 220 5403 rr).
236 5332 267 5389 Si
280 5347 345 5403 ergo
359 5332 501 5388 ιιιιιιιιιι
514 5331 541 5386 in
557 5332 627 5387 ccelo
643 5339 756 5404 passum
769 5331 869 5386 babere
878 5330 958 5401 justi,
1009 5324 1134 5381 lectiusa
1149 5322 1262 5379 bomine
1275 5323 1441 5394 promittitur
1451 5336 1512 5378 esse
1531 5319 1675 5378 reddenda.

163 5424 233 5494 qnia
245 5437 326 5479 reret
342 5421 379 5477 ibi
395 5420 503 5477 diuitias
523 5421 679 5486 inueniunt,
701 5428 813 5491 possunt
827 5420 920 5490 utique
931 5428 959 5476 ct
1046 5414 1190 5470 Pretiarr‘ar
1209 5423 1247 5469 ert
1263 5413 1362 5467 cunetis
1376 5412 1484 5482 opilat,
1501 5420 1527 5467 et
1545 5412 1632 5466 amnia
1648 5427 1708 5483 qua
1725 5410 1796 5465 deti·

165 5515 269 5568 lrarrea
281 5518 311 5565 et
323 5511 479 5576 torcularia,
492 5509 554 5580 quin
568 5523 621 5565 nou
636 5504 756 5566 esurient
769 5525 855 5583 neque
867 5510 959 5566 sitient
1009 5504 1214 5569 deremendum
1226 5519 1276 5558 nan
1287 5499 1371 5556 ualeret
1380 5500 1538 5572 comparari.
1550 5497 1608 5556 Nan
1619 5499 1699 5555 modo
1709 5507 1795 5554 terrc-

165 5601 287 5673 aupttm
301 5618 309 5657 a
322 5599 357 5655 dt
370 5601 545 5673 inplebuntur
557 5601 650 5656 iarrea
664 5611 710 5655 ιιι
728 5596 881 5667 raturit'ate,
895 5604 958 5672 auria
1009 5596 1062 5661 nis,
1075 5609 1168 5649 rerum
1185 5592 1266 5647 etiam
1282 5589 1436 5647 celestibus
1463 5589 1578 5655 diuitiis,
1604 5590 1658 5646 into
1678 5599 1706 5646 et
1727 5588 1793 5658 ipsis

164 5692 300 5754 ιιιιιιιι,
312 5690 410 5764 inquit,
420 5693 483 5747 dum
494 5692 703 5761 manifestabitur
712 5693 795 5765 pluria
808 5704 853 5748 ιιι
868 5691 954 5762 (rint.
1009 5684 1164 5759 angelorum
1179 5684 1378 5756 currspectibus,
1392 5680 1471 5753 buius
1484 5681 1621 5755 sapientiae
1631 5680 1738 5739 claritas
1749 5697 1795 5734 un·
