4042 6200
247 300 320 356 4733
582 295 613 350 B.
634 294 761 358 RhBth
780 294 890 352 linunt
908 294 1066 350 nneutsr.
1088 294 1245 354 uuuuut.
1265 296 1406 355 OPERUbi
1425 297 1514 354 PARS
1534 293 1582 354 lli.
1832 301 1879 362 ttt

265 406 339 479 irnpii
358 405 547 462 desiderabant
565 405 792 476 exstinguerent
811 404 900 460 omnis
921 404 1051 458 memoria
1066 410 1090 469 Α
1104 405 1255 476 Utrumque
1276 423 1340 479 ergo
1361 418 1420 463 rete
1441 409 1542 466 lrnstra
1563 408 1641 463 bonis
1655 418 1750 478 parant
1764 410 1877 486 repmbi,

267 497 394 553 uirtutum
417 504 446 551 et
467 494 598 550 doctrinae
618 494 690 551 illius
708 493 859 561 tolleretur,
884 495 931 550 sed
953 504 981 548 et
1002 495 1054 550 hoc
1104 498 1167 568 quia
1188 498 1238 553 etsi
1261 499 1377 553 suadent
1391 498 1500 569 iniqua,
1523 509 1686 570 superantur
1696 498 1827 568 iustorum
1840 518 1880 560 sa·

265 587 353 660 ipsum
365 586 436 658 quod
448 601 585 656 nunquam
599 584 661 640 talis
673 585 746 642 inter
757 599 805 641 eos
815 583 915 642 riserit
926 584 1054 643 oblivioni
1103 582 1214 660 pientia,
1226 588 1284 646 etsi.
1293 587 1413 644 ialemnt
1425 589 1550 652 aduersa,
1565 596 1774 645 conteneantur
1785 591 1880 661 patien-

265 680 386 736 daretm.
572 689 575 696 ·
740 705 745 718 ι
1105 678 1152 732 tia.
1176 676 1331 750 huuperet
1347 677 1398 747 ipsi
1415 676 1637 733 tentstnressuis
1652 678 1881 746 seperduotinsi-

301 768 409 824 Omnem
427 769 568 839 pretiorum
585 768 759 823 cunctantium
778 768 945 838 reperiemur,
961 767 1054 839 imple·
1103 768 1166 837 dits,
1181 769 1253 826 unde
1267 777 1341 823 reete
1354 767 1498 826 subditur:

184 873 190 884 ·
265 858 566 914 bimusdomosnortrar
579 858 679 929 ιροιιὶι.
699 858 737 915 De
750 859 905 916 bominibus
917 859 1053 926 dicebant,
1138 856 1244 929 ipsique
1269 867 1361 912 eontra
1384 858 1538 928 sanguinent
1562 875 1639 913 raum
1665 858 1837 930 muniantur,
1860 873 1882 920 et

264 965 333 1020 qnos
345 949 453 1006 Christo
467 950 607 1005 adlraerere
625 950 791 1014 cernebant;
814 950 949 1020 putabant
963 950 1053 1017 enirn,
1102 947 1247 1004 mabuntur
1260 946 1368 1017 [ιιιιιιι
1382 956 1473 1002 contra
1488 948 1591 1002 aninam
1609 965 1682 1003 mur.
1707 948 1807 1006 Contra
1824 967 1881 1008 san·

263 1041 325 1110 qnia
341 1041 365 1095 si
378 1055 440 1094 eum
453 1040 621 1105 occiderent,
644 1039 797 1108 omnesqui
813 1039 1002 1104 crediderant,
1021 1039 1056 1094 sb
1089 1040 1233 1111 guinem,
1260 1046 1290 1093 ut
1314 1037 1455 1109 temporali
1481 1048 1570 1095 morte
1594 1039 1770 1109 plectantur;
1796 1054 1881 1100 contra

263 1130 321 1199 airis
334 1137 444 1199 possent
458 1143 550 1183 amore
566 1138 593 1183 et
606 1136 763 1184 consectatu
779 1140 939 1192 secernere,
957 1127 1055 1183 talibas
1104 1127 1209 1183 animas
1226 1134 1316 1182 autem
1336 1127 1422 1194 dicit,
1445 1136 1476 1182 ιι
1496 1136 1597 1184 aeterna
1616 1144 1724 1200 quoque
1745 1131 1883 1188 animarum

263 1221 412 1278 arrimarum
433 1219 526 1290 spoliis
546 1234 657 1274 ananim
678 1215 864 1273 conventicula
884 1216 989 1287 replere
1007 1217 1055 1272 do·
1104 1218 1256 1289 perditione
1268 1220 1439 1273 damnentur.
1457 1217 1533 1286 Quod
1545 1234 1608 1275 curn
1621 1220 1655 1275 ad
1668 1223 1881 1293 omnesquisnn

263 1326 377 1374 urorum,
389 1310 432 1364 eui
446 1309 532 1364 simile
544 1319 586 1366 est
599 1309 663 1365 illud
674 1309 821 1365 baminicae
832 1308 978 1378 parabolas,
987 1309 1051 1379 qnia
1103 1308 1180 1380 girini
1202 1308 1387 1375 insidiantur,¹
1400 1317 1429 1363 et
1452 1307 1547 1364 lraude
1575 1309 1627 1365 sibi
1654 1308 1796 1366 visendum
1821 1314 1885 1370 assti-

264 1403 388 1459 reniente
407 1404 441 1458 ad
459 1417 489 1457 se
506 1403 578 1474 regis
597 1403 652 1459 ldio
666 1404 815 1460 dixerunt:
832 1401 883 1456 llic
898 1414 934 1458 ert
949 1404 1053 1459 licerer:
1103 1410 1181 1456 mant
1193 1401 1344 1471 pertineat,
1363 1401 1519 1473 specialiter
1533 1410 1624 1458 tamen
1637 1400 1741 1460 ludaeis
1751 1406 1883 1477 congmit,

262 1497 361 1562 uenite,
389 1496 539 1551 occidamus
565 1512 645 1561 eam,
673 1505 697 1549 et
725 1506 815 1550 nostra
841 1495 890 1550 erit
915 1497 1061 1560 ιιιιιιιιιι,
1104 1491 1151 1560 qni
1174 1491 1276 1548 insonti
1301 1491 1416 1568 namma
1430 1491 1579 1548 tendiculas
1594 1493 1808 1558 absconderunt.
1822 1494 1884 1564 nite

264 1589 373 1658 (llartlr.
387 1587 455 1664 ιιι).
1104 1596 1157 1651 que
1170 1581 1316 1653 Apostolos
1331 1581 1462 1638 uirtutum
1482 1583 1579 1653 pennis
1594 1582 1677 1640 lnltos
1695 1584 1766 1644 dous
1779 1587 1883 1644 cinam

299 1681 400 1736 Sortem
415 1680 487 1734 mitte
500 1679 650 1745 rictiacum,
672 1679 834 1749 marsupium
853 1693 933 1732 uarum
951 1678 984 1732 ait
1000 1694 1055 1733 om-
1104 1672 1198 1728 tenire
1213 1671 1381 1744 satagebant,
1397 1679 1493 1728 contra
1509 1688 1587 1728 suunt
1602 1688 1722 1745 namque
1737 1677 1882 1745 sanguinent

264 1771 338 1825 urium
351 1778 478 1824 nostrum.
495 1767 663 1838 ilarsupiuna
675 1776 716 1823 est
730 1767 857 1824 sacculos
872 1783 1052 1831 nummorum,
1069 1760 1092 1821 Β
1105 1776 1223 1831 suasque
1238 1762 1344 1817 animas
1357 1761 1488 1834 agebant.
1503 1763 1550 1833 qui
1565 1764 1703 1830 timentes,
1719 1780 1753 1821 ne
1768 1774 1885 1822 terrestre

264 1870 336 1932 patet
354 1867 444 1914 autem
459 1858 492 1913 de
514 1857 678 1922 latronibus,
692 1857 755 1928 quia
770 1865 800 1912 ιι
813 1857 905 1929 plures
920 1857 1053 1913 scelerum
1106 1865 1218 1922 tetum
1231 1852 1386 1921 perderent
1399 1850 1459 1907 etnii
1473 1859 1604 1921 utreque
1615 1852 1718 1923 Regem
1731 1854 1883 1921 occiderunt,

264 1951 353 2006 socios
367 1948 543 2019 conquirant,
560 1948 778 2004 communionem
793 1948 833 2003 eis
848 1947 1055 2019 praedamna
1105 1943 1169 2000 coeli
1184 1943 1257 1999 cites
1270 1945 1504 2015 persequebantur
1515 1944 1542 1999 in
1558 1952 1646 2010 terta,
1657 1947 1773 2018 ideoque
1784 1959 1811 2003 et
1821 1951 1883 2020 qnod

248 2027 420 2112 rapuerunt,
436 2038 579 2110 spondent.
597 2036 651 2094 Sed
664 2047 692 2093 et
705 2048 894 2110 persecutores
907 2038 991 2093 nostri
1003 2037 1056 2092 lie·
1106 2042 1133 2096 in
1149 2041 1230 2108 terris
1244 2039 1389 2105 habebant,
1404 2050 1433 2096 et
1444 2041 1516 2112 quod
1532 2041 1559 2096 ia
1574 2041 1653 2098 coeds
1661 2044 1807 2115 acquirere
1820 2053 1884 2114 poto

265 2131 424 2202 demptoris,
440 2133 626 2201 quoscumque
645 2138 757 2200 potuere
779 2131 832 2185 sibi
853 2128 1052 2201 adjungebaut;
1092 2139 1177 2202 Ιιιιι,
1192 2145 1305 2203 regnum
1320 2130 1505 2200 perdiderunt.
1524 2128 1693 2188 Generaliter
1705 2135 1885 2189 atatemdicrn

264 2230 291 2277 at
305 2237 373 2291 qnos
385 2222 459 2277 illurn
480 2220 558 2290 sequi
575 2219 714 2285 ridebant,
730 2220 780 2275 hos
792 2220 826 2275 de
838 2219 978 2291 synagoga
993 2233 1056 2289 pro-
1105 2222 1181 2287 dum,
1205 2220 1268 2292 qnia
1291 2221 1455 2292 quicumque
1477 2221 1571 2277 oculos
1591 2222 1654 2280 lidei
1676 2224 1761 2280 habet
1779 2233 1883 2296 apertus,

263 2311 402 2384 pulsantes
414 2327 463 2366 sua
477 2311 668 2367 communione
682 2309 835 2379 privabant.
1105 2311 1263 2381 accepitque
1277 2326 1293 2365 a
1309 2311 1424 2368 Domino
1444 2326 1547 2381 penrms
1569 2319 1600 2366 ut
1621 2312 1774 2381 colorabat,
1797 2316 1883 2384 quihus

299 2398 353 2454 Fili
368 2399 418 2466 nti,
436 2416 468 2454 ne
481 2398 599 2454 ambulet
614 2414 673 2451 cum
688 2399 736 2462 eia,
752 2399 858 2468 prohibe
873 2401 962 2469 pedem
980 2408 1054 2452 tuum
1106 2411 1237 2460 aeternm
1256 2402 1328 2458 solet
1351 2401 1386 2458 ad
1409 2403 1550 2474 requiem,
1576 2402 1677 2459 lrustra
1703 2404 1749 2460 rati
1773 2405 1884 2464 irretitm

246 2483 391 2547 'utensilia
405 2506 506 2544 eorum.
534 2490 664 2545 Prohibet
679 2490 821 2545 credentes
833 2489 941 2545 Christo
958 2489 990 2543 de
1007 2486 1055 2543 Ju-
1091 2491 1218 2563 daquens
1238 2492 1312 2557 nati,
1335 2507 1419 2562 seque
1440 2493 1513 2563 ipsos
1532 2493 1622 2564 potius
1640 2493 1693 2550 hoc
1712 2497 1884 2566 pmmneaur

264 2583 348 2645 dreis,
374 2581 576 2637 communicare
599 2583 825 2651 persequentibus
848 2581 985 2636 Christum
1008 2579 1055 2636 ln·
1105 2583 1251 2652 perimunt.

265 2674 341 2728 duis.
353 2670 473 2740 benique
483 2685 578 2725 omnes
591 2669 636 2740 qni
648 2671 795 2725 eredebant
810 2679 887 2725 erant
900 2671 1011 2740 pariter,
1027 2675 1055 2724 et
1141 2668 1185 2725 Sic
1199 2671 1297 2725 cernite
1312 2672 1397 2726 omnir
1418 2672 1491 2726 omri
1512 2672 1620 2728 atrimae
1638 2673 1825 2741 ροιιιιιιιιὶιιιιι
1847 2688 1884 2726 ru·

264 2761 360 2819 Petrus
375 2760 469 2824 iisdem
486 2760 618 2831 loquitur.
638 2758 783 2814 Saltumini
797 2777 812 2814 a
825 2759 989 2831 generatione
1002 2760 1054 2813 isto
1105 2763 1191 2832 pient.
1209 2762 1412 2819 Semitssauari
1428 2764 1493 2822 dicit
1507 2764 1621 2820 subtiles
1634 2765 1695 2835 ejus
1710 2764 1882 2836 cogitationes,

263 2868 355 2923 pratu.
1105 2853 1210 2923 quibus
1221 2853 1330 2909 sedatis
1352 2853 1484 2924 inquirit,
1500 2854 1617 2924 qualiter
1632 2856 1763 2924 peccunias
1782 2864 1882 2926 augeat.

299 2943 382 3000 Pedes
395 2944 463 2997 enim
477 2940 583 2997 illorum
596 2942 631 2995 ud
644 2941 877 3010 nmlumcurrunt,
891 2953 915 2998 et
928 2942 1054 3012 festinant
1108 2943 1228 3014 talesque
1242 2944 1346 3001 semite
1360 2945 1513 3014 ιιιιιιιιιιι
1529 2945 1668 3002 interitum
1693 2946 1798 3002 anianae
1808 2944 1883 3016 possi

264 3044 292 3088 ιι
307 3033 444 3105 effundant
458 3032 622 3105 sanquinem.
646 3029 705 3086 Noa
719 3030 804 3088 ιιιιιι
819 3031 853 3088 ιι
870 3031 969 3086 ιιιιιιι
981 3031 1055 3103 quod
1106 3032 1237 3103 tiendum,
1261 3033 1288 3090 id
1304 3042 1346 3090 est
1358 3048 1452 3090 eornm
1466 3036 1512 3109 qui
1529 3035 1749 3107 possessionibus
1768 3036 1880 3109 pecuaris

265 3126 450 3196 temporaliter
464 3134 620 3196 operentur,
643 3125 692 3181 sed
709 3126 791 3181 etiam
813 3125 847 3183 ad
867 3125 967 3181 malurn
982 3123 1054 3196 qdod
1067 3110 1090 3174 C
1105 3140 1165 3180 rurn
1182 3124 1252 3180 ultra
1273 3126 1405 3183 mhonem
1423 3126 1591 3187 incumbunt
1617 3121 1676 3183 bion
1701 3127 1786 3185 solnm
1808 3142 1882 3197 ergo,

265 3224 395 3287 perpetuo
409 3214 516 3286 passuri
530 3225 603 3281 sunt,
619 3214 695 3284 impii
711 3223 872 3286 properant,
894 3214 1000 3285 quotics
1021 3214 1054 3269 ad
1106 3214 1201 3285 inquit,
1217 3214 1245 3269 hi
1266 3215 1313 3286 qui
1332 3217 1367 3273 ob
1386 3216 1579 3288 philargyriam
1593 3218 1698 3288 rapinis
1719 3219 1883 3279 innocentium

263 3305 426 3378 patrandum
442 3304 628 3368 homicidium,
645 3312 673 3358 et
687 3303 759 3358 aliud
772 3304 837 3374 qnid
851 3303 960 3359 sceleris
973 3318 1055 3374 agen-
1104 3311 1132 3359 et
1145 3305 1263 3362 cedibus
1287 3306 1437 3376 irrrigilant,
1460 3295 1545 3363 semei
1560 3309 1612 3363 boc
1634 3318 1748 3380 agentes
1765 3309 1882 3380 perdam:

266 3398 329 3453 durn
345 3395 492 3453 lestinant:
515 3409 577 3449 nam
599 3402 730 3464 quantum
750 3394 873 3449 ridentes
896 3395 929 3448 ad
952 3394 1055 3450 lacinus
1105 3407 1196 3450 rerum
1210 3395 1306 3452 eodem
1320 3397 1429 3461 ordine,
1442 3399 1551 3454 tametsi
1577 3399 1683 3455 minore
1706 3410 1783 3457 reatu
1801 3412 1884 3455 ornrret
1961 3458 1962 3475 χ

265 3487 429 3561 implendum
446 3487 592 3552 ducuntur,
608 3494 711 3540 ιιιιιιιι
726 3500 780 3540 ιιι
794 3486 915 3542 videntes
940 3488 974 3542 ad
990 3486 1056 3542 tole·
1103 3487 1177 3541 avari
1189 3487 1380 3544 meditationes
1394 3503 1454 3559 qnae
1465 3503 1561 3543 aarum
1580 3487 1883 3559 denumerantur
1961 3492 1962 3501 ’

265 3577 377 3633 rnrrdarn
397 3590 447 3647 pro
461 3575 581 3631 iocinore
600 3588 708 3645 poenam
727 3575 918 3646 propinquant.
944 3575 1007 3631 lieo
1021 3575 1055 3632 de
1103 3575 1137 3631 ad
1153 3575 1291 3631 interitum
1305 3577 1425 3633 trabunt.
1440 3575 1537 3643 Aliter,
1550 3578 1589 3634 sie
1603 3579 1710 3634 semite
1723 3575 1882 3635 omnisarari

265 3667 469 3727 insidiatoribus
496 3666 581 3723 nostri
611 3664 760 3723 Salinatoris
783 3665 874 3722 talem
900 3666 1055 3739 specialiter
1103 3666 1207 3722 annuas
1220 3665 1416 3737 possidentium
1438 3669 1555 3739 mpiunt,
1576 3667 1625 3723 tali
1645 3666 1717 3735 tine,
1731 3678 1760 3725 ιι
1771 3666 1883 3738 palatas

265 3757 395 3830 intelligi,
415 3770 533 3829 sequens
545 3764 635 3811 aarum
647 3756 797 3812 versiculus
812 3757 845 3814 do
860 3757 983 3814 fidelibus
997 3755 1054 3825 (ιιι
1096 3769 1286 3821 ‚enumeratus
1297 3755 1411 3826 quisque
1426 3757 1546 3827 perimit,
1564 3766 1592 3811 et
1605 3758 1691 3812 nudat
1710 3773 1758 3815 eos
1776 3757 1818 3828 qui
1831 3770 1883 3825 pos

264 3866 341 3921 mque
361 3863 507 3921 pratorum
529 3846 660 3902 malitiam
682 3847 879 3903 sustinentibus
893 3848 1055 3919 generaliter
1103 3845 1268 3903 sessionibus
1280 3846 1430 3911 abundant,
1442 3854 1471 3901 ιι
1493 3847 1650 3916 ipsepotius
1663 3847 1829 3919 bocagendo
1844 3858 1884 3914 pe·

265 3942 404 3999 inseritur.
1104 3944 1172 3990 reat.
1188 3933 1324 4006 Pauperes
1346 3950 1463 4006 namque
1484 3951 1551 4007 quos
1573 3936 1611 3991 nil
1627 3936 1769 4006 possidere
1789 3933 1881 3995 cernit,

301 4031 414 4087 Frustra
425 4040 511 4085 autem
520 4031 621 4101 jacitur
634 4039 686 4083 rete
698 4039 758 4083 ante
770 4030 858 4083 oculor
870 4039 1052 4099 pennatorum.
1103 4024 1441 4096 curoccidat,.quosqmlia
1453 4040 1509 4081 non
1529 4025 1640 4080 baronii.
1653 4024 1714 4082 linc
1734 4038 1815 4095 usque
1829 4036 1882 4092 pen

252 4123 378 4182 'Frustra
393 4122 466 4177 enim
481 4119 594 4192 laqueus
609 4119 805 4191 persecutionis
822 4128 868 4173 aut
886 4120 982 4174 mortis
996 4128 1054 4177 terr·
1103 4115 1332 4186 secutioncsquas
1342 4115 1426 4172 ludaei
1439 4116 1547 4173 Christo
1560 4116 1674 4173 intulere
1685 4118 1879 4174 describuntur.

263 4216 335 4268 ditur
353 4212 456 4277 electis,
476 4211 523 4282 qni
540 4226 643 4281 pennas
663 4210 764 4266 habent
782 4210 839 4281 spei
857 4218 885 4263 et
901 4210 1052 4275 charitatis,
1103 4207 1156 4262 hue
1173 4205 1328 4262 reseruntur
1340 4222 1373 4261 ea
1395 4222 1456 4277 quae
1477 4207 1534 4278 ipse
1546 4216 1608 4277 post
1623 4211 1778 4278 passionem
1790 4204 1880 4261 eisden

204 4322 208 4331 ¹
264 4300 623 4370 caeterarurnqaerirtutum
639 4300 737 4368 quihus
754 4307 781 4354 et
799 4298 920 4355 celestia
937 4298 998 4353 dum
1015 4300 1054 4353 ri·
1102 4297 1158 4352 suis
1170 4296 1389 4368 persecutoribus
1399 4312 1448 4368 per
1461 4296 1598 4367 apostolos
1612 4297 1742 4369 loquitur.

262 4401 328 4448 uuirt
342 4394 508 4459 desiderent,
528 4392 608 4446 etad
630 4391 680 4445 hoc
695 4401 883 4461 postmortem
899 4401 1091 4500 mereanturD
1139 4387 1274 4459 Sapientia
1299 4387 1365 4457 loma
1393 4388 1520 4459 predicat
1532 4429 1546 4455 ,
1563 4389 1594 4442 in
1615 4387 1710 4458 pluteis
1736 4387 1785 4441 ιιι
1805 4396 1879 4443 tutet

262 4486 424 4557 pertingere.
453 4482 558 4537 liabent
581 4489 608 4535 et
630 4482 725 4536 oculos
750 4482 857 4548 mentis,
880 4496 930 4551 per·
943 4497 1010 4551 qnos
1025 4492 1052 4536 et
1103 4496 1189 4544 ruam,
1203 4479 1231 4534 ia
1244 4480 1327 4550 capite
1339 4480 1474 4533 turiurum
1493 4479 1619 4535 clamitat.
1637 4477 1775 4550 Sapientia
1793 4474 1880 4546 quippe

264 4578 348 4641 mala,
361 4591 421 4649 quaa
435 4574 469 4629 ab
483 4574 573 4644 impiis
588 4574 826 4638 sustinent,ocius
841 4574 1004 4638 transitura,
1024 4582 1053 4629 et
1102 4569 1424 4641 liei,Christnsest,qui
1445 4572 1471 4625 in
1490 4571 1590 4626 mundo
1609 4578 1785 4634 conversatus
1798 4564 1880 4639 paucis
1961 4572 1962 4581 ¹

262 4668 331 4723 bona
346 4683 405 4736 que
420 4665 577 4723 sustinendo
592 4674 760 4730 merarerunt,
776 4675 909 4721 aeternum
925 4682 1052 4721 mansura
1102 4680 1157 4721 sue
1169 4665 1296 4737 mysteria
1316 4664 1465 4720 divinitatis
1476 4664 1614 4736 patefecit,
1630 4666 1751 4736 ipsisque
1765 4660 1880 4734 precepit

261 4758 382 4814 rideant.
409 4756 513 4827 Quibus
528 4755 607 4812 simul
622 4754 708 4810 oculis
723 4766 751 4811 et
768 4756 943 4827 reproborum
958 4772 1052 4826 super·
1102 4770 1136 4811 ne
1155 4763 1218 4809 ante
1237 4753 1391 4823 passionem
1411 4762 1438 4808 et
1459 4756 1683 4811 resurrectionem
1709 4768 1800 4815 suam,
1824 4748 1878 4820 quit

260 4851 332 4905 biam
352 4848 407 4904 cito
429 4844 686 4909 consummandam,
710 4852 737 4900 et
759 4853 892 4899 tormenta
911 4847 1050 4916 sequentia
1102 4845 1160 4916 ipse
1172 4851 1245 4900 esset
1257 4841 1335 4898 iesus
1355 4842 1479 4899 Christus
1498 4845 1692 4916 praedicarem,
1715 4859 1750 4900 ue
1777 4841 1878 4913 glorian

260 4958 367 5014 semper
381 4953 510 4996 mansura
526 4937 701 5011 prospiciunt.
729 4936 822 4991 Potest
841 4946 867 4992 ct
886 4937 922 4992 ita
941 4935 1048 5009 accipi,
1102 4939 1161 5011 ejrrs
1183 4954 1265 5009 qnam
1286 4938 1425 4994 lismonte
1448 4948 1657 5009 conspexerant,
1671 4938 1797 5009 cuiquam
1814 4934 1878 4990 diee-
1961 5000 1962 5007 χ

261 5033 332 5105 qnod
355 5038 413 5086 rete
433 5029 505 5084 dicat
525 5026 703 5099 perniciosam
726 5025 858 5082 malorum
880 5027 1047 5092 doctrinam,
1101 5028 1320 5100 rent,mugisque
1331 5034 1460 5084 tunesuae
1470 5029 1619 5099 potentiam
1630 5021 1876 5097 maiestatemne·

260 5136 342 5190 qnam
357 5118 390 5175 ab
404 5134 436 5175 eo
452 5117 511 5174 loco
525 5124 689 5182 contexunt,
704 5115 749 5171 ubi
764 5114 821 5169 sit:
838 5114 871 5170 Si
882 5126 907 5170 te
920 5126 1048 5171 tractate·
1101 5119 1151 5174 bus
1165 5133 1245 5189 quam
1262 5116 1533 5183 terbisostcndebat,
1552 5117 1659 5189 impleta
1673 5115 1812 5188 prophetia
1825 5123 1877 5180 qne
1961 5118 1962 5135 ¹

259 5205 1048 5282 rintpeccatores,neucquiercar,lrustraquelalejaciatur
1100 5208 1170 5264 dixit
1193 5226 1199 5262 :
1225 5205 1317 5278 Neque
1342 5207 1431 5262 audiet
1448 5206 1544 5278 aliquia
1568 5209 1596 5262 in
1617 5207 1709 5278 glareis
1734 5200 1875 5270 nocentius

261 5311 318 5357 rete
341 5310 404 5356 ante
426 5316 489 5366 eos,
514 5300 560 5370 qui
585 5297 693 5354 mundis
711 5296 797 5353 oculis
815 5296 904 5352 cordis
929 5311 1046 5366 superna
1101 5297 1279 5371 (ilardensi),
1295 5306 1394 5368 atpost
1416 5298 1643 5354 resurrectionem
1664 5295 1795 5367 sapientia
1817 5289 1875 5343 loris

259 5393 483 5465 contemplentur,
508 5393 553 5463 qui
577 5392 668 5448 dicere
691 5390 782 5446 norint
804 5405 866 5446 cunr
888 5389 1044 5459 Propheta:
1097 5380 1273 5469 predicabat,
1289 5390 1353 5459 quia
1371 5390 1456 5445 misso
1468 5390 1583 5460 desuper
1602 5389 1705 5459 Spiritu
1718 5403 1767 5459 per
1779 5390 1875 5454 aporttr

259 5487 354 5541 Anima
366 5494 455 5540 nostra
467 5485 534 5539 sicut
548 5500 637 5554 parrer
651 5493 739 5553 erepta
753 5493 789 5536 ert
803 5482 836 5536 de
848 5481 939 5552 laqueo
953 5497 1063 5535 nermo»
1099 5481 1139 5536 los
1157 5487 1250 5550 aperte
1267 5494 1297 5534 se
1322 5480 1408 5549 ipsam
1428 5479 1528 5534 mtrndo
1551 5479 1713 5536 declarabat.
1739 5476 1767 5532 ln
1790 5467 1875 5543 pateis

260 5577 324 5630 tium
339 5574 424 5645 (Psoi.
438 5574 528 5643 cruri.
545 5574 635 5630 Facile
649 5574 721 5629 eninr
737 5573 856 5644 laqueos,
872 5573 916 5642 qni
933 5572 959 5625 in
974 5562 1045 5627 terri
1099 5573 1179 5628 dabat
1193 5587 1284 5627 vocem
1296 5585 1373 5627 suam
1386 5571 1450 5642 quia
1465 5571 1491 5625 in
1502 5570 1642 5626 latitudine
1652 5569 1781 5640 plebium,
1797 5576 1868 5618 mant
