4042 6200
196 309 245 365 sut
506 301 539 356 B·
558 299 684 356 ΒᾹΒΑΝΙ
700 298 814 356 nuum
830 295 991 355 annulat.
1014 293 1170 352 nonunt.
1190 291 1334 350 manunt
1353 292 1445 348 PARS
1463 291 1495 349 tl.
1782 293 1841 351 392

189 428 303 475 <cantem
316 414 423 487 aspexit
435 421 465 468 et
479 410 628 466 adamavit.
648 408 733 480 Graius
760 406 920 481 mysterium
943 421 994 477 pn-
1008 414 1035 471 A
1047 403 1210 470 sationibus,
1225 418 1293 474 quas
1307 402 1393 459 Graecl
1407 417 1470 458 aras
1484 403 1586 457 dicunt.
1609 401 1757 474 Puplum,
1768 402 1845 476 quud

194 520 254 567 ast:
269 506 333 577 quja
347 504 471 562 Christum
485 502 581 558 vlumus
593 499 744 556 Ecclesium
761 497 795 554 do
806 498 943 571 genubus,
963 511 994 551 se
1046 497 1073 553 in
1083 511 1116 553 eo
1127 495 1213 552 lector
1222 495 1262 551 sel
1273 495 1410 566 psalmista
1422 494 1567 565 inpubllco
1578 494 1683 565 positus
1692 495 1841 567 conspicis

195 598 346 668 spurcatis
359 609 410 666 per
430 591 597 664 punitentia
609 591 745 662 lacrymas
769 597 852 658 atque
865 586 994 657 baptismi
1045 587 1144 660 populo
1156 587 1258 659 possit,
1274 592 1329 657 quo
1339 586 1453 643 liberius
1470 586 1606 642 audiatur.
1621 586 1783 659 scalmum
1801 591 1844 646 di·

193 685 609 758 sacramentumpurilleantem,
623 681 812 754 ejusspseiem
828 679 995 749 concupiuit,
1045 688 1131 745 ctum,
1156 680 1230 749 quod
1259 693 1349 735 sermo
1381 679 1443 734 inde
1467 678 1639 749 predicetur,
1671 680 1735 734 naua
1765 680 1843 753 logos

194 792 224 839 ot
235 781 287 837 sibi
301 792 429 849 sponsam
443 776 581 832 sommare
595 772 770 831 desideravit.
790 768 996 826 Xenodochium
1046 771 1141 828 Gruoe
1156 787 1247 828 sermo
1261 771 1372 836 diulus,
1398 771 1470 842 quod
1480 770 1571 842 ipsum
1586 770 1669 826 altius
1691 772 1775 827 situm
1788 781 1842 829 eat.

198 889 262 930 uero
276 879 318 927 est
331 866 515 926 habitaculum
540 864 641 922 lactum
655 866 689 920 ad
712 860 900 934 ιιιιιίιιὶιιιιιιι
923 874 998 932 pore·
1048 862 1188 930 Tributaal,
1207 863 1327 935 eoquod
1345 862 1408 918 lude
1421 876 1436 916 a
1451 859 1592 917 sacerdote
1607 861 1761 919 tribuantur
1773 878 1846 933 prae-

194 961 301 1035 prinos.
326 959 419 1030 ltaque
433 973 496 1014 cum
513 956 730 1028 Hierosolymam
749 953 902 1010 saumana
917 949 997 1008 ohsi-
1048 961 1125 1025 cepta
1139 952 1258 1008 urendi.
1277 952 1327 1008 Est
1347 952 1421 1007 euim
1440 950 1519 1006 locus
1537 950 1564 1005 iu
1583 951 1693 1006 sublimi
1707 953 1844 1008 munum-

198 1056 287 1119 doret‚
301 1052 435 1108 illreanus
443 1050 571 1120 princeps
583 1046 759 1114 ludaeorum,
778 1052 900 1102 reserato
913 1044 999 1100 Dauid
1050 1051 1103 1109 tas,
1119 1043 1191 1099 unde
1200 1042 1319 1098 universi
1331 1056 1393 1098 mm
1404 1041 1620 1112 audirepossiut.
1634 1041 1710 1098 Alias
1724 1043 1845 1100 tribunal

195 1145 336 1216 sepulcro,
352 1143 404 1199 tria
421 1141 504 1197 millia
527 1140 586 1196 auri
607 1139 707 1196 talenta
722 1138 786 1194 inde
807 1137 950 1204 abstraxit,
965 1151 1000 1192 ex
1050 1131 1843 1203 atribudeuominatum,quodadillumtrlhnseonroretur.

196 1235 301 1305 »quibus
316 1240 436 1289 trecenta
450 1230 586 1286 Antiocho
600 1229 723 1294 ordinm
734 1228 903 1284 obsidionem
919 1227 1001 1283 relin-
1050 1225 1181 1281 Tribunal
1198 1224 1343 1296 aliquando
1355 1224 1384 1279 iu
1401 1222 1551 1294 scripturis
1576 1225 1680 1281 sanctis
1694 1226 1844 1295 potentiam

195 1333 307 1397 spueret.
330 1325 419 1395 htque
434 1332 464 1378 ut
484 1320 547 1377 laeti
574 1321 703 1376 inuidiam
717 1320 849 1385 denarret,
867 1318 953 1375 lertur
966 1332 1001 1373 eu
1050 1316 1201 1386 majestatis
1214 1315 1322 1379 divium,
1335 1314 1399 1384 quia
1415 1312 1586 1383 judicaturus
1598 1322 1641 1370 est
1655 1315 1796 1381 mundum,
1814 1325 1847 1372 ul

199 1417 306 1487 reliqua
321 1414 436 1486 pecunia
457 1411 607 1468 instituisse
632 1411 737 1481 primus
751 1409 930 1472 xenodochia,
943 1406 1002 1477 oui·
1050 1416 1094 1464 est
1108 1405 1212 1464 illudio
1227 1406 1390 1478 Evangelio:
1404 1406 1474 1460 liam
1487 1407 1584 1461 mnerit
1594 1403 1619 1459 F
1620 1404 1804 1462 dicticinium
1816 1413 1847 1462 ln

204 1505 256 1563 bus
268 1505 413 1560 adventum
441 1501 591 1572 susciperet
612 1514 761 1572 pauperum
791 1507 819 1555 et
840 1498 1001 1570 peregrino·
1051 1497 1112 1554 sede
1123 1496 1269 1569 majestatis
1284 1513 1351 1562 ssu,
1366 1505 1429 1551 tuac
1440 1495 1671 1567 corrumpebantur
1681 1511 1772 1552 omnes
1782 1513 1846 1568 pen·

199 1612 287 1650 rum:
305 1594 376 1650 unde
390 1602 419 1649 et
429 1591 589 1648 vocabulum
602 1590 727 1662 sumpsit.
743 1588 855 1645 Names
868 1588 1001 1645 Graeculo
1052 1599 1090 1644 tes
1115 1574 1224 1663 (llat‘tlr.
1251 1587 1337 1655 aavl3
1362 1597 1391 1643 et
1404 1587 1431 1643 in
1444 1586 1594 1659 Apostolu:
1612 1586 1720 1656 Omnes,
1745 1590 1845 1660 inquit,

201 1686 332 1741 diutinum
348 1683 562 1749 xenodocheion,
574 1683 771 1755 pereprinorant
781 1683 921 1752 mmeptio,
933 1696 1002 1735 nura·
1052 1679 1251 1735 suminatam
1262 1677 1378 1734 tribunal
1391 1676 1501 1744 Cluati,
1527 1686 1555 1733 ιιι
1570 1678 1679 1748 recipiat
1701 1682 1847 1752 unuquis-

206 1786 330 1848 cupatur.
344 1776 393 1835 Ubi
403 1785 493 1832 autem
504 1784 667 1848 egrotantes
677 1775 710 1831 de
718 1774 816 1845 plateis
826 1773 1000 1844 colliguntur,
1017 1765 1041 1825 B
1053 1789 1104 1844 pue
1116 1772 1224 1843 proprio
1240 1770 1357 1833 corporis
1373 1771 1428 1836 ssi,
1440 1779 1517 1841 prout
1528 1772 1619 1841 pessit,
1629 1772 1683 1826 siae
1692 1771 1848 1835 donanti·

209 1867 399 1924 nosocomeion
417 1866 517 1923 dicitnr
533 1865 639 1932 Grmoe,
661 1866 690 1920 in
705 1879 759 1935 quo
770 1872 934 1934 consumpta
945 1863 1002 1918 lau-
1053 1860 1192 1918 manuum
1206 1860 1249 1933 (ll
1260 1859 1322 1916 Gor.
1333 1860 1373 1933 r).
1388 1860 1471 1917 Sacra
1485 1870 1548 1917 sunt
1575 1862 1634 1917 loca
1648 1862 1749 1919 diuinis
1765 1864 1849 1921 culti-

206 1958 337 2029 guoribns
350 1966 432 2030 atque
445 1957 543 2014 inediis
560 1957 722 2013 miserorum
734 1956 858 2012 membra
867 1954 1001 2013 levemur,
1052 1954 1105 2009 bus
1117 1952 1278 2019 constituta,
1293 1959 1323 2007 ut
1338 1960 1403 2023 pote
1414 1967 1463 2019 ea,
1479 1952 1617 2022 inquibus
1631 1953 1730 2010 altaria
1744 1955 1849 2011 litanti·

505 2066 621 2124 (ΜΤ
640 2066 711 2123 m
1055 2043 1105 2098 hus
1116 2041 1847 2117 demereapontiltcibuscunsecrautur.Sauctajuxta

511 2137 550 2193 De
560 2137 692 2208 ιιιιιριίιι.
1054 2142 1161 2190 ueteres
1174 2132 1310 2189 exteriora
1328 2131 1420 2204 templi
1433 2140 1513 2199 sunta
1532 2142 1626 2189 sancta
1636 2142 1728 2189 autem
1739 2145 1848 2192 sancto

246 2227 402 2286 Sacrarium
422 2228 530 2300 proprie
542 2228 670 2285 estlocus
698 2231 801 2302 templi,
817 2231 844 2286 in
857 2245 1003 2300 quianam
1055 2238 1115 2279 rum
1128 2224 1204 2281 locus
1216 2222 1306 2295 templi
1318 2223 1457 2288 secretior,
1466 2225 1501 2280 ad
1512 2238 1593 2296 quem
1604 2223 1669 2280 nulli
1679 2234 1739 2281 erat
1754 2242 1848 2283 acces·

207 2329 399 2390 reponuntur:
416 2319 488 2375 sicut
505 2319 648 2374 donarium
673 2329 727 2385 est,
753 2334 808 2391 quo
837 2322 1005 2377 collocantur
1056 2330 1119 2382 sus,
1139 2316 1314 2372 nisi'tantum
1332 2314 1528 2371 sacerdotibus.
1548 2315 1625 2371 bleta
1642 2326 1734 2373 autem
1752 2330 1847 2375 saluta

207 2408 587 2467 oblatrasieutlectisternia
602 2409 799 2475 dicuntur‚ubi
813 2411 938 2466 homines
958 2423 1003 2464 se·
1056 2407 1556 2478 sanctorum‚puiaextoriorr'oraoulo
1569 2409 1707 2465 sanetima
1719 2413 1848 2478 suntsed
1961 2456 1984 2483 ,

213 2499 558 2558 autemmonstruosi
580 2499 1004 2572 inferendisergoetdcportan·
1053 2501 1120 2570 quia
1143 2508 1299 2555 sanctorum
1324 2496 1525 2568 conparatione
1546 2498 1682 2555 mundiora
1702 2508 1781 2566 sunt,
1795 2503 1848 2559 sie·

214 2592 353 2650 dissacris
363 2590 512 2649 sacrarium
526 2599 713 2662 uurimpamr;
728 2590 870 2647 ιιιιιιιίιιιιι
883 2606 949 2645 reru
971 2604 1006 2646 en
1057 2600 1087 2648 ut
1100 2590 1211 2649 Cantica
1229 2592 1409 2655 cantieorum,
1428 2591 1492 2661 quia
1513 2590 1619 2648 cantion
1638 2592 1764 2649 universa
1775 2609 1847 2666 pra·-

208 2685 287 2755 apuod
298 2684 338 2739 ibi
354 2683 455 2739 donam
482 2691 620 2752 ponantur
644 2697 706 2752 quae
728 2682 760 2737 iu
788 2680 896 2752 templis
908 2679 1007 2745 oderas
1055 2681 1169 2740 collant.
1188 2681 1319 2739 Sanctum
1332 2690 1422 2738 autom
1437 2696 1453 2737 a
1467 2681 1599 2755 sanguinus
1613 2683 1765 2740 bestiarum
1778 2701 1848 2742 nna·

215 2784 423 2831 consueverunt.
437 2772 592 2830 Oratorium
604 2771 721 2829 orationi
737 2779 845 2828 mutum
857 2780 900 2828 est
911 2787 1007 2829 marae·
1057 2783 1193 2846 cuparum.
1210 2770 1281 2829 Nihil
1297 2772 1370 2829 enim
1383 2781 1507 2829 sanctum
1530 2772 1600 2844 apud
1617 2781 1724 2830 selures
1735 2774 1846 2833 olneba-

96 2862 99 2869 '
210 2873 331 2933 eratum,
348 2864 444 2935 inquo
460 2878 541 2921 nemo
565 2862 668 2933 aliquid
693 2877 776 2933 agere
790 2863 883 2930 debet,
899 2862 952 2920 nisi
969 2863 1005 2920 ad
1059 2876 1112 2933 tur,
1127 2865 1180 2922 uisi
1205 2865 1278 2936 quod
1303 2864 1399 2919 llostiae
1421 2863 1552 2932 sanguine
1570 2872 1643 2920 esset
1657 2873 1846 2937 consecratum

215 2958 287 3027 quod
297 2964 340 3013 ost
355 2955 456 3012 laetum
470 2973 477 3010 ι
492 2940 564 3012 unde
585 2966 614 3011 et
634 2970 732 3012 nomen
744 2956 859 3029 accepit.
878 2955 1006 3013 Peuetra-
1058 2965 1105 3012 aut
1117 2970 1303 3029 conspersum.
1313 2952 1380 3009 luem
1392 2963 1517 3009 sanctum
1527 2954 1600 3024 quod
1610 2962 1698 3011 exuat
1707 2969 1769 3012 csse
1783 2972 1847 3012 san·

211 3042 251 3104 lia
279 3056 385 3104 secreta
406 3054 471 3104 sunt
495 3045 688 3114 oraculorum3
703 3055 733 3104 et
743 3047 905 3118 pensualia
933 3047 1006 3106 diota
1041 3049 1152 3105 citum
1168 3045 1281 3106 Saucius
1293 3052 1384 3102 autem
1400 3053 1443 3102 est
1457 3042 1630 3111 coullrmare,
1644 3053 1672 3102 et
1683 3045 1849 3119 inrogatione

211 3138 324 3196 suntab
337 3153 370 3194 eo
381 3139 454 3209 quod
466 3145 509 3194 est
519 3138 637 3224 ponitus.
652 3136 845 3224 ilonasterium
856 3138 938 3195 nnius
948 3154 1007 3196 mo-
1019 3119 1042 3184 C
1054 3149 1146 3213 poeua.
1159 3139 1194 3196 ab
1217 3136 1315 3208 injuria
1342 3136 1497 3193 detondere.
1517 3135 1563 3193 Sic
1577 3144 1605 3192 et
1618 3135 1692 3209 leges
1704 3147 1806 3195 sancus
1820 3149 1851 3195 rt

211 3230 295 3286 arachi
309 3230 443 3286 habitatio
456 3237 508 3285 est.
524 3229 643 3285 Sturium
657 3230 747 3293 statio
769 3230 796 3286 id
814 3238 867 3297 est,
891 3231 1006 3288 solitarii
1057 3246 1149 3287 mores
1164 3229 1251 3285 sancti
1269 3242 1330 3284 esse
1344 3227 1481 3283 dicuntur.
1509 3225 1744 3298 Propitiatorlum,
1768 3229 1848 3300 qnasi

215 3320 357 3376 hahitatio.
373 3319 533 3376 Coeuobium
556 3334 590 3375 ex
618 3317 713 3376 Graeco
737 3320 1008 3385 etLatinopuidetur
1056 3318 1257 3391 propitiationis
1270 3317 1429 3373 oratorium.
1456 3316 1619 3390 Propitiatiu
1634 3320 1706 3375 cuim
1728 3321 1850 3391 placato

212 3425 276 3466 csse
302 3411 481 3481 compositum
496 3427 503 3465 ι
517 3418 562 3466 ιιι
575 3409 649 3465 enlm
674 3410 859 3466 babitaculum
873 3409 1008 3482 plurimo'·
1056 3419 1108 3467 est.
1126 3408 1243 3476 Oracpla
1265 3408 1338 3465 dicta
1365 3424 1399 3464 eo
1412 3407 1484 3479 quod
1503 3408 1566 3465 iude
1589 3413 1851 3481 mpousaraldun·

216 3516 279 3555 rum
303 3500 331 3555 iu
353 3513 499 3556 commune
515 3498 673 3554 virentium.
699 3498 803 3555 Csiuou
819 3498 892 3558 enlm
913 3500 1007 3559 Graue
1058 3509 1112 3566 tur,
1127 3499 1277 3556 etoracula
1300 3501 1336 3556 ab
1361 3499 1522 3567 creonam
1545 3509 1637 3557 autem
1651 3504 1796 3559 mamalum
1811 3506 1850 3560 ιιι

216 3604 360 3647 columnus
375 3587 570 3646 dicitur.Faua
584 3587 815 3656 dietaalunibns,
831 3591 929 3661 quibus
942 3599 1014 3655 tona·¹
1058 3580 1265 3648 instructionem
1281 3590 1447 3648 tabernaculi
1470 3590 1599 3649 Βοιιιὶιιιιι
1623 3595 1773 3664 quesierit,
1788 3596 1850 3667 ipso

214 3684 259 3756 pla
273 3697 350 3738 error
364 3677 505 3754 gentssium
521 3680 713 3736 construebat:
728 3681 801 3737 undo
811 3681 937 3738 consules
950 3683 1006 3739 dae·
1057 3685 1084 3740 ln
1098 3684 1191 3740 Exodo
1204 3681 1371 3749 manifestat,
1382 3681 1476 3738 dicent
1487 3681 1521 3736 ad
1533 3680 1643 3754 bloysen
1657 3701 1664 3737 :
1681 3683 1799 3755 loquere
1815 3686 1835 3746 fi

218 3789 329 3831 litonum
346 3787 475 3844 respousa
501 3772 636 3828 audirent.
657 3771 777 3827 Delubra
803 3781 910 3830 ιιιιιιι
934 3773 1007 3831 dioe-
1057 3775 1100 3831 liis
1111 3774 1208 3841 lsrael,
1222 3772 1355 3829 attollunt
1367 3773 1432 3828 ouini
1442 3773 1571 3842 pustulas
1584 3786 1593 3825 .·
1606 3774 1847 3842 conmanducatae,

214 3866 283 3921 haut
296 3863 395 3935 templa
409 3861 499 3920 lantes
512 3861 651 3930 habentia,
664 3860 764 3931 quibus
778 3870 843 3917 ante
856 3862 1007 3935 ingressum
1056 3868 1102 3940 pati
1115 3867 1206 3938 offeret
1219 3866 1364 3930 ultroneos,
1378 3863 1509 3934 accipietis
1522 3864 1653 3935 primitius
1669 3866 1733 3920 aiibi
1747 3865 1849 3937 (Euod.

218 3955 400 4021 diluebantur,
418 3962 446 4010 et
455 3953 625 4026 appellantur
641 3952 752 4009 delubra
764 3969 780 4008 a
794 3951 931 4009 dduendo.
946 3954 1007 4025 lpsa
1057 3957 1132 4031 nu).
1148 3957 1182 4013 Et
1197 3971 1247 4012 nos
1256 3954 1392 4027 primitias
1406 3954 1538 4010 bonorum
1550 3964 1705 4014 uostmrum
1730 3955 1850 4012 Ιιιιιιίιιι

214 4056 282 4102 ιιιιιι
294 4062 367 4103 nnnc
377 4046 450 4103 audes
462 4061 524 4106 cunt
545 4045 631 4102 sacris
646 4045 774 4111 lontibus;
787 4046 815 4101 iu
828 4045 927 4119 quihus
940 4046 1007 4104 ilde·
1058 4049 1188 4114 tollimus,
1203 4048 1312 4118 quando
1324 4045 1347 4101 si
1359 4045 1498 4117 quidboni
1512 4045 1626 4118 spanus,
1640 4054 1727 4102 totum
1740 4047 1793 4104 hoc
1806 4047 1851 4102 di·

215 4135 258 4192 les
274 4134 426 4209 repeumati
438 4134 630 4207 purificantur,
645 4143 673 4192 et
695 4136 765 4192 bene
777 4136 893 4206 quodam
907 4150 1007 4206 prusa·
1058 4140 1128 4195 sirim
1139 4137 1233 4208 maure
1248 4136 1402 4193 tribuimus.
1418 4134 1484 4190 llus
1494 4145 1555 4190 aaut
1570 4145 1668 4203 amosa,
1692 4152 1752 4208 pau
1776 4138 1851 4192 αισι·

214 4227 262 4302 gio
274 4226 385 4284 delubra
394 4236 458 4282 sunt
471 4226 621 4298 appellata,
636 4234 700 4282 suut
712 4226 824 4282 enimin
840 4226 1006 4284 ablutionem
1056 4249 1116 4304 pere
1129 4231 1246 4286 deictis:
1260 4246 1367 4296 surum,
1384 4238 1520 4300 arpentum
1532 4238 1557 4283 st
1574 4246 1620 4296 ιιι,
1632 4228 1801 4300 lpnnamam
1815 4246 1851 4284 tot

217 4327 403 4389 peccatorum
430 4317 503 4373 Fons
516 4325 608 4373 autem
626 4317 654 4374 in
667 4316 788 4374 delubris
805 4317 882 4375 loeus
895 4332 1007 4390 regene·
1056 4336 1212 4392 psrpurum‚
1229 4332 1384 4389 coccumque
1407 4318 1446 4371 bis
1461 4317 1580 4380 unctum,
1599 4327 1622 4371 et
1650 4317 1852 4388 incomptius

218 4416 340 4463 ratouuu
354 4415 404 4472 est,
417 4406 445 4461 in
457 4421 511 4477 quo
522 4415 624 4478 septem
635 4407 734 4477 manus
748 4406 776 4462 iu
791 4405 910 4477 Spiritus
920 4408 1005 4464 suomi
1058 4427 1208 4482 caprarum,
1223 4420 1250 4465 et
1264 4409 1344 4481 pelles
1368 4410 1480 4470 umerum
1506 4408 1663 4474 ηιιιίιιιιι,
1686 4408 1764 4480 pellea
1777 4411 1851 4480 bun-

217 4498 349 4569 mysterlo
379 4497 541 4565 scrutantur,
567 4507 622 4555 tres
642 4497 671 4553 iu
696 4499 881 4566 descensuri
904 4509 959 4554 tres
979 4501 1006 4555 iu
1020 4478 1187 4558 ”suillium
1215 4502 1323 4573 etlipun
1346 4499 1603 4569 ratiuncularum
1630 4500 1771 4555 lambentis
1787 4517 1850 4554 cos·

217 4602 334 4644 ascensu
350 4604 358 4642 :
376 4588 508 4657 septimus
533 4589 635 4645 seruis
656 4597 708 4655 est,
737 4590 824 4660 quiet
841 4599 965 4660 prtartus,
981 4591 1008 4648 id
1057 4593 1200 4658 ciunmsdu,
1216 4601 1336 4647 oromom
1358 4592 1608 4662 lusapueutunmt
1627 4589 1850 4660 thymiamaterii

217 4687 272 4744 est,
287 4679 383 4736 similis
394 4681 447 4737 lllio
460 4683 578 4739 hominis
589 4684 765 4756 exstingneus
775 4684 913 4742 fornacem
926 4686 1005 4757 ignis,
1057 4684 1156 4750 odoris,
1177 4684 1277 4755 lapides
1301 4683 1444 4755 onpcltluoa
1469 4693 1493 4738 et
1508 4699 1624 4754 pommus
1648 4683 1683 4738 ud
1696 4683 1847 4738 ornandam

217 4770 431 4827 stabilimentum
446 4773 555 4843 pedum,
573 4774 780 4831 laudamentum
807 4790 895 4845 aqum,
912 4776 939 4831 iu
953 4791 1007 4847 quo
1055 4777 1140 4849 ephod
1165 4793 1196 4832 oc
1220 4775 1371 4831 rationale:
1394 4775 1542 4846 [scientque
1559 4774 1623 4829 ιιιίιιι·
1642 4774 1849 4830 cantuariam:

215 4861 356 4936 plenitudo
369 4861 520 4919 diuinitatis
537 4865 643 4921 inabitat
667 4865 855 4936 corporaliter.
884 4868 1007 4926 Basillom
1055 4880 1078 4922 et
1090 4867 1214 4923 tabitudo
1228 4869 1255 4921 in
1266 4867 1354 4921 medio
1366 4883 1457 4922 sorum
1472 4866 1576 4938 (liin).
1589 4866 1692 4922 Cuncta
1704 4865 1773 4930 bue,
1785 4881 1849 4936 qum

215 4956 294 5030 prius
306 4955 472 5012 vocabantur
487 4972 582 5028 rapum
599 4958 762 5024 habitacula,
779 4960 851 5017 uude
865 4969 893 5016 et
905 4977 1004 5018 nomm
1058 4960 1188 5017 bominum
1198 4959 1277 5015 sibia
1293 4958 1383 5030 priore
1394 4959 1492 5030 populo
1509 4959 1544 5014 ad
1558 4957 1709 5015 laciendum
1722 4967 1850 5013 sancum-

218 5045 329 5102 babeut.
348 5045 416 5104 Nam
428 5045 546 5103 basileus
558 5062 616 5115 rex,
644 5055 672 5103 et
689 5047 809 5104 basilicae
825 5050 907 5122 reglau
925 5051 1004 5106 habi-
1059 5053 1129 5108 rium
1147 5051 1325 5107 matemaliter
1337 5050 1428 5107 offerri
1440 5052 1578 5121 pracepit,
1597 5065 1648 5107 nos
1663 5057 1784 5121 qums,
1798 5052 1848 5121 qui

218 5138 342 5195 tationes.
357 5138 435 5195 Nunc
459 5147 550 5196 auum
575 5140 637 5196 ideo
657 5139 748 5213 diuina
775 5140 872 5210 templa
888 5141 1005 5198 mallim
1058 5141 1195 5212 spiritahs
1215 5139 1262 5198 lilii
1283 5139 1375 5206 lsrael,
1390 5140 1417 5195 id
1434 5149 1487 5205 est,
1511 5139 1663 5195 imitatores
1685 5138 1792 5194 Domini
1806 5139 1850 5194 ri-

217 5232 402 5299 uoruinautur,
415 5232 479 5303 quia
493 5231 531 5287 ἰιι
543 5232 600 5303 regi
613 5232 733 5288 omnium
745 5232 802 5288 Deo
813 5231 901 5288 cuitus
914 5241 942 5288 el
958 5248 1003 5288 sa·
1061 5239 1155 5294 dentes
1168 5235 1258 5307 populi
1274 5250 1334 5291 esse
1355 5233 1550 5297 desideramus,
1564 5231 1678 5302 spiritali
1694 5231 1850 5303 intelligen-

216 5322 319 5379 erillcia
331 5321 492 5380 offeruntur.
507 5321 670 5395 Martyrium
681 5322 759 5378 locus
772 5322 897 5393 martyrii
909 5322 1004 5379 Groeea
1060 5328 1098 5383 tia
1116 5328 1244 5384 debemus
1260 5325 1368 5381 offerre.
1385 5325 1434 5383 Cui
1448 5325 1572 5380 uidelicet
1585 5341 1681 5379 aarum
1692 5322 1847 5394 offerimus,

132 5459 142 5480 ,
217 5414 386 5472 derivatione
396 5430 431 5472 eo
443 5415 516 5486 quod
531 5415 560 5471 in
577 5415 736 5472 memoriam
751 5416 880 5486 martyris
893 5415 929 5472 sit
940 5431 1005 5472 con·
1055 5434 1118 5476 cum
1130 5417 1256 5475 narnate
1266 5425 1336 5474 reru
1346 5417 1497 5488 sapientire,
1512 5431 1572 5486 qum
1588 5422 1632 5472 est
1648 5416 1675 5472 iu
1689 5415 1741 5470 ilde
1753 5426 1846 5484 reeta,

217 5514 362 5574 structum,
391 5507 435 5563 uel
462 5508 535 5581 quod
559 5509 683 5580 sepulcra
708 5516 864 5566 sauctorum
889 5508 927 5564 ibi
950 5510 1006 5565 siut
1056 5506 1279 5579 resplendemus;
1295 5517 1443 5576 arpentum,
1458 5522 1520 5562 cum
1544 5514 1573 5562 at
1596 5520 1645 5563 ore
1668 5513 1848 5564 nostrumn-

219 5581 380 5668 uunyrum,
392 5597 475 5654 hrum
493 5599 602 5669 puidam
630 5609 753 5657 arcuatam
781 5601 919 5667 dixerunt,
933 5599 1005 5669 quod
1056 5593 1138 5652 lessio
1163 5595 1191 5650 llt
1206 5593 1240 5649 ad
1267 5594 1397 5661 adunam
1416 5612 1462 5661 us,
1487 5611 1551 5652 eum
1562 5595 1684 5652 eamdem
1698 5594 1781 5654 tuem
1793 5612 1848 5668 pu-

219 5684 258 5767 ibl
272 5687 516 5747 incensariuimae
531 5691 719 5765 mucant3alii
735 5707 797 5749 aras
810 5692 902 5749 dicunt
915 5707 929 5746 a
942 5705 1004 5761 pre·
1057 5687 1133 5745 blica‘
1151 5687 1343 5758 praedicatione
1369 5686 1507 5759 divulgare
1532 5688 1707 5760 prudentum
1734 5686 1850 5759 ἅμαε-
