4042 6200
262 280 314 338 tit

602 282 633 335 tt.
652 277 783 336 muttit
799 279 908 337 ttnbm
927 280 1086 336 necuter.
1107 281 1259 337 mouent.
1280 282 1422 339 brunon
1441 280 1532 341 etus
1547 283 1578 340 ll.

1845 293 1901 353 lii

264 418 274 452 ι
287 397 339 467 Qui
355 394 548 467 rempublicam
560 393 662 451 sairam
674 394 733 449 uult
750 408 822 459 esre,
838 406 881 448 nte
893 400 1031 463 sequntur.
1044 409 1053 441 r
1070 388 1202 451 Adonai
1214 389 1435 456 leudenensis
1452 392 1616 449 beonnam:
1636 399 1682 467 qai
1706 400 1800 456 tannia
1813 400 1905 459 bens

260 487 429 557 Coniuratio,
440 501 501 556 quas
510 485 541 540 tit
553 486 579 539 ia
593 485 720 551 tumultu,
732 484 841 555 quando
851 484 969 539 ricinum
980 484 1057 538 urbis

259 577 410 650 periculum
424 576 546 646 singulos
553 576 648 647 jurare
661 591 715 631 non
736 575 857 645 patitur:
881 574 928 629 scd
944 583 1056 643 repente

260 669 398 739 roll'gitur
412 666 568 731 multitudo,
584 675 613 722 ει
627 665 792 721 tumultuosa
810 665 836 719 in
850 664 890 719 ira
900 662 1054 719 conflatur:

259 760 316 815 btcc
329 770 357 815 et
373 758 543 814 tumultuatio
558 757 667 813 dicitur.
687 756 715 811 ln
737 757 795 813 acie
814 765 905 812 utitem
925 757 984 811 istm
998 756 1056 810 lere

259 851 353 906 lorrnae
366 859 429 907 sum
442 869 449 905 ι
464 848 731 913 exercitandarum,
752 848 849 912 notlttS,
863 861 975 911 currens,
994 847 1054 910 alm,

258 958 370 1007 corrtua,
397 957 514 1013 agntcn:
544 957 604 1010 qum
635 940 737 995 fortnas
758 948 787 995 et
808 940 917 994 noritina
940 939 974 994 ab
990 939 1055 1009 ipsis

258 1037 348 1102 rebus,
367 1035 515 1105 dequibus
536 1034 667 1089 translata
689 1041 763 1099 snttt,
785 1042 953 1088 mutuantur.
972 1032 1053 1088 Acies

256 1125 338 1187 dicta,
353 1123 416 1194 quia
428 1122 617 1178 lerroarmata
636 1123 672 1177 sit
692 1130 720 1177 et
742 1123 867 1178 acumine
890 1122 1051 1193 gladiorum.

258 1212 400 1273 Exercitus
417 1213 562 1268 multitudo
575 1228 608 1267 er
624 1229 679 1267 uno
698 1228 798 1283 genere
811 1212 847 1266 ab
858 1213 1053 1268 exercitatione

254 1311 361 1359 uocata.
377 1301 486 1359 Cuneus
499 1312 542 1359 cst
555 1303 670 1359 collecta
689 1304 718 1358 ia
730 1319 813 1358 unum
826 1303 942 1359 militum
958 1303 1051 1358 irruiti-

255 1394 339 1460 tudo;
354 1394 427 1451 unde
444 1394 638 1466 propterquod
660 1392 688 1449 in
704 1409 786 1448 urium
809 1393 875 1459 coit,
898 1394 955 1465 ipsa
969 1394 1052 1449 coitio

254 1486 283 1541 iu
311 1501 395 1540 unum
423 1500 524 1540 cuneus
549 1483 705 1539 nominatus
727 1492 780 1549 cst,
803 1483 881 1554 quasi
909 1497 1048 1547 corrncus;

253 1579 316 1648 qnia
329 1578 355 1631 in
369 1592 452 1632 unum
464 1591 559 1631 ourrtes
572 1582 715 1647 coguntur.
727 1573 835 1630 Classes
848 1574 927 1629 tlictco
939 1584 1051 1645 propter

252 1668 412 1723 diuisionem
426 1667 572 1731 exereitus,
591 1680 672 1735 quarn
690 1663 822 1720 Romulus
838 1663 964 1719 instituit.
980 1663 1048 1718 Nam

1107 495 1181 551 num,
1201 478 1342 535 benedicite
1354 480 1496 537 dominum
1520 478 1606 556 (Paul.
1618 488 1740 559 cxxxiv).
1754 487 1905 562 Postquam

1105 570 1246 640 gentilium
1268 571 1412 628 simulacra
1426 574 1531 640 derisit,
1550 575 1577 630 in
1602 577 1683 633 tertio
1705 579 1827 651 ingressu
1841 583 1905 640 lau-

1106 660 1154 716 des
1168 661 1324 718 Dominicas
1335 673 1493 719 sanctornm
1508 666 1573 721 dicit
1586 683 1634 723 ore
1646 669 1839 740 celebrandas3
1854 676 1906 733 scd

1105 750 1132 805 in
1149 750 1192 807 bis
1203 751 1310 809 duobus
1323 754 1447 809 versibus
1460 771 1508 824 per
1520 755 1607 812 ollicia
1620 758 1726 816 nivern
1746 761 1906 821 discurrens

1104 845 1242 910 admonet,
1266 853 1296 900 ut
1309 859 1375 900 rero
1388 845 1503 902 Domino
1515 847 1574 904 laus
1594 849 1712 906 fidelium
1729 853 1826 911 debeat
1837 872 1905 928 per·

1104 949 1213 990 souare.
1237 932 1267 989 lo
1290 934 1372 990 lsrael
1394 936 1485 992 omnis
1498 939 1608 1009 ponitur
1625 942 1727 1010 iustus,
1749 944 1795 1015 qui
1810 946 1905 1003 diruta

1103 1024 1333 1095 oorrtcmplatione
1362 1027 1536 1099 gratulatur,
1563 1046 1632 1100 quos
1656 1044 1749 1103 postea
1778 1049 1907 1095 nttruerat

1102 1115 1267 1185 specialiter.
1290 1116 1320 1171 la
1335 1118 1426 1173 aaron
1445 1119 1519 1174 enim
1541 1124 1706 1181 sacerdotes.
1725 1124 1753 1182 ln
1773 1126 1837 1184 Levi
1859 1145 1907 1185 rc-

1103 1205 1168 1277 liqui
1185 1208 1312 1264 ministri.
1327 1211 1368 1265 Ad
1390 1220 1569 1281 postremum,
1590 1216 1636 1286 qui
1659 1217 1773 1275 Domino
1791 1220 1816 1276 in
1832 1237 1905 1292 ‹pta-

1102 1298 1168 1355 libct
1180 1301 1312 1371 probabili
1329 1304 1537 1360 conversatione
1555 1304 1738 1363 famulantur:
1754 1311 1795 1366 sic
1810 1314 1904 1369 oruruis

1101 1393 1216 1462 populus
1229 1409 1279 1463 per
1293 1396 1415 1450 diuersas
1438 1406 1529 1466 partes
1545 1399 1659 1454 deuotus
1681 1401 1823 1458 [lentinum
1840 1403 1902 1458 latr·

1101 1484 1166 1539 dare
1180 1485 1346 1556 parcipitur.
1368 1486 1489 1543 Gerrusa
1510 1490 1643 1560 gignendo
1656 1502 1683 1548 et
1696 1497 1904 1566 progenerando

1101 1576 1214 1639 dictum,
1231 1585 1278 1630 aut
1300 1592 1315 1631 a
1343 1577 1500 1633 delinitione
1523 1589 1661 1635 cortonam
1685 1594 1901 1654 prognatonmr:

1101 1672 1278 1742 nationesque
1292 1674 1409 1743 propriis
1423 1675 1628 1745 cognationibus
1642 1679 1794 1733 terminare
1805 1691 1903 1750 gentes

251 1757 338 1813 claein
358 1756 446 1812 Greci
471 1755 591 1810 diuidere
624 1754 734 1818 dicunt,
761 1753 808 1824 qui
832 1762 896 1822 post
918 1754 1048 1825 manipuli
1064 1738 1086 1798 Β
1101 1760 1280 1831 appellantur.
1297 1762 1416 1833 Populus
1431 1765 1707 1822 cstcoetushumance
1719 1768 1904 1826 multitudinis

251 1848 316 1903 dicti
335 1856 409 1913 sunu,
421 1847 492 1902 undc
501 1856 529 1902 ct
542 1844 689 1917 Virgilius:

311 1947 431 2000 elassibus
444 1948 484 1996 bic
495 1948 570 2005 locus,
580 1947 618 1995 lnc
631 1947 698 1996 acies
707 1952 805 1998 certare
815 1946 936 2000 solebant.

1096 1851 1166 1920 juris
1178 1867 1311 1909 consensu
1324 1862 1353 1909 ct
1365 1855 1492 1913 concordi
1504 1858 1694 1914 communnione
1703 1859 1833 1914 sociatus.
1848 1860 1904 1915 l‘o-

1098 1942 1177 2011 pnlns
1189 1955 1280 1998 autem
1290 1944 1318 1998 in
1330 1958 1362 1997 eo
1373 1946 1456 2001 distat
1467 1960 1484 2001 a
1496 1946 1629 2017 plebibus,
1641 1949 1704 2018 quia
1713 1950 1829 2021 populns
1838 1952 1903 2007 nru-

250 2046 308 2099 qu
338 2048 431 2108 ponpa
450 2048 478 2094 er
505 2039 601 2094 classis
626 2039 734 2095 navium
757 2040 840 2095 nicta,
868 2041 959 2096 Nonus
984 2058 1048 2112 pm.
1098 2033 1169 2087 uersi
1184 2033 1258 2088 ciues
1270 2043 1344 2098 sant,
1362 2040 1565 2093 connumeratis
1582 2039 1743 2095 certioribus.
1755 2039 1836 2095 Plebs
1848 2057 1901 2096 an·

216 2200 221 2207 ,
249 2130 309 2199 prio
322 2130 405 2185 densa
419 2132 539 2199 pcdinnu
554 2129 708 2194 multitudo,
722 2130 793 2186 sicut
809 2133 929 2200 equitum
946 2142 1044 2187 turnta.
1098 2126 1294 2196 tenrctiquun
1307 2127 1467 2199 vulgussine
1478 2130 1630 2186 senioribus
1641 2130 1769 2187 civitatis.
1780 2131 1903 2203 Populus

249 2221 341 2275 dodras
360 2220 432 2275 euim
451 2220 539 2275 dictus
560 2236 611 2290 pro
634 2218 801 2286 dillicultate,
817 2221 880 2290 quia
901 2223 946 2276 rix
961 2222 1046 2292 possit
1097 2231 1162 2286 crgo
1187 2226 1243 2273 tota
1258 2220 1354 2273 cirins
1366 2231 1428 2274 est:
1454 2219 1548 2290 vulgus
1569 2236 1635 2276 rero
1655 2221 1732 2292 plebs
1743 2231 1805 2290 cst:
1820 2224 1901 2295 plebs

249 2311 359 2366 resolui.
374 2310 431 2366 Alrc
448 2311 473 2364 in
486 2311 605 2365 exercitu
620 2310 729 2381 triginta
747 2312 853 2379 equites
874 2328 934 2367 csse
949 2313 1045 2367 dicun-
1095 2318 1187 2364 aarum
1200 2311 1271 2365 dicta
1286 2327 1301 2365 a
1316 2311 1478 2381 pluralitate.
1504 2311 1589 2380 llaJ'or
1609 2313 1681 2368 enim
1704 2321 1746 2369 est
1765 2329 1901 2372 numerus

248 2411 299 2457 tur.
316 2401 372 2456 ata
384 2410 474 2456 alitent
486 2401 592 2471 equites
606 2402 640 2455 ab
655 2402 706 2457 boc
717 2402 794 2467 dicti,
811 2404 873 2473 qnia
888 2412 982 2475 tegunt
997 2419 1045 2475 pc·
1092 2397 1231 2466 juniorum
1247 2416 1328 2470 quarn
1340 2401 1487 2465 seniorum,
1500 2417 1551 2472 apo
1564 2402 1682 2472 tepolis,
1696 2402 1723 2459 id
1737 2404 1901 2470 concinitas

246 2491 340 2556 ilites,
369 2491 473 2545 alarum
501 2490 569 2546 rice.
600 2489 707 2545 Cornua
734 2490 861 2547 dicuntur
886 2494 1046 2551 extremitas
1096 2489 1305 2559 velbluralilsss·
1331 2489 1409 2547 Unde
1435 2500 1463 2545 el
1484 2491 1599 2562 populus
1622 2491 1710 2548 dicius
1724 2492 1902 2550 esttilraece

247 2587 393 2651 exercitus,
408 2586 471 2656 qu'm
496 2586 596 2640 intorta
621 2585 666 2639 sit.
685 2583 789 2655 dgmen
808 2585 917 2648 dicitur,
939 2585 1001 2654 qnia
1018 2586 1045 2640 io
1095 2588 1186 2634 atatem
1202 2580 1316 2650 populus
1337 2579 1395 2635 laos
1416 2580 1548 2635 dicitura
1571 2579 1715 2650 lapidibus.
1738 2579 1902 2653 Vulgusest

246 2674 414 2746 longitudine
429 2675 572 2743 directum,
591 2672 671 2743 quale
691 2672 760 2728 solet
783 2688 856 2737 esse,
879 2690 940 2729 cum
963 2690 1045 2730 crer—
1094 2670 1195 2741 passim
1210 2665 1365 2727 inbabitaus
1376 2671 1528 2736 multitudo,
1543 2672 1620 2743 quasi
1635 2671 1749 2744 quisque
1762 2675 1898 2744 qnorult.

245 2762 316 2820 citus
328 2764 380 2821 iter
397 2763 471 2829 iacit,
490 2764 525 2819 ab
545 2763 649 2834 agendo
663 2772 800 2828 uocatum,
826 2764 852 2818 id
871 2773 922 2829 cst,
943 2766 1042 2820 eundo.
1092 2759 1189 2833 Populi
1201 2770 1291 2816 autem
1305 2776 1403 2817 nomeu
1419 2762 1445 2816 in
1458 2761 1605 2834 Scripturis
1620 2763 1707 2819 sacris
1721 2772 1767 2819 aut
1785 2774 1898 2836 gentem

246 2856 376 2911 Plautus:
391 2873 442 2926 qno
455 2865 479 2909 te
494 2857 550 2926 opis
562 2866 585 2910 et
598 2856 662 2927 ipse,
673 2865 715 2911 est
729 2864 819 2912 autern
834 2857 970 2911 exercitus
983 2873 1042 2912 ann·
1092 2849 1249 2907 ludaeorum
1262 2850 1396 2922 significat
1412 2852 1492 2907 nnius
1508 2853 1555 2908 Ilei
1570 2852 1643 2908 cultu
1660 2854 1851 2925 mancipatam,
1867 2866 1900 2910 ct

180 2974 185 2983 ·
250 2947 359 3003 balans.
380 2948 446 3001 barn
471 2961 567 3017 agmen
591 2947 703 3013 dicitur,
727 2946 799 3017 quod
823 2947 849 3002 ia
875 2947 1042 3019 longitudine
1093 2939 1601 3012 lOSlSDOffllflllllaeclllllSllSlllll'laffl
1617 2959 1624 3009 3
1641 2944 1682 3000 rel
1707 2945 1790 3000 illam
1813 2945 1900 3001 Chri·

249 3040 381 3095 directam
396 3040 442 3106 sit,
460 3040 540 3110 quale
555 3039 624 3095 solet
641 3054 713 3104 esse,
732 3056 794 3095 curn
807 3041 944 3096 exercitus
956 3041 1042 3112 portis
1066 3104 1076 3121 Ἴ
1094 3032 1213 3087 Silanum
1222 3032 1361 3104 populum,
1373 3034 1419 3104 (illl
1434 3033 1519 3106 ¹¹¹³ng
1531 3034 1585 3089 [leo
1597 3034 1710 3090 devotm
1721 3049 1782 3090 esse
1794 3035 1897 3106 digito·

244 3131 384 3201 procedit;
412 3131 543 3201 quidquid
568 3130 650 3185 suerit
675 3130 758 3196 aliud,
790 3131 901 3187 abusive
929 3132 1037 3187 dicitur.
1055 3108 1077 3164 (Α
1093 3127 1188 3182 scitur.
1204 3125 1281 3200 Unde
1295 3126 1321 3181 in
1345 3126 1449 3195 psalmo
1472 3127 1603 3196 scripturn
1616 3136 1681 3182 est:
1710 3126 1808 3184 Scitote
1821 3129 1897 3200 quod

247 3221 344 3277 tillires
359 3230 449 3277 atttcm
463 3220 565 3277 Cirristi
590 3221 627 3276 illi
642 3236 703 3277 esse
724 3221 861 3288 dicuutur,
885 3222 930 3292 qui
945 3235 1040 3279 cotnra

243 3311 380 3366 diabolum
392 3319 523 3382 pugnant,
537 3320 566 3366 ct
577 3311 749 3366 cantuaritis
763 3310 869 3367 sortiter
888 3312 1037 3368 dimicant:

242 3406 341 3475 quibus
355 3419 417 3460 oum
432 3408 681 3460 consummaverint
693 3411 720 3457 et
734 3403 902 3473 expleverint
924 3419 1038 3475 agonem

242 3510 332 3559 sutram,
358 3510 413 3549 non
438 3508 544 3550 merces
569 3501 686 3554 terrena,
716 3495 763 3549 scd
789 3494 844 3548 rita
869 3495 1039 3564 promittitur

241 3597 353 3641 aterna.
381 3584 450 3640 Nam
475 3585 509 3641 de
534 3585 632 3642 talibus
654 3584 800 3655 rlpmtolus
823 3586 858 3640 ad
881 3584 1038 3641 Corinthios

241 3677 360 3748 scripsit,
374 3675 488 3732 dicens:
504 3675 537 3730 ln
551 3693 630 3731 carne
645 3678 715 3730 enim
735 3675 911 3742 ontrlulontcr,
927 3693 979 3732 non
994 3694 1036 3731 se-

241 3769 356 3825 oundunt
368 3784 473 3823 cornera
484 3768 637 3824 militamur.
656 3767 727 3822 Num
738 3785 814 3824 orcita
827 3768 928 3823 militie·
941 3780 1037 3825 nostre

241 3875 294 3914 nort
306 3857 436 3923 curculio,
448 3857 494 3913 ard
503 3858 618 3929 potentin
633 3857 688 3912 ileo
707 3857 741 3911 od
757 3858 970 3925 destructionem,
982 3859 1035 3913 iai·

240 3952 367 4005 micorum
380 3949 490 4005 coneilio
512 3948 683 4013 destruentes,
702 3956 726 4002 et
747 3963 849 4001 enarrent
870 3947 1035 4002 altitudinem

239 4039 404 4094 extollentem
417 4055 445 4094 ae
465 4038 589 4093 aduersus
611 4037 749 4092 scientium
771 4035 831 4100 Dei,
844 4045 868 4090 et
882 4036 910 4091 in
923 4038 1035 4107 captiui·

241 4139 321 4184 tutem
348 4130 491 4200 redigentes
516 4144 618 4185 onlnem
643 4126 804 4182 intellectum
829 4125 857 4181 ιιι
883 4127 1035 4200 obsequium

240 4219 338 4275 Christi
363 4221 424 4275 etin
446 4231 567 4293 promptu
582 4219 705 4280 bubernet
717 4217 809 4275 ulcisci
822 4234 925 4273 omnum
945 4219 1035 4274 inole-

239 4311 365 4367 diautiom
375 4305 419 4371 lli
433 4311 494 4368 Cor.
507 4308 547 4381 a).

547 4401 662 4461 curat
681 4404 725 4459 tt.

553 4494 593 4550 ile
610 4495 718 4550 ciuibus.

276 4585 314 4643 lle
332 4586 464 4657 imperiis,
477 4586 634 4657 militiaeque
647 4585 786 4642 vocabulis
800 4601 832 4642 ex
844 4595 921 4656 parte
932 4585 1032 4641 dictum

238 4688 290 4735 cst.
307 4678 437 4747 Deitroeps
450 4679 550 4734 ciuium
564 4678 674 4733 rramioa
695 4678 852 4734 surannatirn
871 4678 1031 4750 subigimus

239 4772 319 4828 Ciues
336 4771 434 4836 vocati,
450 4759 522 4840 quod
536 4769 563 4824 in
579 4785 661 4824 unum
673 4778 803 4824 cocurrtes
816 4770 920 4835 viram,
935 4779 966 4825 ut
979 4770 1032 4824 rita

238 4866 390 4923 oontmunis
414 4871 442 4920 et
465 4863 589 4919 ornatior
611 4861 918 4918 toretmundum
941 4872 1032 4919 autem

237 4959 353 5030 mystioe
368 4955 396 5011 ia
414 4956 513 5011 ιιοιιειιι
533 4963 639 5025 partem
660 4962 807 5023 ponuntur,
822 4962 907 5009 otest
928 4953 1032 5011 illudio

236 5049 385 5123 Apostolo:
408 5048 459 5104 Vos
478 5057 566 5103 nutam
579 5047 640 5103 ertia
654 5047 721 5103 circe
733 5057 894 5115 tunctorum,
910 5059 932 5104 et
943 5049 1035 5106 doare-

236 5145 296 5200 ctici
310 5143 360 5200 Dei
375 5142 483 5214 (Eulaeo.
495 5142 537 5214 tt).
553 5142 619 5197 ltem
634 5141 659 5197 in
679 5142 777 5197 malam
792 5151 908 5214 partem,
924 5144 1034 5215 quaudo

236 5237 271 5292 ad
284 5233 459 5320 Bnb'gbniam
481 5233 642 5306 spiritalem,
667 5234 719 5289 boc
732 5242 784 5301 est,
807 5233 835 5289 in
857 5243 963 5305 partem
976 5234 1033 5290 dia·

236 5323 291 5381 boli
304 5328 479 5396 deputantur.
498 5326 598 5382 bornus
613 5325 693 5380 unius
715 5322 824 5381 iamiliae
845 5325 1029 5383 babitaculum

237 5423 289 5480 ast,
300 5416 372 5472 sicut
382 5417 446 5473 urbs
460 5418 541 5473 nnius
554 5416 645 5488 populi
658 5433 665 5471 ε
682 5415 753 5474 sicut
766 5416 850 5483 orbis,
862 5418 1029 5474 domicilium

237 5507 320 5563 nnius
342 5509 600 5578 generationum:
630 5518 673 5565 est
698 5517 788 5565 autem
812 5512 908 5566 domus
934 5525 1028 5580 genus.

237 5596 315 5652 Utrde
328 5598 355 5652 in
376 5598 479 5666 psalmo
501 5599 632 5669 scriptum
653 5607 713 5655 est:
729 5599 829 5654 Domus
846 5599 1029 5660 lrrneldcnc·

239 5686 316 5743 dicite
330 5686 471 5740 lloarinrnu
484 5703 492 5741 :
505 5690 598 5744 donans
612 5690 853 5752 doromlcncdicitc
867 5688 1026 5743 Dotttinnm:

1091 3218 1219 3275 Dominus
1232 3229 1269 3274 eat
1284 3219 1354 3274 [lena
1367 3233 1376 3271 .·
1390 3222 1445 3290 ipae
1466 3220 1526 3291 {ecit
1553 3237 1609 3286 nos,
1630 3229 1654 3276 et
1673 3238 1726 3275 non
1748 3223 1799 3292 ipsi
1823 3241 1897 3281 noa:

1090 3327 1136 3364 nos
1148 3323 1235 3365 entem
1256 3313 1368 3382 papirius
1389 3322 1413 3365 ct
1427 3328 1485 3367 aare
1505 3329 1611 3383 pascue
1630 3311 1687 3382 rjais
1703 3313 1789 3385 (Psoi.
1805 3319 1896 3387 xcix).

1090 3400 1304 3472 Naru‚quamris
1326 3402 1475 3458 nativitatis
1493 3413 1594 3458 nostre
1616 3404 1797 3460 ruinisteriunt
1823 3423 1896 3477 pne·

1090 3494 1154 3548 beat
1168 3493 1285 3549 cantualis
1299 3493 1421 3564 operatio
1435 3536 1444 3564 ‚
1458 3504 1546 3549 tamen
1567 3495 1611 3551 ille
1627 3495 1653 3550 in
1671 3496 1744 3552 bunc
1756 3500 1892 3555 tironium

1089 3597 1140 3638 uos
1153 3582 1284 3654 probatur
1298 3584 1439 3646 adducere,
1456 3585 1502 3652 qtti
1515 3597 1612 3639 cttrrcta
1628 3584 1692 3640 lecit
1711 3587 1746 3641 ad
1767 3587 1893 3642 existen·

1090 3676 1158 3731 tiam
1171 3677 1324 3747 peruenire.
1349 3675 1497 3746 Sequitur:
1520 3676 1575 3732 lios
1590 3685 1676 3731 autem
1695 3677 1808 3748 populna
1821 3679 1891 3750 ejus,

1088 3778 1112 3822 et
1123 3784 1182 3822 ones
1193 3784 1299 3839 pascuo
1320 3768 1387 3838 ojus.
1411 3767 1492 3822 Vetuit
1513 3768 1547 3822 ad
1571 3769 1700 3840 populum
1721 3768 1829 3825 fidelem
1842 3785 1894 3841 per

1088 3858 1306 3927 comparationes
1323 3858 1541 3928 pntcueninns:
1562 3860 1627 3929 quid
1644 3859 1707 3923 sint,
1730 3863 1892 3926 ostendens,

1087 3963 1163 4015 ores,
1178 3951 1243 4018 quia
1257 3949 1393 4021 simplices
1407 3960 1480 4016 strat,
1493 3958 1521 4005 et
1542 3950 1604 4020 ipsc,
1623 3965 1717 4006 eonrm
1740 3960 1837 4022 pastor
1848 3962 1893 4008 cst

1088 4052 1186 4094 rerus:
1202 4055 1307 4109 pascito·
1320 4038 1388 4109 cirta,
1404 4039 1496 4106 idest,
1511 4041 1662 4096 diuinarum
1681 4039 1890 4113 Scriptnrnrunt

1087 4131 1337 4203 copiosactdulcis
1351 4131 1480 4201 epulatio.
1507 4132 1567 4203 lpsa
1590 4141 1653 4188 sunt
1677 4133 1749 4188 enim
1775 4149 1888 4204 pascua,

1086 4222 1186 4294 quibus
1202 4220 1288 4277 fiacus
1305 4222 1397 4277 attitna
1416 4224 1594 4294 saginaturet
1613 4223 1646 4277 ad
1661 4222 1758 4278 suturae
1771 4225 1890 4279 beatitat-

1086 4313 1157 4368 diuis
1170 4328 1276 4368 amoerra
1297 4314 1464 4383 perducitur.
1489 4312 1588 4369 Tribus
1606 4314 1742 4380 dicuntur,
1757 4323 1887 4386 tauquam

1086 4405 1168 4459 curiae
1192 4413 1219 4460 et
1246 4406 1471 4475 congregationes
1497 4405 1631 4460 distinctu
1654 4404 1835 4476 populorum:
1860 4415 1889 4461 et

1048 4481 1188 4551 Dromtm
1202 4495 1299 4562 tribus,
1314 4497 1385 4566 quod
1408 4496 1434 4549 in
1458 4495 1590 4566 principio
1614 4496 1729 4551 llonrani
1753 4496 1886 4554 trilirrica

1087 4586 1203 4642 llornulo
1217 4587 1350 4657 dispertiti
1366 4605 1372 4640 :
1389 4588 1416 4641 in
1439 4589 1621 4652 senatoribus,
1637 4581 1768 4644 mililibus
1781 4597 1810 4643 ct
1829 4590 1887 4659 ple·

1087 4679 1176 4745 bibus,
1190 4697 1252 4751 qum
1270 4689 1359 4735 tanton
1380 4680 1467 4735 tribus
1488 4697 1561 4736 nunc
1576 4679 1762 4752 multiplicata:
1784 4698 1883 4738 unomen

1087 4771 1230 4843 pristinum
1246 4773 1374 4828 retinent.
1390 4770 1488 4829 Tribus
1511 4773 1635 4830 similitor
1653 4777 1767 4848 mystice
1781 4775 1884 4848 signib-

1086 4873 1150 4920 cant
1161 4871 1209 4919 aut
1219 4862 1360 4918 duodecim
1372 4865 1456 4920 tribus
1472 4864 1610 4921 lsraelitici
1625 4867 1743 4938 generis,
1761 4877 1810 4921 aut
1820 4883 1886 4922 oon·

1086 4953 1219 5010 venticula
1233 4962 1389 5010 sanctonum
1404 4955 1430 5009 in
1446 4954 1576 5010 Ecclesia.
1591 4954 1659 5010 Nam
1670 4971 1731 5012 cum
1752 4956 1786 5013 dc
1805 4956 1883 5013 lent·

1085 5045 1169 5101 salem
1183 5046 1297 5116 mystica
1313 5046 1443 5117 propbeta
1453 5056 1659 5112 commemoret,
1670 5046 1793 5102 addidit:
1813 5048 1882 5102 illuc

1083 5137 1335 5192 eninunscendernnt
1355 5138 1448 5202 tribur,
1461 5137 1545 5193 tribua
1564 5136 1681 5204 Domini,
1701 5139 1881 5193 testimonium

1084 5228 1169 5283 lsrael
1195 5230 1229 5283 ud
1249 5229 1425 5298 cettfitendum
1453 5229 1553 5283 nomini
1577 5240 1638 5295 tuo,
1661 5227 1774 5284 Ilontlne
1793 5227 1879 5301 (Ptol.

1084 5321 1171 5390 onst).
1197 5319 1327 5384 Dicendo,
1356 5318 1430 5383 illuc,
1457 5318 1592 5391 siguificat
1616 5318 1753 5374 ciuitatem
1771 5315 1882 5372 lentsa-

1081 5412 1146 5479 lern,
1161 5428 1241 5482 quarn
1259 5411 1384 5482 superius
1397 5411 1485 5466 dixit:
1503 5411 1579 5483 cujus
1595 5410 1762 5481 participatio
1781 5411 1841 5481 ejrrr
1852 5409 1882 5463 in

1080 5501 1312 5574 intimandnm),
1337 5510 1365 5557 ot
1389 5511 1419 5556 ut
1445 5501 1582 5558 coelestcrn
1606 5517 1667 5558 esse
1690 5517 1882 5573 cognosceres,

1081 5596 1194 5662 adrlidit,
1208 5595 1402 5650 oseettdernnt:
1426 5594 1459 5649 ad
1480 5611 1562 5665 quam
1577 5595 1647 5651 beati
1662 5607 1770 5665 semper
1784 5610 1884 5651 ascea-

1080 5689 1156 5751 dunt,
1171 5687 1301 5758 quoniam
1323 5686 1380 5759 jugi
1405 5688 1599 5743 exercitatione
1625 5685 1790 5756 qtrobciuat:
1816 5689 1887 5744 sub·
