4042 6200
659 289 703 345 oe
722 285 896 345 UNll'ERSO
915 282 1004 341 ttttttt
1023 282 1104 339 lixit.
1123 315 1158 326 -
1177 284 1240 340 titt.
1263 283 1331 340 xlx.
1752 286 1805 343 tls

170 297 220 354 itt

168 437 213 477 eas
227 433 294 472 ιιιιιο
320 410 381 486 (ΙΙΙ
402 410 464 481 licq.
489 407 540 477 ml.
565 405 632 463 Auri
656 412 747 460 autern
769 403 878 458 lamiuae
900 413 961 470 qute
974 398 1001 458 Δ
1014 397 1086 453 ιιιιιΙε
1103 407 1147 453 εει
1162 397 1227 454 illud
1241 417 1247 455 :
1263 397 1336 454 Sicut
1347 398 1441 454 cedrus
1451 398 1568 455 excitata
1580 415 1638 454 sunt
1649 402 1677 455 in
1691 400 1804 467 Libano,

168 505 297 570 marmori
319 520 352 560 oc
366 500 464 559 tabulis
478 507 541 556 sunt
553 495 674 568 abiegnis
694 492 882 565 superposita,
904 490 962 561 ipsa
1013 503 1038 547 et
1051 495 1119 548 sicut
1134 509 1269 565 cppressns
1281 493 1308 548 in
1322 493 1453 547 montibus
1464 491 1582 547 llennon
1608 491 1703 566 (Eucti.
1718 494 1804 564 nur).

166 615 208 663 est
225 600 343 659 latitudo
358 594 501 653 eboritatis
516 591 550 648 de
564 589 646 648 corde
665 602 735 659 puro
749 593 779 641 et
795 580 962 639 conscientia
1013 583 1080 638 item
1099 597 1243 655 cypressus
1260 584 1406 654 prophetas
1418 582 1461 638 vel
1475 581 1646 653 patriarchas
1659 583 1701 637 uel
1713 583 1807 640 ducto·

167 700 237 753 bona
248 704 277 749 ει
291 692 344 747 bue
358 703 412 744 non
429 685 504 751 fleta,
522 699 584 755 quae
596 683 667 739 sicut
678 695 774 735 aurum
786 675 848 732 aliis
858 673 962 746 pretio·
1013 689 1058 731 res
1082 683 1191 730 sanctos
1212 674 1328 745 tlgurat;
1354 675 1426 730 unde
1449 673 1477 729 in
1501 673 1614 730 Cantico
1636 676 1805 731 canticorum

166 790 223 845 sius
246 794 290 842 εει
312 781 439 846 metallis,
462 778 500 832 ita
515 776 622 833 caeteris
642 773 759 829 eximior
770 768 917 826 virtutibus
935 767 962 821 in
1013 780 1112 834 sponsa
1126 765 1191 821 dicit
1206 780 1213 820 t
1230 764 1312 835 Tigna
1323 764 1461 819 domorum
1475 775 1622 819 nostrorum
1636 765 1753 831 cedrino,
1768 764 1807 819 in·

167 882 268 951 templo
292 879 339 933 Dei
361 873 491 947 singulari
514 872 574 926 luce
595 867 718 939 refulget.
739 866 807 920 ltem
829 863 856 918 in
881 862 962 918 aliam
1012 858 1122 929 quentin
1136 868 1225 912 nostro
1240 857 1389 927 cpprcssinn
1402 854 1490 928 (Eunt.
1508 856 1537 927 t).
1555 855 1639 927 Tigna
1656 865 1683 910 ει
1698 856 1807 927 laquea-

165 983 272 1046 partem
293 970 321 1024 in
341 965 474 1022 Zacharia
488 960 650 1033 significatio
662 956 759 1012 abietis
772 963 825 1018 est,
839 952 884 1007 ubi
896 950 963 1006 dici·
1014 951 1053 1005 ria
1076 952 1202 1006 doctores
1221 959 1284 1005 sunt
1303 950 1329 1004 in
1348 957 1442 1004 sancta
1459 948 1578 1003 Ecclesia
1591 958 1703 1018 pmpter
1721 948 1807 1002 mutui-

165 1073 230 1117 tur:
247 1058 342 1124 Ulnia,
354 1057 436 1120 abies,
449 1053 512 1125 quin
525 1049 617 1106 cecidit
630 1047 723 1103 cedros
737 1043 830 1117 (luch.
850 1041 899 1116 ιι).
912 1039 962 1096 Ce-
1013 1056 1074 1095 meu
1100 1049 1127 1095 ct
1151 1041 1279 1095 decorem
1302 1058 1309 1093 ε
1329 1038 1439 1094 cedrina
1456 1046 1484 1093 et
1507 1038 1674 1109 cypressina,
1696 1047 1808 1108 propter

165 1153 248 1213 drus,
270 1162 353 1219 quam
366 1143 452 1201 Grmci
477 1142 577 1197 cedron
587 1147 696 1203 vocant,
709 1135 787 1208 quasi
809 1134 963 1190 caiomenes
1013 1129 1128 1184 eximias
1139 1129 1254 1184 virtutes
1271 1144 1367 1184 eorum
1384 1137 1412 1184 et
1423 1128 1534 1184 odorem
1548 1129 1626 1183 bonae
1643 1127 1712 1183 vitat.
1727 1128 1806 1182 luni-

166 1243 251 1295 druos
276 1251 372 1308 ugmn,
396 1233 423 1288 id
438 1238 492 1298 est,
510 1229 617 1285 arboris
630 1229 727 1283 humor
737 1224 869 1287 ardentis,
885 1219 963 1290 cujus
1012 1237 1094 1292 perus
1107 1220 1201 1276 Graece
1220 1219 1303 1285 dicta,
1315 1219 1372 1274 sire
1385 1218 1501 1289 quudab
1512 1217 1604 1289 amplo
1619 1218 1645 1271 iu
1661 1224 1806 1289 angustum

171 1333 234 1389 lolia
245 1331 280 1385 ad
296 1326 417 1401 cypressi
440 1322 643 1380 similitudinem
658 1318 823 1389 respondent
839 1333 845 1370 :
859 1315 961 1386 lignum
1013 1315 1083 1381 litrit,
1095 1321 1126 1368 ιιι
1136 1313 1218 1383 ignis,
1227 1311 1362 1382 sirequud
1373 1317 1532 1380 conceptum
1544 1309 1589 1363 dio
1603 1315 1693 1362 teneat
1705 1307 1807 1378 ignem,

169 1419 356 1491 semiusundi
369 1415 461 1473 odoris
475 1420 532 1478 est,
546 1420 574 1468 et
593 1410 639 1466 diu
650 1410 765 1472 durans,
784 1422 835 1463 nee
854 1419 871 1460 a
891 1404 962 1460 tinea
1013 1408 1081 1462 adeo
1098 1415 1128 1460 ut
1146 1408 1168 1460 si
1195 1421 1289 1476 prunae
1312 1420 1346 1460 cx
1372 1401 1430 1473 ejus
1456 1404 1547 1458 cincre
1575 1400 1677 1456 suerint
1694 1413 1807 1472 opertm,

169 1528 290 1585 unquam
309 1507 516 1572 exterminatur,
534 1502 568 1559 de
582 1516 636 1572 quo
648 1498 759 1556 Persius
773 1515 780 1553 ε

407 1609 438 1660 Ει
449 1607 524 1657 cedro
535 1605 607 1666 digus
620 1603 723 1662 loeutus,

1013 1513 1098 1568 usque
1114 1496 1148 1552 ad
1161 1512 1262 1550 annum
1275 1495 1455 1567 perueniant:
1471 1510 1521 1566 pyr
1535 1494 1606 1549 euim
1617 1495 1687 1564 apud
1699 1493 1809 1549 Grmcos

1014 1589 1084 1661 ignis
1104 1589 1213 1644 dicitur.
1234 1588 1272 1641 lle
1287 1588 1338 1641 bac
1358 1586 1456 1640 arbore
1474 1585 1502 1639 in
1520 1584 1589 1639 libro
1611 1584 1661 1639 lob
1674 1585 1805 1655 seriptum

168 1697 274 1754 scilice!
293 1702 406 1765 imples
427 1687 576 1746 durabilem
600 1685 819 1758 pefbsslullblssffl-
845 1679 920 1735 Unde
934 1685 962 1733 tl
1012 1690 1074 1737 est:
1092 1679 1177 1735 natis
1184 1679 1368 1751 juniperorum
1379 1687 1435 1731 crat
1447 1678 1519 1731 ctum
1536 1693 1625 1732 eornnt
1640 1675 1712 1748 (tot.
1729 1677 1806 1746 xxx).

169 1790 197 1845 in
222 1786 331 1855 templis
355 1790 466 1854 propter
481 1776 690 1856 diuturnitatem
710 1790 743 1850 eb
767 1774 818 1827 hoe
832 1771 904 1842 Ιὶιιιιῡ
924 1769 963 1823 la·
976 1748 1000 1807 B
1013 1774 1102 1830 Arbor
1116 1787 1234 1845 namque
1248 1770 1367 1842 juniperi
1382 1784 1431 1841 pro
1442 1767 1514 1825 soliis
1525 1768 1686 1840 punctiones
1702 1769 1803 1824 habet:

169 1877 282 1949 queatis
299 1874 376 1930 liunt.
392 1869 478 1940 liujus
491 1866 556 1940 ligni
568 1866 658 1922 resina
673 1864 769 1919 cedrea
784 1862 892 1926 dicitur,
903 1873 962 1929 qum

171 1972 197 2025 in
209 1964 404 2025 conservandis
421 1961 498 2017 libris
510 1958 577 2014 adeo
591 1965 634 2013 εει
643 1955 726 2020 utilis,
741 1963 772 2008 ut
784 1951 873 2023 perliti
885 1966 918 2005 ex
930 1963 962 2003 ea

171 2076 220 2116 uec
243 2059 332 2114 tineas
354 2055 504 2126 patiantur,
529 2065 580 2105 nee
601 2057 722 2117 tempore
742 2048 960 2099 consenescant:

170 2151 291 2206 nascitur
306 2147 332 2203 iu
352 2145 446 2211 Creta,
459 2142 550 2197 dirica
564 2147 645 2208 atque
663 2135 753 2208 Syria.
767 2133 870 2189 Cedros
884 2145 962 2186 uam·

170 2253 237 2309 qoe,
253 2245 283 2291 ut
300 2236 434 2300 diximus,
447 2232 529 2287 arbor
540 2237 583 2285 est
597 2224 770 2297 imputribilis
783 2223 895 2278 omnino
913 2235 962 2274 na·

171 2340 248 2394 turae,
264 2326 357 2381 odoris
373 2323 495 2394 jucundi,
508 2327 634 2390 aspectus
656 2315 745 2381 nitidi,
764 2321 903 2383 serpentes
915 2325 962 2366 ac·

170 2433 251 2473 censa
278 2418 372 2471 nidore
398 2413 496 2481 fugans
518 2425 551 2465 ac
577 2408 716 2478 perimens
737 2420 821 2475 :quic
837 2403 963 2457 uniuersa

171 2513 303 2585 perlectis
320 2511 473 2581 quibusque
483 2504 658 2567 conueniunt,
671 2513 787 2572 quonum
798 2495 965 2568 insuperabi-

1014 1868 1054 1925 sie
1067 1867 1166 1939 quippe
1183 1871 1246 1922 sunt
1259 1865 1375 1929 hirsuta,
1392 1877 1452 1932 quae
1462 1860 1577 1933 profert,
1592 1868 1620 1914 ut
1633 1860 1719 1930 spinis
1732 1858 1807 1914 simi·

1014 1960 1050 2014 lia
1073 1966 1287 2014 contrectantem
1307 1971 1427 2027 pungere
1444 1954 1561 2010 ualeant.
1583 1952 1666 2023 Spina
1684 1968 1749 2008 uero
1766 1959 1809 2007 cst

1014 2067 1096 2108 omne
1111 2058 1268 2123 peccatum,
1279 2048 1342 2117 quia
1361 2047 1425 2102 doru
1439 2045 1522 2100 trahit
1541 2045 1574 2098 ad
1588 2044 1806 2109 delectationem,

1014 2143 1092 2215 quasi
1107 2140 1252 2213 pungendo
1265 2138 1366 2193 lacerat
1385 2144 1512 2191 mentem.
1530 2133 1598 2203 Quid
1618 2149 1683 2206 ergo
1697 2148 1747 2204 per
1765 2148 1809 2188 ra-

1015 2234 1102 2291 dicem
1126 2229 1256 2302 juniperi,
1281 2228 1332 2282 nisi
1356 2226 1481 2291 auaritia,
1504 2224 1677 2295 designatum
1699 2238 1732 2278 er
1753 2237 1807 2293 qna

1014 2330 1190 2395 peccatorum
1209 2318 1329 2374 omnium
1348 2316 1432 2387 spium
1449 2315 1643 2387 producuntur.
1661 2314 1699 2368 bc
1712 2328 1765 2382 qua
1779 2321 1807 2368 et

1015 2430 1063 2487 pet
1080 2413 1192 2468 Paulum
1208 2409 1307 2464 dicitnr
1325 2425 1331 2462 :
1350 2406 1438 2461 Rudis
1456 2406 1574 2460 omnium
1591 2403 1722 2458 ntoinrnnr
1739 2403 1809 2473 cupi·

1015 2508 1085 2561 ditos
1114 2503 1140 2576 (Ι
1166 2503 1233 2558 Tim.
1261 2500 1309 2572 ιι).
1337 2499 1398 2570 ipsa
1420 2498 1518 2568 qnippe
1536 2497 1655 2551 latenter
1675 2496 1764 2551 oritur
1778 2495 1807 2550 in

171 2605 203 2661 lis
225 2613 268 2658 cst
289 2590 419 2673 patientia
432 2616 438 2653 :
453 2598 524 2653 lauta
544 2597 674 2652 uirtutum
691 2592 800 2658 eximia,
820 2589 965 2662 praesentia
1016 2606 1118 2661 monte,
1131 2595 1178 2650 sed
1191 2592 1352 2664 punctiones
1362 2598 1536 2660 peccatorum
1550 2587 1670 2643 omnium
1683 2593 1809 2656 patenter

171 2697 277 2752 cunetis
287 2693 441 2766 gratissima
457 2690 555 2755 bonis,
576 2686 725 2743 auctoritas
739 2684 773 2739 ad
788 2683 966 2738 revincendos
1015 2686 1141 2758 producit
1157 2685 1183 2739 in
1201 2697 1293 2754 opera.
1314 2681 1421 2737 Ebentts
1434 2680 1460 2734 in
1477 2679 1551 2735 ludia
1569 2685 1597 2734 et
1611 2676 1750 2747 AEtbiopia
1764 2690 1809 2730 na-

172 2787 405 2855 euniutaudusque
427 2798 475 2838 eos
487 2782 533 2852 qui
551 2779 658 2836 veritati
676 2779 818 2841 resistunt,
838 2782 967 2829 constan·
1016 2777 1111 2841 scitur,
1129 2791 1189 2845 qum
1202 2789 1272 2829 erosa
1285 2771 1405 2827 durescit
1425 2769 1453 2825 in
1470 2768 1597 2840 lapidem,
1617 2764 1694 2835 citius
1707 2765 1807 2836 lignnnt

172 2879 275 2934 tissima
291 2894 298 2930 :
313 2874 358 2948 qui
373 2881 401 2929 et
416 2873 443 2928 itt
456 2871 508 2927 hac
521 2870 576 2924 vlla
587 2878 615 2924 el
629 2869 655 2922 itt
668 2866 758 2922 tutum
770 2863 899 2935 singulari
910 2875 967 2932 brae
1016 2868 1122 2938 nigrum
1135 2874 1187 2931 εει,
1207 2874 1233 2919 ει
1250 2871 1341 2919 εοιιει
1362 2861 1445 2927 levis,
1461 2871 1491 2915 ut
1506 2859 1590 2925 lauri,
1617 2859 1664 2912 sed
1688 2858 1807 2912 iudicum

171 2971 278 3026 ceteris
298 2967 400 3023 sanctis
425 2963 573 3022 eminentia
595 2960 708 3033 fulgent.
736 2958 838 3028 Nempe
867 2956 966 3011 cedrus
1016 2957 1186 3032 maculosum
1206 2963 1248 3009 est
1269 2954 1295 3008 in
1316 2951 1436 3023 paruulis
1449 2949 1669 3005 distinctionibus
1687 2948 1755 3004 albis
1776 2962 1809 3002 ae

171 3064 308 3120 Christum
322 3062 379 3118 sive
394 3067 518 3116 sanctam
531 3056 678 3114 Ecclesiam
691 3053 804 3127 mystice
819 3049 964 3124 significat.
1017 3048 1116 3104 buiris:
1132 3044 1316 3115 AEtbiopicum
1330 3058 1412 3106 uero,
1439 3041 1511 3113 quod
1524 3039 1697 3113 praestantius
1711 3038 1810 3109 accipi-

173 3155 248 3211 llnde
271 3154 299 3210 in
326 3150 516 3209 Ecclesiastico
538 3149 670 3219 seriptum
696 3152 738 3201 est
753 3162 759 3198 :
776 3141 850 3199 Sicut
872 3141 965 3196 cedrus
1019 3149 1071 3200 tur.
1089 3139 1116 3194 iu
1129 3137 1204 3193 nullo
1214 3144 1257 3192 est
1272 3134 1446 3198 maculatum,
1460 3133 1507 3188 sed
1517 3140 1560 3187 cst
1574 3131 1691 3202 nigmm,
1708 3128 1768 3184 lene
1782 3136 1811 3184 ct

171 3245 288 3300 exaltato
312 3260 371 3298 sunt
394 3243 423 3297 in
439 3240 540 3296 Libone
555 3236 651 3310 (Eccli.
676 3234 762 3301 xxm).
785 3234 855 3288 lteur
869 3231 967 3286 cedrus
1016 3247 1156 3289 corneum.
1174 3229 1303 3284 Platanos
1322 3242 1338 3281 s
1359 3224 1504 3281 latitudine
1523 3223 1649 3280 loliorum
1663 3224 1746 3289 dicta,
1766 3222 1809 3278 ιεΙ

171 3338 320 3409 propbetas
333 3342 414 3405 atque
427 3328 563 3402 apostolos
577 3328 665 3400 typice
680 3326 787 3398 dgurat.
804 3322 882 3379 Unde
901 3320 968 3376 diet·
1016 3325 1088 3396 quod
1112 3326 1170 3395 ipsa
1195 3321 1278 3377 arhor
1300 3319 1393 3391 patula
1412 3319 1449 3374 sit
1463 3326 1491 3373 et
1510 3316 1614 3389 atrrp1a3
1637 3332 1699 3371 nam
1718 3316 1808 3387 platos

172 3436 215 3481 ²⁰¹
238 3426 265 3479 ΙΙΙ
282 3422 414 3495 D⁵³¹ffl⁰²
438 3418 613 3476 smmum?
627 3415 716 3469 ⁰m²²f⁰
735 3412 807 3482 tigna
826 3409 964 3475 tt'h’ssttm,
1016 3402 1103 3473 Graeci
1126 3414 1209 3470 latum
1227 3419 1333 3468 uocant.
1353 3408 1495 3480 Expressit
1509 3405 1589 3475 hujus
1607 3406 1714 3462 arboris
1734 3404 1809 3461 Scri-

171 3528 194 3571 ει
205 3516 277 3571 cedri
291 3513 401 3578 Libani,
415 3527 482 3582 qnos
493 3507 630 3581 plantasti,
644 3505 700 3559 illic
715 3518 833 3577 passeres
847 3499 967 3569 nidifico·
1016 3517 1096 3579 ptum
1108 3515 1136 3563 et
1150 3520 1246 3560 nomen
1264 3511 1292 3559 et
1307 3501 1432 3564 sormam,
1451 3499 1545 3555 dicens
1560 3516 1567 3552 :
1586 3496 1670 3564 Quost'
1685 3498 1809 3568 plntnntts

173 3612 235 3667 Ιιιιιι
251 3607 340 3683 (Psoi.
355 3606 434 3679 ειιι),
449 3607 502 3660 hoc
515 3609 558 3659 est
569 3643 576 3668 ,
589 3600 642 3657 uiri
653 3596 790 3671 spiritales
800 3596 827 3650 in
843 3593 966 3649 doctriua
1016 3600 1127 3653 ditatura
1143 3614 1202 3652 snm
1220 3597 1248 3650 in
1261 3593 1354 3666 pluteis
1370 3590 1466 3665 (Ereti.
1488 3589 1579 3661 sxrt);
1600 3596 1643 3643 est
1657 3599 1748 3643 autern
1771 3595 1810 3642 te-

172 3704 364 3776 prophetarum
376 3708 404 3755 ct
418 3697 601 3769 apostolorum
617 3696 823 3749 conversantur·
843 3686 909 3741 ilem
922 3698 967 3740 ιθ-
1017 3690 1144 3747 ιιειιίιιιίε
1158 3687 1230 3744 ioliis
1243 3703 1275 3742 ae
1288 3686 1459 3750 nmllibus,et
1470 3683 1566 3738 vitium
1575 3681 1684 3738 similis.
1695 3680 1809 3752 llystioe

171 3797 211 3850 dri
229 3792 362 3862 suberlffls
375 3788 526 3853 haereticos,
548 3785 604 3842 slve
618 3781 803 3856 philosophos,
821 3796 869 3837 seu
884 3777 966 3836 etiam
1016 3792 1107 3838 nutem
1125 3781 1183 3836 hare
1197 3780 1278 3835 arbor
1290 3778 1432 3832 [lentinum
1452 3775 1589 3832 Claristtun
1603 3773 1748 3846 signifieat,
1761 3774 1808 3843 qui

172 3889 310 3942 rlaetuoues
328 3883 448 3954 dgurant
464 3896 472 3935 ε
486 3878 558 3935 ιιιιιΙε
577 3878 708 3947 scriptum
727 3882 770 3931 est
788 3874 815 3929 in
837 3869 941 3943 psalmo
957 3884 964 3922 τ
986 3926 989 3931 ,
1017 3873 1044 3927 in
1062 3881 1119 3926 toto
1134 3870 1200 3925 urbe
1218 3868 1246 3922 in
1259 3866 1388 3922 membris
1407 3864 1463 3920 suis
1475 3863 1613 3927 dilatatur,
1634 3871 1663 3916 et
1685 3875 1810 3915 mansue-

177 3977 234 4032 Vos
248 3975 357 4031 Domini
377 3972 566 4043 consrinqentis
584 3969 675 4025 cedrus
692 3986 700 4024 t
716 3977 740 4023 et
754 3965 898 4035 confringet
912 3961 966 4016 Do·
1019 3962 1119 4021 tudiuis
1135 3969 1216 4030 utque
1228 3957 1389 4013 innocentiae
1402 3971 1457 4011 suae
1470 3954 1569 4024 ubique
1582 3951 1706 4007 fidelibus
1716 3951 1810 4006 saluti·

172 4070 259 4122 ninus
275 4066 367 4121 cedros
381 4063 484 4130 Liboni,
500 4070 524 4117 ct
534 4062 690 4116 comminuet
701 4075 745 4114 ens
757 4053 843 4127 (Psoi.
857 4050 965 4123 xxvio).
1017 4060 1074 4115 iera
1090 4062 1224 4110 monstrat
1237 4049 1376 4119 exemplu3
1394 4048 1426 4102 de
1445 4062 1498 4117 quo
1517 4046 1544 4100 iu
1560 4044 1663 4115 psalmo
1678 4044 1807 4112 seriptum

174 4161 206 4218 Et
230 4154 576 4227 inlsaiatsnperontnes,
601 4149 698 4221 inquit,
721 4148 812 4204 cedros
833 4143 965 4198 Liboniet
1016 4158 1059 4207 est
1082 4146 1141 4203 :Et
1159 4144 1208 4199 erit
1224 4152 1351 4212 tanquam
1380 4138 1496 4209 lipnnnt,
1516 4135 1749 4207 qnodplnntntnnt
1770 4144 1808 4189 est

171 4264 272 4309 erectus
286 4247 562 4324 (norpcypnrtssus
572 4243 665 4301 Graete
680 4243 868 4311 dicibtntbmd
885 4250 966 4316 caput
1016 4258 1091 4298 secus
1109 4238 1236 4293 decursus
1250 4247 1380 4305 nqnnrttnt
1393 4227 1480 4300 (Psoi.
1498 4224 1528 4285 tl·
1541 4224 1624 4289 Bene,
1639 4231 1668 4277 ut
1679 4224 1809 4290 arbitror,

172 4344 232 4415 ujus
251 4359 267 4397 a
285 4340 451 4398 rotunditate
470 4338 498 4393 in
514 4352 629 4393 acumen
644 4336 776 4407 erigitur:
791 4335 862 4391 unde
878 4346 906 4392 ct
920 4352 966 4391 eu·
1017 4335 1089 4405 ligno
1115 4324 1255 4385 structilem
1277 4328 1450 4392 comparatus
1471 4326 1512 4373 est
1533 4316 1665 4371 Dominus
1685 4314 1811 4372 Christus

172 4435 285 4491 noeides
297 4440 417 4494 uocatur,
432 4429 458 4484 id
472 4437 524 4494 est,
535 4427 589 4483 alta
604 4426 766 4483 rotunditas.
786 4424 854 4481 lline
866 4434 893 4481 et
913 4425 970 4481 im.
982 4451 1008 4512 D
1022 4428 1131 4493 propter
1141 4428 1262 4478 crucem,
1276 4423 1357 4480 quam
1369 4422 1419 4478 pru
1429 4405 1567 4460 bominum
1584 4401 1671 4458 salute
1680 4402 1810 4473 suscepit.

1020 4514 1087 4568 item
1107 4505 1233 4579 platanus
1251 4508 1360 4557 sanctos
1381 4494 1516 4568 signilieat
1532 4494 1561 4548 in
1579 4506 1703 4549 sermone
1717 4493 1812 4561 praedi-

171 4537 231 4582 ctus
242 4511 302 4593 ejus
314 4539 415 4585 conus,
428 4520 491 4589 quia
507 4519 656 4574 rotunditas
667 4517 725 4588 ejus
737 4516 797 4571 talis
811 4524 861 4581 cst,
875 4525 904 4571 ιιι
917 4532 963 4571 co-

1018 4600 1133 4660 eatiouis
1151 4594 1228 4666 quasi
1246 4592 1373 4647 dilatatos
1387 4587 1480 4643 loliis:
1495 4586 1566 4641 uude
1583 4584 1684 4656 legitur
1701 4585 1728 4639 in
1744 4583 1811 4639 Eze-

173 4634 237 4673 num
252 4617 383 4673 innitetur.
402 4610 480 4668 Unde
496 4620 523 4665 et
533 4608 660 4664 cotrilcrm
673 4607 803 4678 cyparissi
817 4607 963 4663 dicuntur:

173 4710 253 4780 hujus
269 4708 372 4779 liguum
386 4703 469 4759 cedro
480 4715 549 4771 pene
562 4699 711 4769 proximam
729 4699 809 4753 babet
825 4699 964 4763 rit-ttrtem,

174 4798 335 4869 temptorum
358 4809 467 4867 quoque
492 4792 611 4848 trabibus
630 4798 742 4861 aptum,
767 4789 964 4860 impenetrabili

174 4892 310 4948 soliditate
322 4903 460 4960 nunquam
473 4886 549 4942 oneri
560 4884 631 4941 cedit
645 4905 651 4937 :
669 4884 715 4939 sed
725 4899 767 4949 ea,
781 4899 833 4954 qua
848 4885 874 4940 iu
891 4885 965 4956 prin-

175 4987 244 5058 cipio
263 4986 360 5049 luerit,
381 4983 508 5038 firmitate
527 4988 692 5050 perseuerat.
713 4978 823 5048 Antiqui
846 4979 967 5048 cypressi

176 5093 266 5133 ramos
280 5092 363 5148 prope
376 5088 472 5146 regunt
485 5071 650 5127 constituere
660 5068 798 5133 solebant,
815 5076 845 5122 ut
855 5068 966 5123 odorent

176 5164 421 5232 munierumnum
437 5170 590 5227 urerentur,
604 5159 788 5229 opprimerent
798 5157 966 5226 jucunditate

175 5259 266 5316 odoris
285 5257 338 5314 sui.
356 5255 505 5327 Cypressus
525 5253 607 5308 etiam
627 5251 654 5305 in
673 5264 725 5313 co,
741 5248 813 5319 quod
828 5248 967 5303 medendis

175 5358 235 5420 apta
248 5356 291 5404 εει
309 5360 454 5417 corporum
469 5341 653 5414 passionibus,
680 5339 751 5409 quod
769 5354 824 5393 suae
843 5346 968 5392 venusta-

176 5448 228 5495 tem
243 5453 329 5494 cotuoe
342 5435 416 5491 nullo
428 5444 569 5489 scutorum
584 5430 698 5503 impulsu
709 5429 828 5499 deponit,
842 5436 969 5484 constan·

176 5533 240 5587 tiaur
255 5529 402 5600 exprimit,
418 5539 567 5596 eommque
589 5524 735 5588 actionem,
760 5522 806 5591 qui
825 5519 968 5575 altioribus

175 5623 305 5678 virtutum
330 5619 473 5676 ornatibus
495 5624 616 5673 sanctam
646 5613 795 5671 Ecclesiam
826 5612 965 5667 decorant.

176 5716 324 5788 Eyprcssus
335 5728 452 5783 namque
459 5710 597 5767 Christum
605 5708 647 5765 rel
654 5707 801 5765 Ecclesiam
813 5703 949 5777 siguificat
957 5718 977 5781 ;v

1019 4691 1090 4750 eltiel
1108 4708 1115 4744 ε
1132 4686 1239 4743 Platoni
1260 4684 1366 4754 suerunt
1382 4694 1463 4749 nque
1475 4675 1612 4748 frondibus
1629 4676 1686 4748 ejns
1699 4674 1808 4750 (Erech.

1019 4782 1106 4853 xxm).
1129 4778 1251 4846 Quercus
1267 4772 1324 4828 sive
1338 4784 1459 4841 qtternus
1471 4776 1595 4833 vocatur,
1606 4768 1676 4838 quud
1688 4781 1719 4822 ea
1737 4764 1811 4820 soliti

1019 4882 1099 4931 eraut
1113 4871 1149 4927 dii
1160 4868 1279 4941 gentium
1291 4861 1475 4934 qttaerentibus
1489 4874 1616 4931 responsa
1633 4871 1807 4928 prmcanere:

1019 4968 1100 5023 arbor
1113 4961 1226 5018 nrultum
1238 4971 1357 5023 annusa;
1374 4955 1444 5010 sieut
1459 4953 1557 5024 legitor
1566 4951 1599 5006 de
1611 4964 1713 5020 quercu
1726 4948 1810 5002 liarit-

1018 5060 1078 5124 bre,
1096 5057 1148 5112 suh
1166 5068 1219 5126 qua
1237 5047 1369 5106 habitavit
1381 5044 1535 5106 Abrabam,
1549 5055 1610 5111 quae
1622 5040 1708 5093 fertur
1724 5052 1810 5106 usqne

1020 5152 1053 5205 ad
1066 5144 1237 5205 Constantini
1252 5143 1323 5212 regis
1333 5138 1476 5210 imperium
1486 5131 1628 5206 permulta
1641 5129 1737 5185 sarcula
1746 5144 1809 5199 per·

1019 5245 1143 5299 durasse.
1159 5235 1245 5304 llujus
1269 5234 1375 5289 tructus
1397 5229 1466 5301 galla
1487 5224 1645 5297 appellatur,
1663 5221 1811 5291 exquibus

1020 5346 1072 5385 una
1100 5325 1225 5398 agrestis.
1254 5323 1347 5378 Robur
1370 5328 1460 5374 autem
1484 5312 1647 5385 generaliter
1665 5311 1810 5365 dicituren

1019 5420 1092 5477 omni
1105 5418 1231 5481 utateria,
1245 5412 1373 5484 quidquid
1384 5419 1425 5464 est
1439 5406 1633 5462 llrmissimum.
1645 5403 1738 5457 Potest
1753 5404 1810 5458 bme

1019 5505 1356 5581 arbortypiccsignilleum
1370 5495 1810 5573 patientiamatquelunganimita-

1020 5616 1073 5663 tent
1105 5607 1275 5661 sanctorum,
1305 5610 1357 5667 qua
1381 5594 1488 5651 leniter
1509 5592 1559 5664 ipsi
1582 5591 1672 5646 omnia
1697 5591 1809 5646 adversa

1018 5695 1197 5762 sustinentes,
1211 5691 1238 5747 in
1255 5686 1407 5746 constantia
1424 5686 1506 5742 animi
1522 5684 1563 5740 sui
1580 5689 1769 5755 perseverant,
1783 5687 1810 5736 ct
