4042 6200
76 316 105 375 ο
166 276 202 335 itt
486 276 517 331 B.
537 271 663 330 hauath
680 269 790 328 nsunt
807 263 967 324 aaudiat.
986 262 1141 321 nocant.
1159 258 1305 318 arsuth
1324 256 1413 313 ratus
1430 256 1464 311 ll.
1760 255 1797 316 {za

166 391 244 463 Quod
261 390 326 463 quid
342 398 387 446 est
406 387 494 455 aliod,
518 388 572 444 nisi
593 401 660 456 opus
679 382 788 439 earum?
806 381 860 436 Pro
880 385 952 435 matu
968 377 1035 441 Alo
1049 376 1136 432 trihus
1151 384 1241 429 autem
1256 372 1321 427 uiris
1337 371 1384 441 qui
1401 376 1535 423 unierunt
1553 367 1587 421 ad
1601 366 1676 422 illurn
1691 364 1799 423 ilantim

166 487 241 543 enim
258 482 359 555 patris,
378 482 405 536 id
421 488 481 546 est,
494 494 545 551 pro
561 492 642 548 apere
658 475 716 545 ejus
730 473 889 530 maledictus
903 479 956 525 est.
1008 467 1095 523 nostri
1108 465 1171 521 iesu
1187 463 1286 519 Christi
1307 460 1497 532 pronuntiatur
1510 460 1652 514 adrentus.
1664 459 1732 514 Cum
1744 474 1801 530 quar

169 576 247 634 llnde
257 577 291 632 tie
306 572 415 631 nutus
432 572 489 628 suis
502 572 620 642 ejectus,
637 569 699 624 liliis
713 567 828 622 iratnrm
846 577 957 619 suarum
1007 557 1061 613 dua
1079 555 1167 624 attgeli
1189 553 1405 615 carnitahantur,
1423 566 1492 619 quas
1508 548 1631 619 plerique
1644 547 1754 620 llayseu
1768 561 1800 605 st

168 676 268 722 terram
281 662 463 735 possessionis
474 677 530 719 suae
545 661 668 731 reliquit,
683 658 869 730 posteritatem
886 655 957 710 indi·
1008 650 1094 704 Ellam
1107 648 1244 716 acciplunt
1257 663 1264 698 ι
1279 659 1371 707 unum,
1385 643 1480 711 priscae
1492 641 1683 712 legislatorem,
1694 643 1740 713 qui
1750 654 1800 714 per

168 773 234 816 eatis
245 756 410 821 iudaeorum,
422 754 470 825 asi
482 756 511 810 io
522 753 648 825 passione
660 751 766 807 {ioanni
778 746 959 805 damnationis
1008 746 1131 800 eamdem
1153 743 1237 811 legem
1254 741 1398 795 adrentum
1421 736 1525 791 iiamini
1541 736 1688 802 indicarit,
1706 735 1800 802 alium,

168 851 329 908 sententiam
343 856 522 916 exceperunt,
535 846 682 901 ehmantes
696 862 703 898 :
719 841 833 911 Sanguis
843 840 901 910 ejur
913 854 959 891 su·
1009 836 1054 906 qui
1071 837 1097 890 in
1114 835 1168 889 line
1185 833 1277 889 mnndi
1297 840 1426 886 vetiturus
1440 844 1500 883 csse
1514 830 1700 896 dennutiatur,
1715 840 1742 886 ct
1755 847 1802 886 se·

167 929 958 1013 peruaeetsaperfiliasnastrosfflattlr.usur).0hqtrada
1009 926 1128 981 cundum
1148 926 1292 979 adrentum
1315 922 1415 977 Christi
1439 930 1520 988 atque
1544 919 1603 987 ejus
1627 920 1801 991 Evangelium

167 1032 255 1102 patria
269 1029 346 1098 quasi
356 1028 451 1099 ingrati
465 1041 513 1096 per
524 1027 661 1082 Romanus
671 1025 698 1078 irt
711 1022 839 1077 ultionem
852 1018 960 1085 sangui·
1009 1014 1109 1069 ludatis
1121 1013 1325 1082 praedicaturus.
1346 1009 1421 1065 Unde
1436 1021 1464 1062 et
1478 1009 1505 1063 in
1520 1017 1620 1071 mann,
1636 1009 1699 1062 dum
1712 1008 1805 1064 liutm-

169 1123 212 1176 nis
221 1118 321 1176 Christi
335 1115 449 1187 expulsi,
464 1116 552 1171 locum
563 1123 663 1169 sanctae
677 1110 803 1167 Ecclesiae
816 1108 959 1170 dederuut,
1010 1120 1062 1159 nan
1082 1102 1178 1157 luisset
1196 1102 1417 1171 transfiguratas,
1441 1100 1468 1153 hi
1486 1099 1539 1152 dua
1557 1097 1662 1168 llayses
1680 1105 1708 1152 et
1732 1098 1805 1153 Elias

169 1212 195 1265 in
215 1225 269 1279 qua
287 1222 369 1262 verus
386 1205 475 1261 cultus
494 1204 573 1259 unius
593 1203 640 1257 liei
660 1208 814 1272 perseverat
834 1198 861 1251 in
882 1205 960 1251 aeoen
1010 1211 1073 1251 cum
1092 1211 1125 1249 ea
1143 1195 1177 1248 alt
1196 1192 1324 1262 apostolis
1338 1191 1389 1245 risi
1406 1197 1479 1245 surrt.
1496 1188 1572 1255 Quod
1586 1204 1649 1242 rera
1665 1188 1803 1243 llhrahatn

169 1316 244 1356 ttutu.
1011 1294 1067 1341 tres
1081 1286 1186 1349 videns,
1200 1300 1281 1338 tinum
1297 1283 1430 1345 atlararit,
1441 1282 1583 1337 Daruinttm
1596 1281 1699 1335 scilicet
1710 1278 1806 1336 Salva·

205 1392 321 1447 ll'emrad
340 1392 535 1461 interpretatur
556 1396 695 1458 tyrannus.
719 1383 772 1438 lste
792 1382 864 1436 enlm
885 1381 958 1451 priar
1010 1384 1099 1430 tarem
1114 1374 1243 1437 ostendit,
1257 1373 1333 1441 cuijus
1344 1374 1400 1443 iarn
1416 1373 1548 1428 adrentus
1559 1383 1602 1427 est
1614 1372 1803 1440 praeconant

167 1486 282 1555 arripuit
294 1485 429 1539 insuetum
445 1483 471 1535 in
483 1479 595 1551 populas
609 1477 787 1550 tyrannidem,
800 1484 827 1529 et
841 1474 897 1544 ipse
911 1487 957 1542 ag·
1007 1464 1085 1534 juxta
1097 1465 1168 1533 arrad
1182 1473 1210 1517 ει
1217 1462 1274 1532 jam
1289 1463 1419 1518 Daritiuus
1439 1462 1465 1515 in
1481 1462 1626 1532 Evangelia
1639 1464 1678 1518 ait
1692 1480 1700 1517 ι
1716 1462 1802 1517 Aira-

167 1590 278 1648 gressus
290 1582 333 1629 est
354 1573 484 1627 aduersus
499 1573 582 1627 mum
597 1568 743 1638 impietatis
755 1564 889 1620 aedillcarc
905 1571 961 1616 tnr·
1010 1557 1072 1610 itam
1085 1556 1202 1627 aenaim
1218 1554 1303 1607 ridere
1318 1554 1386 1607 diem
1402 1570 1486 1606 areum
1500 1566 1510 1605 .·
1524 1554 1588 1607 cidit
1605 1563 1629 1608 et
1645 1554 1748 1624 partam
1765 1563 1802 1608 eat

169 1666 230 1720 rim.
248 1662 325 1718 Unde
335 1661 470 1717 diaholum
484 1659 630 1731 expressit,
641 1658 687 1728 arri
699 1652 960 1727 superhlaeapputitu
1013 1646 1103 1718 (lara.
1119 1645 1188 1716 turri.
1204 1645 1274 1699 [luas
1289 1653 1378 1699 autem
1392 1659 1507 1707 utores,
1522 1659 1590 1713 artas
1607 1645 1701 1699 hahuit
1714 1643 1803 1698 aura-

168 1755 275 1809 culmen
290 1752 387 1807 diriuae
397 1750 565 1806 celsitudinis
576 1747 714 1819 appetivit,
730 1746 823 1800 dicens
841 1762 848 1797 :
867 1744 996 1805 deren-B
1012 1738 1085 1803 hant,
1102 1737 1196 1800 idest,
1213 1735 1323 1789 liberam
1344 1743 1372 1789 et
1386 1734 1521 1797 ancillam,
1538 1734 1667 1803 hprastala
1680 1734 1801 1797 docente,

168 1844 230 1897 dam
241 1859 320 1913 super
329 1841 497 1896 altitudinem
506 1841 625 1906 nuliam,
634 1848 658 1893 et
669 1855 713 1893 era
723 1835 816 1891 similis
826 1834 960 1887 ditissima
1011 1828 1065 1882 dua
1076 1841 1137 1881 esse
1149 1834 1308 1879 testamenta
1321 1823 1475 1888 didicimus,
1488 1840 1520 1878 ex
1532 1825 1628 1894 quihus
1640 1826 1692 1881 dua
1702 1824 1804 1895 pnrpuli,

169 1942 248 2013 (lsai.
263 1938 332 2012 xiv).

204 2054 294 2109 lieber
304 2054 499 2122 interpretatur
509 2051 646 2104 transitur.
655 2044 822 2118 Etymalagia
834 2043 893 2114 eius
903 2046 962 2111 mt-

167 2146 235 2201 stica
247 2154 299 2208 est,
313 2143 385 2214 quad
399 2145 434 2198 ah
448 2140 507 2211 ejus
520 2141 603 2209 stirpe
619 2138 746 2193 transiret
758 2137 839 2199 Deus,
854 2147 887 2187 ne
901 2147 961 2202 par·

167 2245 306 2291 severaret
319 2234 346 2287 in
361 2233 401 2289 eis
417 2231 547 2287 translata
562 2230 588 2284 in
603 2227 728 2298 gentihus
740 2224 837 2296 gratia.
852 2220 892 2277 Ex
905 2222 962 2290 ipsa

167 2324 255 2379 exorti
266 2331 329 2378 sunt
341 2320 459 2376 ilchrmi.
471 2318 549 2375 Unde
563 2317 663 2381 lichen
677 2317 703 2371 in
717 2313 795 2382 eutius
808 2314 887 2367 dama
899 2325 962 2380 pra·

168 2413 228 2482 pria
243 2411 348 2482 loquela
363 2408 506 2472 remansit,
521 2407 629 2463 cacteris
641 2405 740 2476 linguis
755 2401 895 2472 dispersis
910 2400 963 2454 lle-

168 2506 336 2575 demptorem
350 2511 475 2557 nastrum
488 2499 621 2563 insinuat,
636 2497 664 2550 in
676 2497 753 2566 cujus
768 2492 887 2548 Ecclesia
900 2490 961 2545 uni·

170 2608 214 2652 tas
226 2595 289 2651 lidei
304 2594 362 2650 sine
376 2592 525 2649 schismate
538 2597 707 2661 perseuerat.

207 2706 290 2777 Faleg
311 2705 505 2775 interpretatur
526 2702 629 2756 divisio.
651 2699 699 2754 Cui
725 2705 802 2768 pater
819 2703 962 2768 propterea

172 2797 226 2852 tole
237 2810 334 2852 nomen
348 2795 486 2866 imposuit,
497 2794 570 2863 quad
579 2800 643 2846 tunc
656 2798 735 2845 natus
745 2797 788 2844 est
798 2787 905 2858 quanda
915 2802 963 2856 per

171 2889 277 2961 linguas
300 2897 373 2943 terra
397 2888 482 2943 divisa
508 2895 558 2943 εει.
579 2886 694 2955 Propter
714 2884 866 2953 superbiam
889 2897 962 2937 enam

172 2982 287 3037 liliorum
300 2978 404 3044 lldarn,
420 2994 481 3048 aare
498 2993 604 3048 semper
617 2975 725 3030 inimica
740 2983 783 3029 est
797 2972 963 3043 simplicitati

172 3082 255 3143 atque
268 3070 375 3135 unitati,
387 3068 484 3125 divisio
496 3067 647 3139 linguarum
659 3065 730 3121 iacta
743 3072 801 3130 est;
813 3073 840 3119 et
853 3072 964 3135 propter
976 3093 999 3156 C

173 3163 353 3220 humilitatem
368 3169 395 3216 et
414 3155 646 3216 connsuetudinem
664 3157 766 3215 Christi
783 3167 812 3212 et
830 3155 964 3226 apostala-
1015 3198 1021 3210 .

173 3270 231 3309 rain
248 3252 306 3322 cjus
320 3251 473 3322 linguarum
488 3247 630 3305 diuersitas
641 3254 791 3306 coadunata
805 3257 857 3303 est.

207 3342 403 3398 Melchisedech
427 3342 620 3412 interpretatur
639 3359 685 3396 rea
698 3333 798 3412 justas.
812 3336 867 3396 iler
879 3381 886 3406 ,
900 3340 964 3410 qaia

173 3442 265 3506 pastea
281 3431 423 3503 imperarit
439 3426 650 3503 Salem31ustus
664 3445 713 3501 pra
728 3446 760 3486 ea
778 3430 849 3500 quad
862 3429 965 3485 discer-

174 3539 241 3581 nens
261 3535 431 3580 saeranmnta
451 3521 529 3593 Legis
543 3535 570 3578 et
583 3517 740 3594 Evangelii,
760 3538 813 3577 nan
832 3522 964 3593 pecudum

175 3614 313 3681 uictimas,
330 3617 377 3672 sed
390 3616 553 3671 ablationem
572 3616 650 3685 partis
663 3622 689 3670 et
712 3613 803 3669 calicis
817 3605 844 3667 in
859 3613 964 3669 sacriti-

173 3708 245 3764 cium
269 3707 376 3762 obtulit.
402 3706 452 3761 llic
474 3722 540 3778 erga
567 3706 594 3759 in
616 3705 752 3760 ablatione
776 3720 824 3760 sua
852 3720 965 3776 regnum

175 3795 277 3852 Christi
292 3796 335 3850 rel
354 3796 536 3851 sacerdotium
549 3795 688 3864 figuravit,
710 3791 785 3863 cuijus
798 3795 921 3866 carparis
937 3806 965 3850 et

175 3885 314 3958 sanguinis
328 3894 539 3952 sacramentum,
555 3885 582 3941 id
595 3893 637 3940 est
649 3883 750 3941 ablatio
762 3883 840 3956 panis
852 3899 884 3938 ac
898 3883 963 3951 vini,

175 3981 202 4035 in
216 3988 274 4036 toto
284 3979 350 4035 arte
364 3976 485 4035 oilertur.

554 4066 585 4124 ll.

176 4180 214 4235 De
233 4180 389 4251 patriarchis
409 4180 548 4236 attuleris
567 4179 684 4250 ejusdem
704 4183 789 4235 aetatis
807 4180 964 4235 haminibus.

211 4291 312 4345 hhratu
332 4291 421 4361 prima
437 4299 549 4346 vocatus
563 4302 637 4361 pater
650 4292 739 4347 uidem
754 4291 889 4363 papulum,
904 4308 966 4363 pra—

178 4391 237 4451 pter
258 4379 341 4435 lsrael
364 4380 467 4435 scilicet
492 4389 610 4447 tantum,
636 4384 729 4452 pastea
753 4382 903 4453 appellatus
924 4392 966 4438 est

1011 1918 1128 1983 horest,
1142 1916 1295 1971 iurlararum
1308 1924 1337 1969 ct
1349 1914 1477 1969 Ecclesia
1491 1917 1546 1969 nati
1560 1922 1632 1970 sunt.

1046 2008 1116 2062 Loth
1137 2009 1333 2077 interpretatur
1351 2005 1496 2059 declinam.
1519 2005 1610 2061 Factis
1624 2007 1696 2061 enim
1715 2005 1805 2064 Sudo-

1013 2116 1119 2155 mornm
1133 2114 1186 2154 noo
1207 2100 1359 2164 cerasensit,
1373 2098 1422 2153 sed
1437 2113 1531 2152 earam
1550 2098 1644 2154 illicita
1659 2101 1748 2155 caruis
1761 2099 1805 2155 in*

1012 2191 1107 2247 cendia
1122 2191 1274 2246 declinarit.
1294 2191 1353 2261 lpse
1372 2190 1456 2259 igitur
1467 2191 1535 2245 Loth
1558 2192 1641 2247 irater
1655 2192 1804 2259 Abraham,

1011 2293 1039 2340 et
1048 2282 1137 2353 justus
1150 2294 1176 2338 et
1191 2282 1333 2352 hospitalis
1347 2283 1374 2337 in
1388 2283 1528 2345 Sodomis,
1541 2287 1586 2354 qui
1602 2301 1636 2339 ex
1649 2285 1695 2347 illa
1712 2286 1805 2341 irtcen⁴

1011 2374 1068 2437 dia,
1081 2375 1152 2443 quad
1165 2383 1224 2428 erat
1237 2373 1384 2429 similitudo
1396 2374 1477 2429 loturi
1486 2375 1588 2445 iudicii,
1602 2377 1702 2431 meruit
1715 2376 1807 2433 sulvus

1010 2466 1141 2530 eradere,
1161 2472 1252 2536 typum
1269 2466 1403 2535 hgurahat
1418 2467 1539 2538 carparis
1552 2464 1669 2531 Christi,
1684 2469 1756 2538 quad
1776 2469 1804 2523 in

1011 2556 1137 2612 amitibus
1148 2557 1251 2611 sanatis
1263 2564 1292 2610 et
1310 2573 1380 2613 rauna
1403 2558 1474 2613 inter
1491 2559 1596 2629 iniquas
1609 2570 1690 2630 atque
1707 2560 1806 2630 impias

1011 2648 1112 2718 gemit,
1128 2663 1242 2717 ananam
1263 2648 1342 2703 iactis
1362 2664 1415 2704 nan
1434 2652 1587 2718 consentit,
1606 2659 1634 2707 et
1654 2669 1669 2706 a
1689 2668 1805 2722 quarum

1011 2740 1188 2811 permistione
1207 2740 1233 2793 in
1249 2740 1338 2795 sacrm
1355 2739 1408 2795 line
1426 2741 1594 2805 liberabitur,
1607 2741 1660 2797 illis
1672 2742 1807 2797 damnatis

925 2882 931 2894 .
1013 2832 1144 2905 supplicia
1157 2833 1226 2904 iguis
1241 2833 1344 2888 aterni.

1050 2924 1124 2980 llxar
1141 2932 1231 2978 autem
1254 2920 1323 2978 Loth
1341 2938 1434 2978 eorum
1462 2926 1549 2980 tenuit
1570 2933 1660 2998 typum
1672 2966 1680 2993 ,
1693 2927 1739 2997 otti
1757 2937 1807 2998 per

1013 3014 1127 3086 gratiam
1146 3014 1192 3068 Dei
1208 3014 1310 3077 uocaui,
1327 3014 1496 3084 postmodum
1513 3026 1587 3070 retra
1601 3016 1762 3085 respiciunt,
1778 3025 1807 3071 et

1015 3107 1048 3161 ad
1062 3122 1094 3161 ea
1109 3122 1169 3175 qua
1181 3105 1358 3175 reliquerant,
1370 3105 1459 3160 redire
1470 3107 1644 3161 contendunt.
1659 3106 1697 3162 lic
1709 3108 1806 3178 quilius

1015 3212 1071 3268 ipsc
1085 3198 1234 3252 hanricus:
1250 3195 1350 3261 tiemo,
1368 3197 1470 3266 inquit,
1489 3214 1587 3266 panem
1604 3214 1710 3251 manum
1730 3215 1806 3253 taam

1013 3303 1093 3357 super
1106 3297 1238 3350 aratrum,
1252 3296 1275 3339 et
1288 3302 1337 3356 res,
1347 3286 1427 3340 iriam
1442 3296 1520 3353 retra,
1533 3298 1608 3359 aptat
1619 3298 1655 3342 est
1668 3305 1745 3359 regna
1759 3286 1808 3341 net

1015 3375 1091 3447 (iac.
1101 3376 1150 3448 tr).
1162 3377 1367 3447 Consequenter
1379 3377 1436 3446 ipse
1444 3377 1512 3448 legis
1523 3379 1639 3449 gestarit
1650 3394 1807 3449 personam,

1015 3469 1048 3523 dc
1062 3485 1115 3538 qua
1130 3469 1297 3523 infidelitatis
1312 3485 1395 3539 apera
1410 3470 1531 3538 pariunt,
1546 3471 1591 3540 qui
1605 3471 1688 3525 etiarn
1702 3470 1805 3526 carnali

1014 3558 1151 3615 intellectu
1167 3567 1290 3613 utuntur.

1049 3648 1069 3703 F
1073 3649 1125 3704 ilie
1144 3649 1204 3719 ejrts
1223 3649 1282 3704 duae
1301 3648 1451 3705 Samariam
1469 3650 1623 3721 significant
1646 3651 1809 3709 ierusalem·

1015 3757 1084 3812 que,
1096 3757 1157 3812 quat
1174 3739 1346 3798 iaruicantur
1359 3744 1387 3798 in
1401 3743 1458 3815 lege
1470 3759 1519 3814 per
1533 3745 1695 3802 adulterium
1706 3747 1808 3804 illicite

1016 3831 1155 3887 doctrinae.

1051 3923 1130 3980 ilaah
1147 3925 1340 3996 interpretatur
1354 3944 1386 3982 ex
1397 3939 1483 3999 patre,
1498 3937 1623 3986 ettotam
1637 3945 1734 3986 namen
1747 3939 1808 4004 ety⁴

1016 4015 1159 4086 malagiam
1184 4017 1274 4071 hahet.
1299 4017 1428 4088 Cariceplt
1448 4020 1520 4074 enirn
1540 4037 1602 4076 eum
1628 4023 1807 4094 primagenita

1016 4107 1071 4162 lilia
1087 4108 1121 4163 de
1134 4117 1221 4179 patre.
1237 4109 1377 4180 Significat
1389 4120 1478 4167 autem
1494 4111 1572 4168 Moab
1585 4114 1745 4184 sapientiam
1758 4131 1809 4170 sa·>

1016 4200 1152 4266 solarem,
1168 4201 1200 4256 de
1214 4217 1266 4271 qua
1286 4201 1415 4259 liominus
1427 4204 1546 4274 loquitur
1558 4220 1608 4275 per
1619 4208 1778 4277 prophetam
1798 4221 1805 4262 t

1018 4289 1132 4345 Perdam
1151 4291 1306 4362 sapientiam
1325 4294 1500 4364 sapientium,
1521 4305 1545 4349 et
1562 4298 1728 4365 prudentiam
1742 4314 1808 4368 prat·

1018 4382 1135 4437 dentiam
1155 4384 1301 4459 repraiaia
1320 4383 1392 4456 (ira.
1408 4387 1499 4458 xxix).
1525 4386 1590 4455 Qum
1607 4399 1745 4444 auctorem
1766 4391 1807 4444 sul

177 4471 324 4535 Abraham,
338 4471 409 4538 quad
423 4472 594 4535 transfertur,
605 4483 679 4542 pater
688 4471 830 4526 mattarum
839 4473 965 4542 gentiunt,
979 4445 1005 4505 D
1018 4485 1127 4526 sensum
1139 4471 1235 4538 hahet,
1251 4473 1297 4542 qui
1314 4491 1347 4528 ex
1363 4475 1410 4529 lici
1428 4477 1582 4533 conditione
1594 4488 1748 4549 generatur.
1763 4479 1808 4535 vi.

178 4561 249 4630 quad
264 4569 323 4616 erat
337 4560 425 4614 adhuc
436 4574 486 4630 per
500 4561 579 4616 iidem
594 4560 724 4616 laturum.
741 4559 862 4615 Gentium
877 4570 967 4617 autern
1016 4565 1094 4617 detur
1112 4563 1220 4634 quidem
1245 4566 1319 4620 nasci
1340 4565 1374 4621 de
1396 4574 1490 4637 patre,
1518 4571 1590 4639 guad
1615 4572 1809 4642 interpretatur

180 4666 233 4705 nan
250 4651 364 4705 hahetur
379 4650 405 4704 in
420 4650 538 4714 numine,
553 4649 600 4705 sed
614 4650 774 4704 subauditur
784 4651 861 4720 juxta
879 4651 942 4706 illud
960 4670 966 4707 :
1017 4654 1114 4721 naam
1125 4656 1172 4711 sed
1184 4657 1246 4727 quia
1257 4657 1363 4714 adulter
1374 4671 1415 4714 est
1428 4668 1455 4715 et
1466 4661 1636 4718 aduersarius
1647 4665 1736 4735 papuli
1748 4665 1807 4728 ilci,

180 4740 237 4794 Erit
253 4756 346 4794 namen
364 4750 438 4794 tuum
455 4740 603 4805 Abraham,
620 4741 682 4812 auia
701 4751 801 4810 patrem
824 4741 969 4797 multarunt
1018 4746 1051 4801 de
1064 4747 1166 4801 incestu
1181 4756 1209 4802 ct
1223 4748 1348 4818 spelunca
1362 4764 1395 4804 ac
1409 4760 1488 4806 nocte
1501 4764 1655 4822 generatur.

179 4833 294 4902 peruium
306 4832 381 4902 parui
396 4841 420 4886 te
433 4829 516 4904 (Gen.
533 4832 615 4904 svn).
629 4833 764 4888 ahraham
778 4835 876 4904 quippe
889 4836 970 4890 hahet
1053 4837 1180 4902 nnuman,
1197 4838 1275 4908 cuijus
1290 4854 1369 4894 causa
1385 4856 1482 4896 nomen
1501 4843 1623 4897 redditur
1634 4843 1705 4912 filias
1718 4843 1809 4915 papali

179 4921 548 4993 triplicemsignificationem
563 4923 590 4976 in
601 4923 756 4992 semetipsa.
773 4922 892 4980 Primam
906 4923 968 4979 Sal·
1020 4928 1085 4993 mei,
1102 4929 1142 4984 sie
1154 4929 1308 4996 derivatur,
1322 4941 1352 4986 ut
1370 4949 1403 4988 ex
1416 4941 1494 5003 patre
1510 4934 1567 5003 ipse
1580 4934 1616 4989 sit
1628 4950 1728 4989 sermo.
1744 4933 1810 4990 rim·

181 5012 291 5091 tataris,
305 5011 413 5082 quanda
427 5011 521 5067 relicta
533 5013 693 5082 cognatione
707 5028 755 5084 sua
767 5014 841 5069 renit
855 5016 881 5070 in
897 5016 969 5070 hunc

181 5104 325 5168 iracundum,
341 5102 454 5157 alteram
466 5101 566 5168 Patris,
576 5104 683 5172 quanda
698 5103 846 5158 immolarit
860 5104 968 5159 unicum

182 5191 293 5258 i‘ilinm;
304 5193 411 5248 tertiam
426 5210 489 5248 uera
502 5192 574 5264 quad
588 5191 702 5263 figurant
714 5201 802 5263 gestat
814 5202 969 5248 serratarum

179 5283 227 5357 qui
240 5284 383 5339 adrentum
398 5281 499 5338 Christi
514 5298 575 5339 cum
592 5283 689 5352 gaudio
709 5291 894 5352 susceperunt.
915 5284 968 5337 Ta·

181 5372 354 5429 hemacnlum
368 5373 440 5428 enlm
456 5373 520 5428 illud
535 5373 651 5428 Abrahae
663 5373 747 5443 ipsam
760 5371 909 5428 ierusalem
921 5373 970 5427 ha-

182 5466 255 5529 huit,
271 5465 315 5520 tihi
329 5479 379 5535 pra
394 5473 515 5537 tetrrpore
529 5467 668 5537 prophetae
686 5473 714 5522 et
732 5465 845 5534 apastoli
861 5465 970 5522 hahita-

183 5568 288 5624 rerunt,
302 5558 346 5614 uhi
361 5568 389 5614 et
404 5559 532 5616 hartuinus
543 5562 659 5630 primurn
671 5560 817 5616 adveniens
829 5574 845 5613 a
858 5562 971 5616 creden·

188 5648 418 5718 tihnssusccptns,
432 5650 466 5704 ah
476 5650 621 5706 incrcdulis
636 5651 662 5706 in
676 5650 749 5721 ligna
760 5663 906 5720 suspensus
917 5658 968 5707 est.

1021 5035 1082 5074 man
1097 5020 1169 5074 etum
1187 5035 1202 5072 a
1215 5036 1269 5088 qua
1282 5021 1344 5077 dicti
1360 5031 1424 5077 sant
1442 5022 1617 5088 hmntanitae,
1634 5033 1746 5079 vacatur
1759 5041 1809 5095 pa-

1019 5107 1097 5178 pulus
1114 5125 1196 5162 merra.
1212 5107 1359 5165 Possumus
1374 5110 1451 5180 jtrxto
1474 5112 1648 5182 tropologiam
1664 5111 1733 5167 illios
1744 5110 1809 5166 lltn·

1021 5213 1083 5253 man
1104 5197 1272 5269 intelligere,
1289 5201 1334 5268 qtti
1355 5201 1387 5254 de
1409 5198 1477 5255 Lath
1500 5203 1526 5255 in
1545 5200 1669 5272 spelunca
1688 5201 1808 5273 generati

1021 5296 1083 5342 sum
1096 5290 1209 5350 semine,
1223 5297 1251 5342 ct
1263 5290 1382 5359 generati
1396 5290 1423 5343 in
1436 5290 1567 5344 ebrietate
1580 5298 1608 5345 et
1622 5291 1738 5357 incestu,
1751 5304 1809 5346 atti·

1021 5393 1069 5432 ncs
1082 5376 1145 5432 liter,
1155 5377 1241 5432 ticos:
1255 5376 1289 5431 de
1302 5378 1401 5448 quihus
1410 5379 1475 5433 dicit
1487 5386 1514 5432 et
1524 5377 1661 5448 apostulus
1671 5376 1809 5433 ioannes:

1020 5467 1064 5520 Ex
1076 5466 1149 5520 nohis
1161 5468 1288 5533 caieruut,
1303 5467 1348 5521 sel
1366 5482 1418 5521 narr
1432 5466 1536 5538 [uerunt
1550 5483 1583 5522 et
1599 5469 1683 5524 neiis.
1696 5467 1727 5523 Si
1739 5466 1812 5522 euim

1021 5558 1129 5627 [elimat
1148 5574 1181 5612 aa
1198 5557 1287 5621 nabis,
1304 5556 1505 5628 permansissent
1521 5559 1608 5628 etipse
1626 5558 1758 5612 nomicum
1778 5557 1808 5622 (i

1021 5646 1101 5702 daun.
1124 5647 1165 5720 n).
1190 5646 1236 5702 lsti
1256 5646 1283 5701 in
1303 5646 1477 5702 declinatione
1498 5648 1550 5704 orti
1570 5659 1632 5706 sunt
1646 5663 1654 5702 t
1667 5648 1717 5703 hac
1736 5646 1810 5701 enim
