4042 6200
183 402 234 461 72!

572 412 753 475 aurosum
770 415 803 473 ru
823 411 1018 480 enormes
1040 407 1298 487 samuelus-
1317 432 1381 490 tiu.
1403 435 1433 489 u.

1762 439 1817 496 tea

182 521 314 578 Dominus
327 524 366 579 alt
382 540 389 578 :
403 521 558 582 Percutiuut
570 547 665 602 pueros
678 543 703 588 et
716 536 828 593 ancillas
842 539 973 609 diceutes,
988 544 1013 604 A
1028 550 1082 600 tem
1102 557 1213 619 repente
1232 565 1302 606 nova
1320 550 1447 623 dogmata
1464 551 1547 608 luicrt
1561 555 1694 610 mendacii
1708 567 1750 611 cst
1765 558 1817 615 rui·

183 609 289 665 liorem
303 611 367 681 snut
380 613 501 670 derainer
512 633 586 672 meus
598 622 684 676 uenire
697 622 707 694 (
718 622 814 681 unit.
829 643 893 683 xxiv
904 628 926 701 ).

221 700 275 767 Qui
292 711 418 772 operatur
436 713 533 760 terram
550 724 643 778 suum,
663 715 827 769 saturabitur
842 719 974 787 pouibur,·

180 791 228 861 qui
243 801 330 845 nutem
344 802 459 848 sectetur
471 798 571 864 otium,
586 799 754 858 stultissimus
767 815 816 860 ert.
831 806 881 875 Qut
896 826 976 868 exer·

181 889 228 935 cet
245 881 364 937 animant
382 899 459 940 suam
474 887 643 958 spiritalibus
661 895 759 952 studiis
771 938 778 962 ,
792 906 820 952 et
834 915 907 958 nuuc
920 903 974 958 rir-

182 979 271 1027 tutum
284 984 313 1029 et
325 983 390 1030 tunc
404 976 517 1048 dapibus
533 982 700 1039 saturabitur
716 988 889 1056 praemiorum
903 1011 911 1049 ε
926 995 973 1066 qui

181 1073 274 1120 aumru
298 1081 350 1136 pro
371 1067 458 1124 salute
483 1071 580 1128 animae
605 1089 661 1130 suae
681 1076 806 1137 laborare
824 1081 972 1153 detrectat,

181 1164 248 1213 tunc
261 1157 334 1213 irrrer
347 1157 443 1217 stultos
457 1163 638 1234 reputabitur,
655 1172 763 1226 tametsi
785 1188 857 1230 nunc
877 1175 919 1233 vel
933 1178 974 1233 di-

179 1248 244 1303 rina
259 1247 302 1304 rel
316 1250 455 1305 mundana
467 1254 600 1323 sapientia
615 1257 752 1327 gloriosus
765 1263 885 1322 ridetur.

215 1336 384 1394 desideriunt
406 1342 481 1414 impii
507 1345 697 1404 munimentum
725 1363 763 1408 est
786 1357 971 1426 pessimorum.

179 1429 322 1486 Desiderat
335 1431 433 1503 impius
449 1436 634 1505 praecedentes
654 1442 739 1499 malos
759 1446 879 1515 imitari,
895 1451 972 1508 etde

179 1521 287 1577 illorum
305 1522 360 1579 vita
380 1531 462 1595 atque
484 1527 589 1585 actibus
611 1529 702 1604 loqui,
718 1536 761 1592 rel
776 1547 850 1595 certe
866 1541 974 1598 deside·

180 1611 250 1666 riom
275 1612 352 1685 impii
377 1615 573 1675 munimentum
602 1631 645 1678 est
673 1626 877 1697 pessimorum,
907 1633 969 1702 quia

178 1717 260 1759 emite
275 1703 439 1760 desiderium
453 1706 511 1778 ejus
525 1723 558 1765 eo
573 1711 674 1779 tendit,
695 1720 818 1785 quamtis
841 1721 900 1791 ipso
921 1737 971 1777 nc-

178 1795 302 1863 sciente,
326 1804 357 1851 ut
377 1811 439 1853 cum
462 1799 599 1868 prioribus
619 1801 727 1872 injustis
745 1818 853 1866 aeterum
875 1813 971 1869 mortis

178 1901 292 1942 carcere
311 1886 464 1944 claudatur.
485 1890 585 1947 ilerum
599 1895 662 1964 quia
678 1897 745 1955 tales
764 1902 867 1957 exitum
888 1892 1007 1974 queruli

178 1973 292 2029 ntirrime
307 1977 457 2045 praeuidcnt
475 1978 635 2050 incurrunt,
650 1986 688 2041 ait
700 2002 716 2041 e
729 1998 823 2045 contra
836 1992 968 2050 debonis.

212 2051 303 2120 barte
327 2076 413 2121 nutem
432 2068 567 2139 justorum
591 2075 719 2145 proficiet.
747 2078 815 2147 Quia
841 2084 969 2141 nimirum

176 2152 245 2210 tides
267 2162 297 2211 et
320 2156 440 2214 charitas
463 2159 610 2219 electurum
637 2182 690 2237 qua
714 2171 828 2227 radicati
853 2184 917 2229 sunt
941 2176 969 2232 in

174 2245 285 2303 Christe
306 2264 477 2321 neutraquam
499 2269 546 2310 eos
566 2255 651 2325 tellit,
674 2262 722 2317 sed
744 2263 778 2319 ad
800 2266 967 2336 perfectiora

174 2354 283 2411 semper
297 2355 454 2400 accrescens
472 2345 532 2415 pius
545 2363 625 2417 qrtarn
649 2368 760 2423 sperare
779 2358 856 2413 norit
876 2359 904 2414 in
925 2360 970 2414 iu-

174 2437 236 2484 turo
255 2430 396 2501 percipiet.

210 2517 249 2572 lle
272 2518 361 2590 [uictu
384 2523 438 2596 oria
462 2527 503 2581 sui
525 2531 701 2603 aerumnisque
722 2533 862 2605 replebitur
881 2540 966 2594 bouis.

173 2608 291 2666 Functus
313 2613 368 2670 oris
390 2623 432 2671 cst
454 2633 545 2677 serum
566 2622 668 2688 bonus,
684 2639 748 2681 nam
769 2628 816 2698 qui
838 2630 910 2685 mala
931 2631 968 2685 lo-

173 2701 268 2772 quitur
300 2720 353 2759 non
382 2705 499 2764 fructum
526 2724 573 2766 erc
599 2721 725 2784 generat,
752 2717 800 2772 sed
828 2719 966 2775 datnnum.

173 2790 270 2847 Omnis
295 2792 379 2865 igitur
401 2797 447 2866 qui
469 2798 540 2854 bom
566 2799 696 2870 loquitur,
720 2803 800 2862 bonis
822 2806 968 2866 donabitur

174 2882 303 2949 aeternis,
327 2885 351 2940 si
374 2893 463 2942 umen
488 2889 531 2945 bis
553 2906 614 2962 quae
633 2892 753 2965 loquitur
772 2905 832 2953 actu
852 2915 906 2955 non
926 2916 968 2958 re-

172 2979 293 3042 pugnat,
317 2973 370 3030 boc
388 2971 430 3032 est
449 2978 551 3035 etenim
574 2980 686 3057 [quaed]
707 2985 851 3058 vigilanter
866 2992 966 3065 adjun-

177 3059 215 3134 git
237 3076 301 3118 cum
326 3064 413 3123 dicit:

208 3151 244 3207 Et
252 3155 334 3224 jueta
346 3172 426 3228 opere
439 3176 564 3217 monum
577 3180 685 3220 suerum
697 3166 855 3228 retribuetur
867 3175 901 3231 ei.
915 3172 966 3234 Ne

174 3258 227 3315 qne
241 3246 317 3304 enim
332 3246 415 3305 aliter
427 3251 581 3311 tmctuosus
598 3257 629 3313 lit
649 3274 714 3317 suus
731 3277 821 3321 sermo
838 3257 942 3327 doctori
955 3248 1002 3338 ,C

175 3335 226 3391 nisi
249 3337 273 3393 si
297 3339 356 3410 ipse
378 3342 454 3412 prior
476 3344 559 3402 iaciat
581 3348 651 3405 bona
674 3368 735 3422 quae
756 3356 845 3413 docet.

207 3422 233 3477 F
233 3435 314 3482 etuus
327 3432 417 3486 stetim
430 3434 530 3491 indicet
542 3437 611 3493 irum
626 3458 718 3510 auem,
738 3448 784 3517 qui
802 3458 890 3506 autern
912 3438 968 3510 dir·

173 3514 279 3571 simulat
301 3518 444 3590 injuriant,
465 3525 577 3583 callidus
597 3542 650 3598 est,
667 3535 714 3603 qui
738 3552 768 3592 se
792 3539 819 3594 in
839 3546 966 3613 praesenti

172 3604 308 3663 desiderat
328 3608 422 3669 ulcisci
442 3612 531 3673 fatuus
550 3627 605 3686 cst,
622 3622 667 3691 qui
682 3633 772 3682 autem
787 3631 966 3700 probamina

173 3693 301 3765 injuriam
317 3705 469 3759 coutemnit
487 3708 604 3779 sapiens.
628 3712 710 3772 lluuc
730 3722 894 3779 uersiculum
910 3727 964 3784 alia

172 3785 314 3843 translatio
328 3789 368 3846 sic
381 3792 462 3850 babet
477 3813 484 3851 t
506 3797 610 3857 Stultus
624 3805 715 3861 eadem
730 3808 797 3866 bera
810 3821 965 3883 pronuntiat

171 3872 240 3928 irum
259 3893 351 3945 suom,
373 3882 485 3939 occultat
505 3898 592 3945 eutem
613 3893 785 3964 ignominiam
799 3918 874 3959 auam
888 3900 963 3964 estu·

170 3970 223 4017 tur.
252 3964 312 4021 Non
338 3977 429 4026 autern
457 3973 662 4047 ignominiosam
689 3984 837 4046 iracundiae
861 3998 965 4064 passio-

169 4068 251 4122 nem,
272 4055 366 4128 itaque
388 4062 555 4132 sapientibus
582 4072 771 4134 occultandam
786 4096 847 4135 esse
868 4086 963 4142 decer·

170 4142 226 4208 nit,
242 4153 274 4200 ut
285 4144 346 4216 ejus
358 4149 529 4211 velocitatem
543 4159 655 4229 culpans
675 4181 729 4223 non
749 4159 892 4231 rubrrcat
908 4186 962 4233 trr-

169 4231 300 4302 ditatem,
315 4253 397 4311 marn
412 4245 505 4315 utique
519 4247 541 4303 si
564 4266 611 4318 per
627 4261 751 4313 necessit
838 4268 960 4325 bumana

169 4324 337 4385 infirmitatis
352 4332 478 4403 irruerit,
500 4337 559 4395 idco
584 4347 682 4402 ¹assuit
703 4354 911 4425 occultandam,
933 4369 963 4417 ut

168 4413 232 4470 daun
247 4418 280 4473 ad
291 4434 411 4489 pemeus
421 4428 558 4499 sapienter
568 4437 713 4507 rabuntur,
725 4443 962 4516 sapientiusque

170 4516 265 4563 icatur
287 4519 316 4566 et
341 4513 369 4568 in
391 4528 552 4590 perpetuum
579 4525 711 4585 deleatur.
737 4532 802 4592 Htec
823 4541 895 4596 enim
917 4553 960 4601 cst

168 4608 272 4657 naturae
293 4604 332 4660 ita
351 4616 383 4663 ut
403 4609 486 4677 dilata
506 4613 665 4689 languescat
680 4630 708 4678 et
725 4637 838 4698 percat,
854 4634 960 4704 prolata

167 4706 232 4748 vero
253 4698 340 4768 magis
358 4702 500 4775 magisque
521 4708 679 4782 contiagrct.

201 4783 250 4839 liet
262 4788 309 4858 qui
319 4793 454 4860 promittet
466 4806 491 4850 et
502 4801 579 4868 quusi
589 4802 679 4873 plodio
691 4809 816 4881 pungitur
827 4818 960 4873 couscien-

167 4875 220 4930 tioe.
244 4876 410 4939 Promlt'tunt
432 4900 463 4941 se
482 4891 602 4947 nonnulli
623 4895 734 4955 obedire
760 4904 884 4974 ueritati,
911 4912 959 4966 sed

168 4966 212 5022 ribi
231 4973 348 5030 tentatio
369 4984 476 5036 terreus
495 4982 553 5039 sire
573 4984 716 5048 blandiens
734 4990 957 5067 impedimentum

166 5060 344 5133 praetium,
369 5066 497 5127 deserunt
520 5074 629 5145 quidem
655 5092 767 5155 coepta,
793 5090 841 5146 sed
867 5100 956 5152 emen

164 5150 333 5238 wmeientla
350 5159 479 5227 promissi
502 5167 579 5235 quasi
601 5169 691 5241 gladie
710 5179 848 5250 pungitur.

199 5238 304 5313 linqua
316 5257 404 5304 autera
416 5254 574 5323 tumentium
586 5261 688 5319 rouitea
700 5276 749 5322 ert.
764 5270 834 5337 Quia
845 5281 874 5329 et
885 5273 956 5332 bona

165 5344 227 5403 qttat
244 5336 408 5406 promittunt
427 5338 497 5413 ipsi,
518 5348 687 5418 prolicienda
708 5358 743 5413 ad
762 5360 845 5417 rium
856 5379 954 5435 perre-
983 5364 991 5378 '

165 5422 258 5492 uiuat,
275 5432 303 5482 et
322 5427 385 5486 aliis
403 5446 464 5502 quae
482 5449 633 5509 sequantur
652 5446 825 5515 praedicando
844 5452 955 5513 deumn-

164 5520 262 5572 strant.

198 5601 311 5662 mum
331 5611 449 5671 ueritatis
464 5617 571 5687 firmum
591 5626 641 5681 erit
658 5629 686 5684 iu
711 5612 885 5706 perpetuum,
910 5644 956 5712 qui

164 5702 251 5749 utem
270 5700 344 5756 testu
363 5712 402 5758 ert
422 5711 570 5779 repentinus
589 5718 727 5775 concinunt
746 5721 864 5795 liupaton
883 5746 956 5785 ruea·

166 5781 241 5842 teat
257 5786 338 5849 Fides
350 5794 535 5857 ecclesiastica
558 5818 664 5877 semper
681 5812 818 5885 maerebit,
838 5817 883 5888 qrri
905 5835 954 5875 au·

1027 637 1114 692 nister
1136 637 1266 695 baeretici.

1064 730 1151 789 tiemo
1169 743 1286 801 uersutus
1300 737 1366 792 celet
1379 738 1525 794 scientium.
1541 740 1674 796 l'ersutus
1687 742 1739 797 lroc
1755 742 1815 799 loeo

1027 822 1055 879 in
1078 825 1150 881 bone
1171 823 1342 899 intelligitur,
1366 829 1472 897 idest,
1498 831 1607 901 sapiens
1626 840 1656 887 ct
1679 832 1814 903 prudens,

1026 915 1074 988 qui
1096 933 1299 991 nonnumquam
1323 922 1356 976 de
1382 920 1514 978 industria
1535 938 1612 979 suam
1636 923 1705 979 celat
1728 923 1817 980 scicn-

1026 1010 1113 1076 tiam,
1140 1011 1240 1083 duplici
1264 1013 1393 1069 nimimm
1419 1015 1547 1082 ratione,
1574 1015 1617 1070 ucl
1644 1030 1699 1073 uon
1722 1017 1817 1073 ualens

1025 1102 1141 1160 intumis
1164 1105 1333 1163 auditoribus
1355 1108 1429 1179 loqui
1452 1110 1530 1179 quasi
1556 1111 1739 1181 spiritalibus,
1767 1114 1814 1167 sed

1024 1194 1102 1263 quasi
1126 1195 1296 1263 carnalibus,
1319 1197 1362 1254 rel
1383 1199 1478 1256 nolens
1504 1201 1571 1257 dare
1591 1211 1716 1259 sanctum
1735 1204 1813 1261 caui·

1024 1286 1093 1347 bus.
1121 1301 1209 1358 neque
1232 1297 1297 1345 autc
1318 1305 1416 1361 porcos
1439 1293 1603 1365 margaritas
1625 1295 1768 1366 projicere.

1060 1375 1094 1431 tu
1117 1394 1162 1432 eor
1183 1377 1363 1451 insipientium
1384 1393 1507 1451 prouocet
1526 1379 1677 1440 stultitiam.
1701 1384 1815 1453 otiante

1023 1466 1065 1520 uel

1023 1573 1128 1628 sapere,
1149 1576 1182 1614 eo
1194 1577 1278 1631 usque
1298 1562 1453 1620 meditando
1473 1566 1635 1635 prosiliunt,
1653 1575 1684 1623 ut
1701 1584 1751 1639 pro
1771 1585 1816 1627 sa-

974 1640 1124 1737 epienda
1141 1652 1286 1708 stultitiam
1305 1662 1432 1726 teneant,
1446 1657 1487 1713 rel
1504 1647 1578 1715 certe
1590 1660 1657 1718 alies
1674 1676 1734 1732 quae
1752 1678 1814 1720 nec-

1023 1739 1086 1795 dum
1109 1757 1206 1813 capcre
1230 1753 1333 1815 queunt
1356 1746 1454 1804 docere
1477 1749 1605 1818 nitentes,
1621 1754 1656 1808 ad
1681 1753 1813 1825 majorem

1022 1818 1070 1885 eds
1094 1830 1236 1889 stultitiam
1259 1847 1425 1912 provocant,
1448 1848 1475 1895 et
1501 1840 1578 1911 quasi
1604 1843 1706 1900 sauciis
1728 1846 1814 1901 cerdis

1022 1917 1113 1976 lumen
1134 1922 1292 1995 ingerentes
1310 1926 1392 1994 solis,
1414 1930 1552 1986 modicum
1573 1930 1642 1988 lucis
1661 1935 1734 2006 quod
1754 1950 1815 1992 cer-

1021 2025 1087 2067 ncre
1108 2012 1270 2071 videbantur
1290 2015 1425 2073 autemut.

1057 2100 1154 2156 liunus
1175 2102 1284 2174 [ortium
1304 2105 1494 2177 dominabitur,
1513 2128 1573 2183 quie
1595 2122 1683 2167 auteur
1703 2115 1814 2171 remissa

1020 2199 1058 2244 eet
1074 2190 1178 2247 tributis
1196 2193 1297 2249 seruiet.
1315 2195 1432 2253 Perfecti
1445 2200 1546 2272 quique
1562 2217 1615 2268 non
1634 2203 1721 2259 solutu
1736 2205 1815 2262 ritio-

1020 2295 1081 2336 rum
1092 2281 1162 2337 bella
1175 2293 1318 2354 superant,
1332 2288 1381 2344 sed
1401 2297 1430 2345 et
1448 2289 1543 2347 clectis
1565 2290 1698 2351 iratribus
1717 2295 1813 2368 majori

1019 2372 1149 2430 virtutum
1171 2377 1258 2448 gratia
1284 2378 1489 2450 principantur;
1512 2383 1558 2453 qui
1582 2392 1674 2440 autem
1687 2386 1813 2444 dissoluti

1019 2461 1111 2517 animo
1134 2464 1253 2533 peccatis
1278 2465 1414 2538 implicari
1441 2485 1495 2525 nen
1518 2480 1664 2539 metuunt,
1691 2477 1811 2545 pessimo
1866 2511 1869 2517 ·

1019 2554 1141 2608 exactori
1161 2554 1267 2611 diabolo
1287 2557 1388 2614 tributa
1404 2560 1533 2617 vitiorum
1551 2566 1673 2634 quotidie
1692 2568 1810 2624 solvunt.

1019 2642 1088 2698 btsi
1103 2659 1156 2700 non
1178 2644 1326 2703 dominium
1340 2647 1399 2718 cios
1417 2652 1540 2710 virentes
1566 2656 1723 2727 poenitendo
1748 2675 1812 2715 era-

1019 2744 1122 2802 serunt,
1134 2743 1196 2806 post
1209 2747 1324 2794 mortem
1339 2741 1430 2797 traditi
1443 2742 1531 2800 eidem
1543 2743 1570 2799 in
1581 2760 1719 2802 carcerem
1733 2750 1767 2805 ab
1780 2765 1813 2804 eo

1019 2839 1160 2895 poeuarum
1182 2827 1326 2883 mittuntur
1339 2838 1521 2900 aeternarum,
1536 2831 1616 2904 juxta
1635 2838 1706 2906 qrrod
1725 2837 1814 2893 lienu-

1017 2929 1070 2970 nus
1091 2913 1118 2969 iu
1140 2915 1301 2989 Evangelica
1326 2919 1457 2992 parabola
1481 2932 1605 2981 testatur.
1627 2925 1720 2999 Neque
1739 2930 1811 2985 enirn

1018 3006 1052 3063 de
1068 3006 1161 3064 talium
1174 3011 1345 3069 correctione
1360 3014 1558 3086 desperandum
1573 3030 1632 3086 est,
1647 3035 1709 3076 cum
1727 3024 1811 3093 proti-

1017 3115 1070 3155 nus
1084 3099 1259 3174 adjungatur.

1053 3188 1152 3249 lloerer
1168 3194 1196 3248 iu
1215 3194 1293 3250 corde
1309 3195 1360 3252 uiri
1376 3198 1526 3255 humiliabit
1543 3200 1637 3268 illum,
1648 3213 1674 3258 et
1691 3221 1811 3263 sermone

1020 3280 1086 3336 bono
1110 3281 1299 3354 laetificabitur.
1329 3286 1397 3355 Quia
1423 3289 1552 3346 nimirum
1578 3309 1691 3351 neccsse
1716 3306 1758 3353 est
1781 3307 1812 3354 ut

1017 3369 1094 3443 prius
1107 3383 1278 3444 peccatorem
1294 3391 1397 3434 moeror
1413 3382 1581 3451 poeniteutiae
1599 3386 1744 3445 salubriter
1761 3390 1811 3444 lur-

1017 3462 1117 3531 miliet,
1145 3474 1173 3520 et
1197 3466 1234 3522 ita
1247 3471 1418 3538 postmodum
1439 3472 1638 3542 perjudicium
1655 3479 1809 3537 sacerdotis

1014 3552 1107 3609 ‘sermo
1131 3552 1202 3611 datae
1227 3549 1457 3618 reconciliationis
1481 3563 1610 3623 laetificet.

1052 3642 1105 3710 Qui
1123 3644 1230 3719 negligit
1252 3649 1379 3704 domuum
1395 3652 1501 3722 propter
1521 3658 1634 3711 enricum
1648 3658 1739 3729 justus
1759 3670 1809 3719 ert.

1016 3732 1044 3788 Si
1067 3736 1118 3793 boc
1138 3736 1307 3810 degenerati
1327 3741 1449 3812 pecuniae
1468 3743 1616 3817 largitione
1632 3756 1659 3804 et
1675 3766 1745 3822 puro
1762 3751 1812 3810 ho-

1015 3828 1089 3885 mine
1111 3829 1200 3886 amico
1221 3840 1296 3888 recte
1319 3834 1429 3901 dieitur,
1455 3848 1558 3906 quiante
1585 3841 1671 3911 magis
1691 3840 1807 3911 iustitie

1014 3936 1115 3977 corona
1136 3922 1262 3995 dignatus
1283 3935 1342 3993 est,
1363 3928 1409 3998 qui
1429 3936 1541 3998 propter
1562 3945 1625 3986 eunt
1643 3932 1690 4002 qui
1715 3933 1807 3990 disits

1011 4009 1080 4065 uteo
1096 4012 1167 4068 uobis
1182 4014 1274 4070 enticis
1288 4016 1369 4083 meir,
1385 4034 1416 4073 ue
1432 4021 1585 4075 terreamini
1599 4021 1632 4076 ab
1646 4023 1688 4078 lrir
1702 4026 1748 4095 qui
1762 4041 1808 4082 ou-

1014 4103 1106 4160 ciduut
1119 4123 1214 4181 corpur
1229 4106 1341 4179 (ltottlr.
1358 4110 1406 4181 a),
1421 4111 1464 4167 rel
1477 4113 1597 4169 rendens
1610 4130 1671 4185 qim
1684 4118 1806 4186 possidet

1013 4195 1177 4265 pauperibus
1196 4195 1306 4263 tribuit,
1329 4197 1371 4254 uel
1394 4200 1518 4270 rapinam
1540 4201 1672 4258 bonomm
1693 4219 1805 4261 suorum

1011 4301 1075 4340 eum
1093 4287 1191 4368 garrdie
1213 4289 1342 4359 suscipit,
1367 4290 1409 4347 rel
1428 4301 1504 4349 certe
1522 4293 1609 4365 ipsam
1629 4294 1658 4351 in
1678 4299 1805 4369 passione

1011 4391 1124 4433 earnem
1143 4379 1360 4436 mortiticandam
1379 4382 1437 4439 sire
1459 4384 1634 4442 occidendam
1654 4390 1764 4457 tradit„

1047 4465 1104 4522 Iter
1124 4478 1212 4523 nutem
1234 4470 1374 4540 turpiorum
1392 4475 1502 4545 decipiet
1527 4491 1581 4530 eoa.
1606 4476 1673 4534 Cum
1694 4481 1738 4538 rel
1756 4498 1804 4539 sua

1014 4559 1133 4616 retinere
1159 4561 1202 4615 vet
1229 4560 1315 4618 aliena
1343 4579 1440 4636 rapere
1468 4567 1596 4638 gaudent.
1626 4569 1704 4630 Unde
1729 4585 1804 4633 recte

1013 4648 1195 4722 srrlrjuugitur.

1050 4739 1113 4796 Non
1133 4742 1247 4799 inueniet
1269 4745 1455 4815 fraudulentus
1474 4747 1593 4820 lucrum,
1611 4765 1635 4810 et
1656 4757 1804 4817 substantio

1011 4828 1126 4885 bouririr'r
1143 4832 1191 4887 erit
1207 4835 1267 4889 aori
1280 4837 1403 4906 pretium.
1420 4838 1527 4897 Fraude
1541 4858 1657 4914 uanique
1671 4848 1803 4917 aequisita

1011 4920 1126 4988 pecunia
1145 4922 1205 4993 plus
1227 4922 1254 4978 in
1270 4924 1360 4981 anima
1375 4928 1466 4984 damni
1487 4947 1569 5001 quarn
1585 4933 1652 4990 lucri
1672 4936 1700 4991 in
1721 4953 1801 5003 arca,

1010 5010 1097 5079 etqui
1113 5011 1250 5081 propriam
1270 5028 1320 5083 pre
1335 5016 1448 5072 Domino
1467 5022 1646 5077 substantiam
1667 5026 1742 5080 rrorit
1762 5027 1803 5082 di·

1009 5114 1139 5170 speusare
1160 5113 1352 5183 remunerante
1378 5106 1438 5177 ipso
1463 5122 1514 5179 pro
1539 5113 1655 5167 terrenis
1680 5114 1800 5173 cmlestia

1008 5189 1081 5246 dona
1110 5192 1233 5264 recipiet.
1257 5192 1364 5251 Aliter:
1390 5194 1453 5252 Neu
1476 5199 1587 5254 inueniet
1611 5201 1799 5271 fraudulentur

1008 5278 1129 5348 tucrum,
1142 5292 1166 5337 et
1180 5284 1327 5340 substantio
1341 5287 1455 5343 bouriuir
1469 5288 1518 5343 erit
1533 5291 1594 5344 ouri
1606 5293 1737 5362 pretium,
1753 5298 1802 5367 qui

1007 5368 1178 5430 fraudulenta
1193 5383 1284 5434 mente
1297 5378 1406 5433 simulat
1421 5393 1451 5434 se
1468 5394 1529 5437 csse
1541 5380 1642 5439 bonum
1654 5425 1662 5452 ,
1676 5387 1801 5458 nequiter

1007 5460 1102 5518 vivens
1120 5463 1147 5518 in
1166 5466 1272 5523 occulte
1290 5483 1344 5524 non
1358 5469 1460 5527 invenit
1471 5471 1543 5528 bona
1555 5473 1619 5531 rite
1632 5481 1774 5549 sequentis
1788 5500 1796 5537 ι

1007 5552 1058 5619 Qui
1078 5565 1168 5611 atatem
1190 5559 1368 5617 substantiam
1382 5562 1512 5621 virtutum
1532 5568 1698 5642 spiritalium
1716 5590 1797 5632 rera-

1007 5646 1076 5702 citcr
1095 5649 1227 5721 acquirit,
1249 5657 1414 5714 mercabitur
1433 5675 1465 5717 ex
1486 5676 1518 5720 ea
1541 5665 1695 5725 claritatem
1720 5675 1796 5745 regni

1006 5737 1151 5803 perennis,
1165 5738 1237 5811 quod
1252 5743 1341 5802 verbis
1355 5754 1534 5820 sequentibus.
1543 5759 1663 5829 apertius
1680 5759 1759 5817 dicit.

1042 5822 1075 5880 lu
1087 5829 1179 5885 sttuite
1187 5831 1300 5902 iustitie
1314 5837 1377 5911 uita,
1393 5842 1444 5899 iter
1457 5855 1543 5904 autera
1559 5850 1662 5906 derium
1675 5854 1747 5907 ducit
1760 5854 1797 5907 mi

1089 1467 1165 1540 impii
1189 1468 1250 1539 plns
1280 1479 1439 1541 appetentes
1473 1488 1571 1545 sapere
1601 1492 1683 1546 quam
1707 1488 1814 1550 090,ng
1873 1461 1944 1510 a*
