4042 6200
217 305 269 362 loa
535 300 565 354 Β.
576 291 710 354 ‘numm
732 297 839 354 ltnultt
859 295 1019 352 ancillet.
1040 295 1193 352 trudunt.
1212 259 1355 351 otendit
1373 293 1462 350 etus
1481 293 1513 349 ll.
1786 298 1837 353 lut

215 417 290 471 tione
302 410 438 483 pontilicis
454 409 552 479 accipit
577 409 707 479 Spiritum
725 417 848 463 sanctum
863 425 871 461 z
887 407 931 463 laic
945 408 995 462 lra-
1009 410 1035 470 Α
1049 415 1155 477 tempus
1169 406 1335 471 conceditur,
1350 406 1407 461 siue
1417 406 1529 477 supplici
1540 407 1722 471 confessione,
1735 409 1758 463 si
1771 425 1838 464 eru·

214 503 359 559 bitaculnm
373 500 488 557 efficitur
500 499 619 570 Spiritus
632 498 729 563 sancti,
746 498 810 553 dum
824 511 878 551 non
889 504 931 552 est
941 496 998 567 ipse
1050 496 1125 551 tinuo
1136 495 1191 549 vita
1206 494 1355 562 exceditur,
1369 496 1446 551 uenia
1458 505 1630 567 peecatorum
1642 496 1757 553 lldeliter
1769 513 1838 567 prce·

213 596 259 663 qm
270 592 407 663 loquitur:
423 590 470 645 sed
481 590 590 660 spiritus
600 587 700 653 Patris,
711 587 757 658 qul
769 587 795 641 in
810 587 855 641 illo
866 586 996 657 loquitur.
1048 594 1170 642 sumatur
1183 586 1218 642 ab
1231 586 1286 652 ilio,
1301 587 1413 656 quinon
1438 588 1496 643 vult
1517 597 1633 645 mortem
1654 592 1803 661 peccatoris
1813 594 1837 648 'a

215 684 260 737 lite
283 682 492 738 communicavit
510 680 685 734 Eucharistiae
702 679 728 732 iu
740 678 999 733 commemoratione
1048 676 1096 730 sed
1108 685 1138 730 ut
1149 684 1322 731 conremalur
1335 676 1511 746 aperditioue
1523 679 1688 746 pcenitendo,
1709 687 1736 735 et
1749 678 1837 736 salra-

216 773 311 827 nrortis
337 771 461 836 llomiui;
479 767 524 823 hle
543 766 593 839 ipsi
619 766 728 822 Christo
744 766 938 822 commoritur:
953 765 999 821 ille
1048 770 1091 817 tus
1101 764 1273 818 miseratione
1285 764 1389 818 Domini
1402 765 1483 818 vivat.
1498 764 1526 819 Si
1539 766 1599 835 quis
1612 766 1691 822 aliter
1703 767 1837 838 dejustis·

214 861 358 915 conlitetur
370 874 399 913 se
412 856 504 913 mundi
517 855 623 911 actibus
640 854 854 910 renuntiaturum
868 869 876 909 ε
888 854 934 911 bic
947 855 997 925 ipsi
1047 854 1115 909 simu
1135 853 1183 909 ltei
1203 855 1303 925 pietate
1321 855 1413 922 sentit,
1428 871 1481 910 non
1495 855 1674 922 Christianus,
1689 857 1736 913 sed
1748 856 1836 914 liora·

216 950 350 1004 renuntiat
373 949 443 1003 vitae.
458 946 499 1002 llii
524 955 636 1017 peccata
659 946 749 1001 omnia
763 945 998 1014 remittuntur;in
1048 943 1199 998 tiauusest.

216 1039 267 1092 isto
279 1039 496 1107 exstinguuntur.
1081 1031 1203 1087 internas
1217 1034 1313 1088 auimae
1328 1034 1505 1104 cogitationes
1516 1034 1650 1090 diabolum
1664 1052 1718 1092 nou
1733 1037 1834 1103 videre,

249 1122 1836 1199 mmmmmmmmwmmmcmmwmmmwmmmmm

213 1216 321 1285 quidam
336 1215 493 1270 sobrietatis
507 1214 623 1285 imagine
643 1212 793 1270 falluntur:
810 1214 856 1271 sed
870 1217 961 1272 uinum
970 1225 998 1272 et
1047 1210 1219 1267 affectionum
1245 1212 1351 1268 iudiciis
1374 1213 1461 1284 colligi
1487 1215 1731 1284 etennensium,
1762 1215 1856 1273 oili-2

214 1321 283 1375 aqua
303 1306 422 1371 mistum,
446 1304 509 1373 quia
522 1313 550 1359 et
571 1306 664 1360 uinum
687 1302 740 1361 iuit
756 1306 786 1361 in
805 1306 998 1376 redemptionis
1046 1300 1133 1355 cimus
1157 1316 1165 1353 t
1193 1308 1299 1355 mereto
1325 1309 1414 1355 aulem
1443 1303 1533 1357 cordis
1559 1302 1633 1358 solus
1661 1304 1705 1359 ille
1726 1305 1860 1371 vnotit,‘·

216 1404 315 1450 nostrae
338 1395 479 1467 mysterio,
501 1409 563 1450 mam
577 1394 662 1450 dleit:
679 1394 741 1451 Non
755 1396 841 1450 bibam
861 1395 998 1450 antedoce
1046 1389 1279 1460 adquemdicitur
1294 1410 1301 1446 z
1317 1390 1821 1463 Tutolusuosticordufiliurumboati
1857 1382 1860 1389 ⁴

212 1487 261 1539 boe
273 1485 400 1556 peuintiue
420 1486 479 1541 uitia
494 1484 602 1557 (Putat.
626 1488 711 1555 xxm).
726 1488 761 1543 Et
784 1502 853 1557 aqua
876 1497 935 1543 erat
947 1489 997 1542 mi·
1046 1496 1108 1534 ’mm
1128 1477 1240 1552 (Ad-d·

212 1586 284 1630 sturn
301 1575 374 1647 quod
397 1585 459 1647 post
482 1591 588 1634 emnam
602 1577 726 1633 dabatur.
740 1576 796 1633 Sed
812 1586 841 1633 et
863 1580 896 1634 de
913 1578 998 1635 latere
1080 1571 1138 1628 Non
1149 1586 1242 1628 omues
1260 1574 1436 1645 cogitationes
1446 1581 1545 1630 nostrae
1559 1573 1636 1629 malze
1651 1588 1758 1646 semper
1772 1575 1832 1630 dia-

212 1667 271 1737 ejus
285 1669 358 1736 qood
370 1667 462 1724 lancea
479 1665 628 1738 perfossum
640 1675 691 1732 cst,
706 1682 774 1736 aqna
788 1682 851 1722 eum
864 1668 994 1738 sanguine
1044 1659 1097 1716 boli
1110 1662 1240 1719 instinctu
1252 1664 1406 1718 excitantur
1425 1681 1431 1717 :
1456 1663 1503 1720 sed
1526 1664 1668 1734 aliquoties
1692 1676 1725 1719 ex
1746 1667 1832 1721 nostri

211 1774 330 1829 egressa,
347 1760 438 1814 vinum
453 1759 563 1814 detera
579 1757 669 1814 earnis
683 1754 742 1827 elue
761 1757 817 1813 rite
838 1772 900 1814 cum
924 1773 993 1828 aqua
1007 1726 1032 1788 B
1045 1752 1147 1807 arbitrii
1171 1762 1245 1807 motu
1266 1762 1406 1825 entergutrt
1427 1772 1434 1808 τ
1460 1754 1537 1810 bouae
1549 1764 1639 1810 autem
1656 1756 1833 1827 cogitationes

209 1863 369 1918 expressum
379 1849 541 1905 ostenditur.
1045 1856 1178 1911 ⁸0¹¹¹PQP³
1192 1842 1248 1897 Μ)
1257 1851 1330 1898 θῦῦῑ·

245 1937 318 1993 Bona
332 1949 374 1993 est
389 1953 454 1995 caro
464 1947 557 1994 nostra
569 1937 683 1993 einoldo
694 1939 764 1994 buna
782 1956 788 1993 ε
804 1946 895 2009 utputa
909 1952 923 1992 a
937 1938 994 1995 solo
1080 1933 1219 1989 namanes
1230 1948 1280 2003 per
1291 1934 1427 2005 energiam
1438 1948 1492 1990 non
1504 1936 1640 1991 credimus
1650 1936 1833 1992 substantial-

209 2030 382 2086 etbouolleo
395 2029 513 2094 condita,
526 2039 554 2085 et
569 2038 676 2085 nonest
694 2028 774 2093 mab,
790 2037 820 2083 nt
832 2027 926 2083 volunt
944 2028 994 2084 Se-
1045 2030 1087 2078 ter
1099 2024 1173 2080 illabi
1186 2026 1284 2080 animae
1307 2043 1314 2079 :
1341 2025 1389 2081 sed
1410 2026 1589 2103 applicatione
1610 2036 1638 2083 et
1658 2028 1832 2098 oppressiure

210 2116 317 2174 thianus
327 2127 355 2175 et
367 2119 550 2190 opinianuset
560 2118 748 2174 patricianus:
764 2134 814 2174 nec
827 2119 889 2174 mali
901 2134 992 2186 causa,
1044 2112 1125 2168 uniri·
1142 2112 1215 2168 illabi
1240 2121 1330 2169 aulem
1351 2115 1434 2169 menti
1453 2113 1490 2170 illi
1512 2115 1561 2170 ⁸⁰¹5
1576 2116 1704 2185 possibile
1716 2126 1769 2181 0⁸1,
1784 2118 1830 2184 ‘itti

208 2215 239 2261 ut
252 2208 341 2264 docuit
356 2208 479 2264 Florinus
493 2227 500 2263 ε
516 2223 567 2264 nec
587 2223 621 2264 er
635 2208 705 2264 malo
717 2217 745 2264 ot
757 2207 829 2264 bono
843 2221 991 2281 compacta,
1043 2201 1165 2256 milit
1176 2201 1222 2272 (tui
1235 2210 1331 2258 natura
1345 2202 1494 2259 subsistens
1504 2204 1680 2275 incorporeus
1703 2206 1832 2275 espalilis

207 2303 238 2350 ut
254 2295 416 2351 blanicbaeus
435 2295 604 2367 blasphemat
623 2314 630 2350 ε
656 2297 703 2352 scd
720 2310 782 2351 cum
802 2297 838 2352 sit
858 2297 995 2353 creatione
1043 2300 1086 2347 est
1100 2307 1155 2348 suae
1165 2291 1284 2348 lecture.

208 2387 287 2453 ltona,
312 2387 423 2443 arbitrio
438 2388 534 2443 animae
561 2386 676 2443 ellieitur
696 2385 773 2442 nobis
789 2385 832 2441 rel
860 2388 928 2442 bona
952 2386 994 2442 rel
1079 2380 1161 2453 Signa
1174 2391 1202 2438 et
1215 2383 1335 2453 prodigia
1347 2385 1517 2441 etsanitates
1528 2386 1611 2441 etlam
1632 2392 1789 2456 peccatores
1803 2386 1831 2439 in

207 2476 287 2542 mala,
301 2492 355 2533 non
374 2477 560 2533 itnmutatione
570 2475 737 2539 substantioe,
750 2476 798 2531 sed
812 2475 993 2533 exsecutionis
1043 2473 1152 2527 nomine
1161 2472 1363 2530 Iloutimlaoere
1373 2476 1408 2530 ab
1419 2477 1477 2547 ipso
1486 2476 1542 2532 beo
1560 2477 1720 2533 didicimus:
1732 2485 1759 2532 et
1768 2492 1830 2531 curru

207 2567 341 2621 mercede.
353 2565 411 2636 lpsa
422 2567 494 2621 enim
504 2574 556 2633 cst,
578 2581 636 2636 uum
650 2565 778 2621 statuitur
797 2573 861 2619 aute
876 2564 993 2621 tribunal
1042 2562 1111 2618 ulios
1124 2564 1176 2618 bac
1186 2564 1392 2634 presumptione
1406 2565 1511 2634 iurent,
1530 2568 1581 2623 sibi
1593 2581 1642 2638 per
1653 2568 1828 2623 ambitionem

206 2655 307 2712 Christi
324 2675 330 2710 ε
347 2657 375 2711 iu
394 2672 446 2727 quta
464 2655 584 2726 perierat
602 2656 692 2711 anima
704 2655 827 2725 eorporis
839 2662 919 2726 prout
933 2670 993 2729 ges·
1044 2652 1169 2707 numana
1181 2652 1380 2723 gloriaesoceut
1394 2671 1401 2709 :
1417 2656 1463 2725 qai
1474 2656 1623 2727 gloriantur
1634 2674 1662 2712 ru
1672 2657 1735 2713 dato
1749 2656 1828 2726 laun,

206 2747 251 2813 sit,
266 2747 323 2802 sire
336 2748 445 2812 bonum
459 2747 516 2802 siue
525 2744 637 2801 malum.
1044 2757 1096 2797 non
1106 2743 1211 2798 meritis
1223 2742 1323 2799 debito.

244 2836 273 2889 ln
292 2835 537 2890 resurrectionem
551 2835 664 2890 mortuis
674 2850 756 2891 serus
770 2832 857 2890 lomna
871 2850 926 2891 nun
935 2850 993 2890 mu·
1078 2832 1168 2903 siguis
1178 2843 1205 2888 et
1217 2834 1462 2906 mdigiisoiamm
1473 2853 1551 2909 posse
1564 2837 1621 2894 lleri
1634 2838 1828 2904 Christianum,

207 2924 308 2979 tabitur
321 2941 328 2979 ε
343 2923 390 2980 sed
409 2923 451 2978 uir
463 2932 584 2980 mortuus
597 2932 719 2996 resurget
732 2925 758 2979 in
780 2923 866 2980 torma
878 2924 929 2979 viri
945 2943 952 2979 :
966 2933 994 2979 et
1043 2940 1096 2979 non
1110 2933 1198 2979 tamen
1208 2934 1343 2992 sanetum,
1358 2928 1382 2982 si
1401 2928 1585 2998 intemperatis
1595 2938 1623 2985 et
1631 2930 1734 2999 asperis
1747 2929 1830 2984 mori·

205 3013 304 3070 lcanlaa
320 3014 348 3069 in
359 3013 446 3070 lomna
461 3012 566 3069 lemlnae
578 3028 630 3068 uon
642 3027 740 3068 carens
752 3024 828 3079 sexu,
843 3013 890 3068 sed
901 3021 991 3067 tamen
1042 3014 1094 3070 bus
1103 3021 1165 3085 agat
1176 3034 1183 3068 ;
1195 3016 1351 3086 temperatis
1358 3025 1482 3073 autemst
1490 3018 1737 3087 plaudismonbus
1744 3018 1828 3073 etiam

204 3103 354 3172 nujusntae
368 3112 472 3159 tautum
493 3103 657 3170 conditione,
680 3103 770 3174 specie
794 3102 910 3158 naturali
931 3121 939 3157 ε
955 3117 990 3159 ue
1005 3063 1028 3126 C
1043 3105 1145 3174 absque
1153 3105 1292 3175 signorum
1302 3106 1772 3180 edicaoiamsanotumetperlectum
1781 3108 1829 3163 llui

204 3209 258 3252 uon
271 3196 308 3252 sit
323 3209 388 3251 uera
399 3194 585 3251 rosumeetio:
607 3195 630 3250 si
651 3210 705 3250 nou
727 3196 755 3250 ld
773 3196 898 3266 resurgit,
919 3195 990 3265 quod
1043 3193 1178 3248 bominem
1190 3194 1258 3261 deri,
1276 3205 1350 3252 reete
1362 3198 1508 3258 eredimus.

204 3286 288 3341 cadit.
1078 3282 1171 3339 Nullas
1187 3285 1432 3355 sauctusetjustus
1446 3297 1652 3362 oarmpeucato,
1666 3305 1718 3345 nec
1737 3299 1828 3345 aalma

238 3373 309 3429 lue
328 3372 553 3429 resurrectionem
586 3372 693 3428 bomini
721 3387 815 3429 omnes
835 3382 988 3429 sanctorum
1042 3373 1139 3430 calam
1151 3374 1251 3430 desinit
1272 3392 1333 3432 esse
1354 3375 1499 3445 iustutrel
1519 3390 1639 3444 sanctus,
1653 3396 1714 3436 oum
1729 3380 1827 3437 auecta

204 3465 300 3519 animm
314 3464 342 3518 in
362 3462 467 3518 inferno
489 3464 539 3518 sub
558 3464 649 3519 debito
676 3463 905 3535 prevaricationis
925 3463 989 3519 Adae
1044 3472 1132 3519 teneat
1153 3466 1332 3522 sanctitatem.
1357 3466 1416 3522 Noa
1437 3470 1510 3524 enim
1531 3479 1636 3524 naturae
1654 3470 1766 3533 vuinus.
1780 3471 1828 3526 sed

205 3552 374 3616 tenebantur,
389 3551 474 3606 donec
487 3552 648 3607 suuoritate
658 3551 763 3606 Domini
776 3566 825 3622 per
843 3550 989 3606 indebitam
1042 3554 1172 3622 propositi
1190 3554 1378 3625 adjuramento
1389 3573 1439 3628 per
1451 3558 1500 3613 Dei
1522 3560 1637 3628 gratiam
1662 3561 1828 3629 acquirimus

203 3648 262 3718 elius
276 3652 390 3701 mortem
403 3645 437 3702 de
455 3645 545 3702 servili
559 3646 711 3702 conditione
723 3646 913 3701 liberarentur.
925 3646 990 3702 Post
1042 3644 1230 3699 sanctitatem:
1250 3654 1278 3700 et
1288 3647 1349 3702 ideo
1362 3648 1494 3704 uemciter
1506 3665 1536 3705 se
1549 3664 1644 3705 omnes
1660 3651 1747 3706 sancti
1766 3667 1829 3720 pro·

203 3736 387 3792 emersionem
409 3735 514 3789 Domini
532 3735 566 3790 ad
587 3735 678 3800 caelos,
699 3734 819 3791 omnium
835 3743 988 3790 sanctorum
1042 3734 1168 3788 nuntiant
1181 3745 1347 3803 peccatores,
1370 3742 1435 3806 quia
1449 3739 1476 3796 iu
1490 3739 1604 3796 ueritate
1624 3741 1734 3804 babeat,
1755 3742 1828 3810 guod

202 3824 301 3880 animae
313 3839 373 3880 cum
386 3823 496 3881 Christo
505 3834 571 3881 suut
587 3840 595 3879 t
609 3835 637 3881 et
648 3835 776 3882 exeuntes
788 3827 821 3883 dc
832 3841 945 3896 corpore
955 3827 989 3881 ad
1042 3823 1178 3894 plangant
1190 3833 1218 3879 et
1230 3825 1252 3880 si
1266 3841 1318 3882 non
1331 3829 1540 3897 reprehensione
1551 3829 1731 3895 oousoimtire,
1754 3839 1829 3885 certe

204 3915 340 3972 (illustram
348 3914 654 3983 radunt‚erspectantes
662 3916 886 3972 resurrectionem
894 3929 989 3985 corpo·
1042 3911 1189 3966 mobilitate
1200 3915 1421 3982 praevaricatricis
1431 3925 1544 3974 naturae.

203 4003 243 4057 ris
257 4001 297 4056 sui
314 4019 321 4055 :
340 4010 369 4056 ut
384 4000 418 4056 ad
432 4001 563 4072 integrant
577 4009 604 4057 et
622 4011 778 4072 perpetuam
796 4003 988 4059 beatitudinem
1077 4002 1190 4068 Pascha,
1207 4004 1233 4059 id
1245 4014 1296 4070 est,
1309 4005 1456 4062 lhuduicae
1467 4007 1683 4068 Remmectieuis
1697 4007 1827 4066 menan·

203 4109 267 4151 eum
283 4093 341 4165 ipso
351 4093 456 4163 pariter
471 4093 667 4148 immutentur:
684 4094 754 4149 sicut
769 4101 796 4149 et
815 4105 988 4164 peccatumm
1043 4101 1095 4158 tas,
1107 4101 1169 4148 aitte
1183 4103 1380 4165 transgressum
1390 4097 1506 4153 vernalis
1525 4098 1690 4168 aequinoctii,
1703 4107 1731 4154 et
1744 4109 1827 4155 sextu

202 4183 618 4239 animaeininlernosubtimore
629 4175 988 4255 positaeexspectantresur·
1042 4184 1153 4240 decimae
1173 4183 1242 4239 luuae
1256 4185 1360 4241 initium
1383 4201 1435 4244 uon
1450 4196 1540 4260 potest
1562 4187 1693 4246 celebrari
1708 4205 1716 4243 ε
1730 4189 1826 4245 mem

205 4274 351 4330 rectionem
370 4273 412 4328 sui
429 4273 559 4344 corporis,
575 4281 604 4328 ut
616 4289 678 4330 curu
692 4274 750 4345 ipso
761 4275 795 4330 ad
805 4287 914 4345 poenam
924 4289 989 4332 eoa·
1043 4284 1133 4329 tamen
1146 4291 1238 4331 mense
1252 4286 1331 4331 nata.

208 4371 346 4417 vertuntur
358 4371 497 4417 emmam.
1077 4365 1190 4438 Propter
1216 4371 1334 4427 novellus
1355 4371 1531 4442 legislumes,
1555 4373 1604 4446 qui
1628 4375 1689 4430 ileu
1708 4373 1826 4432 animum

234 4449 424 4506 Paenitentiam
441 4451 551 4507 abolere
567 4461 690 4522 peecata,
706 4453 890 4512 indubitanter
900 4455 988 4512 crodi-
1042 4464 1146 4511 tautum
1175 4457 1209 4511 ad
1237 4458 1380 4530 imaginem
1406 4460 1456 4516 Dei
1483 4470 1605 4519 creatam
1632 4462 1726 4518 dicunt
1753 4479 1763 4517 r
1796 4471 1828 4517 ut

205 4555 276 4605 mus,
288 4541 370 4594 etiam
381 4541 405 4596 sl
417 4541 446 4594 in
456 4541 550 4597 ultimo
563 4544 626 4597 vitae
636 4544 732 4612 spiritu
745 4545 922 4600 admissorum
932 4559 990 4614 pue-
1042 4545 1105 4613 quia
1121 4546 1192 4602 Deus
1211 4547 1384 4619 incorporeus
1398 4559 1471 4608 reete
1481 4552 1611 4618 crseiau,
1627 4552 1710 4610 etiam
1734 4552 1827 4609 amma

204 4630 308 4683 niteat:
327 4628 470 4699 etpublica
483 4630 526 4685 rel
540 4632 653 4702 supplici
667 4631 858 4690 lamentatione
879 4642 989 4705 peecata
1043 4634 1199 4707 incorporea
1209 4654 1271 4694 esse
1283 4641 1433 4697 credatur:
1454 4641 1538 4699 libere
1560 4643 1729 4709 confitentur,
1756 4644 1827 4700 ima·

204 4718 355 4789 prodantur
369 4736 376 4772 :
390 4718 453 4788 quia
465 4720 633 4789 propositum
648 4720 705 4783 Dei,
728 4737 783 4791 quo
796 4723 915 4778 decrerit
935 4723 990 4778 sal-
1042 4728 1131 4798 ginem
1146 4730 1174 4785 in
1185 4733 1334 4790 eternitate
1346 4751 1352 4787 :
1365 4733 1568 4793 similitudinem
1580 4734 1609 4790 in
1619 4734 1738 4791 moribus
1748 4732 1827 4790 inve·

205 4822 281 4872 vare,
295 4806 366 4877 quod
377 4807 506 4878 perierat,
521 4815 574 4863 stat
588 4808 744 4865 immobile:
759 4818 787 4865 et
799 4811 860 4867 ideo
869 4813 931 4883 quia
944 4828 991 4869 vo-
1042 4817 1110 4874 nire.

203 4894 295 4951 luntas
312 4892 370 4964 ejus
387 4911 440 4951 non
453 4902 585 4963 mutator,
609 4897 667 4953 sire
679 4896 866 4954 emendatione
876 4901 949 4966 uitae,
967 4900 991 4957 si

798 5087 948 5168 LIBER
983 5091 1230 5185 QUINTUS.

919 5246 1115 5274 Μ

459 5369 572 5429 eleut
591 5368 733 5426 Pliillllll.
1041 5371 1111 5413 novo
1120 5356 1244 5411 cessauit.
1255 5355 1503 5430 [lequobpostolus
1511 5356 1636 5415 muniuit
1648 5354 1691 5428 (tl
1701 5354 1765 5414 Cor.
1776 5355 1825 5430 ri:

207 5481 352 5538 natalem
371 5483 524 5554 Scriptum,
546 5483 642 5538 bocest
661 5479 746 5536 Veteri
764 5491 789 5536 et
806 5481 881 5537 Noto
903 5481 990 5539 Testa·
1049 5446 1140 5505 ναίω
1159 5448 1377 5503 ‘mmmm
1395 5464 1451 5504 ⁶⁶⁶⁶
1466 5449 1538 5549 Μ
1554 5455 1616 5502 “¹¹⁸⁸
1637 5444 1726 5499 mm
1747 5459 1826 5500 Μ·

548 5561 642 5608 mento.
1043 5539 1245 5598 Testamentum
1258 5550 1346 5598 autom
1363 5537 1466 5594 Novum
1479 5539 1539 5593 tdeo
1557 5543 1737 5605 nuncupatur,
1762 5547 1828 5603 quta

245 5620 1825 5710 mmmmmmfflmmmmmmfflmmmwm
