4042 6200
278 338 340 394 rsu
590 336 621 392 n.
641 336 767 393 trunam
783 334 892 392 ιιιιιι
909 333 1067 392 incursu.
1088 331 1239 391 ιιοιιιιι.
1258 331 1509 391 curuum-rans
1525 333 1569 390 ιι.
1811 341 1864 398 uu
1947 308 1948 311 ‘

273 458 374 521 quanto
385 463 457 504 nuuc
470 458 498 504 ct
511 448 582 503 iuter
593 447 687 517 culpas
704 446 815 502 minime
829 445 948 501 timetur.
962 445 1058 514 Sequi·
1070 446 1097 505 Α
1108 456 1186 497 coena
1204 442 1327 499 recubuit
1343 440 1434 515 (deon.
1455 443 1523 517 ιιι).
1539 443 1611 500 Naar
1624 460 1685 500 cum
1707 445 1825 519 impleta
1836 452 1866 507 di·

276 556 340 596 tarr:
357 558 368 592 r
385 539 453 607 Quia
468 540 575 595 venient
595 537 693 592 diesin
717 545 743 593 te
762 546 789 592 et
806 535 1012 591 circumdabunt
1033 544 1059 590 te
1110 547 1172 595 eat:
1188 557 1200 592 r
1215 540 1284 595 Ecce
1297 540 1370 596 enim
1383 539 1411 595 iu
1424 540 1612 612 iniquitatibus
1622 552 1762 612 conceptus
1772 559 1830 611 suro,
1844 556 1867 603 et

275 630 376 687 inimici
389 631 426 685 tui
438 629 516 684 vallo.
532 627 605 695 »Qut
622 642 738 698 unquam
751 638 814 683 suut
825 627 950 684 humanae
963 626 1060 681 animae
1110 629 1139 684 in
1157 626 1264 686 dedetis
1283 630 1391 701 peperit
1413 646 1457 686 me
1469 638 1556 685 mater
1577 645 1638 685 mea
1653 628 1736 702 (Prot.
1753 632 1808 703 ιιι»
1822 636 1867 691 rino

274 722 391 793 maiores
407 718 523 785 inimici,
546 733 627 789 quam
653 717 761 788 maligui
784 716 904 786 spiritus,
920 715 966 786 qui
989 716 1061 770 banc
1110 719 1189 788 culpa
1209 720 1237 775 in
1252 719 1354 776 mundo
1375 735 1435 776 esse
1459 735 1513 775 non
1539 722 1641 792 potuit,
1660 722 1746 791 quiin
1764 725 1866 783 nomm

275 820 418 868 exeuntem
430 826 446 865 a
460 823 572 879 corpore
585 807 720 873 obsident,
729 821 810 877 quarn
823 805 854 861 iu
863 806 955 861 carnis
966 819 1060 861 amore
1110 823 1172 865 cum
1183 808 1263 880 culpa
1276 810 1360 866 venit.
1385 810 1452 865 iiiuc
1467 825 1585 881 namque
1600 811 1673 867 idem
1694 810 1813 882 Propheta
1822 817 1866 872 ait:

276 903 389 974 positam
411 898 574 968 deceptoriis
588 896 810 955 delectationibus
825 894 936 950 lorcant
955 909 1060 965 :quam
1113 899 1197 956 «Nou
1215 898 1408 971 justificabitur
1428 902 1457 956 iu
1468 910 1617 972 conspectu
1638 911 1684 959 tuo
1700 905 1781 960 omnis
1796 906 1868 963 uren
1947 950 1948 971 ι

275 994 345 1048 vallo
360 988 538 1056 circumdant,
557 988 620 1057 quia
634 996 696 1045 ante
715 986 815 1043 ruentis
827 986 886 1057 ejus
899 985 994 1041 oculos
1014 1000 1059 1041 re·
1111 987 1198 1062 (Paci.
1212 990 1308 1064 crau).
1325 990 1418 1047 aliiue
1434 991 1562 1047 Salomon
1587 992 1645 1047 ait:
1662 1011 1672 1045 ι
1689 992 1869 1051 renerum

275 1084 361 1138 ductis
384 1080 569 1151 iniquitatibus
595 1094 663 1149 quas
678 1078 852 1149 perpetrarit,
876 1078 947 1132 bane
965 1077 999 1131 ad
1014 1092 1059 1132 sa·
1111 1079 1138 1134 iu
1150 1080 1286 1150 terra,qui
1300 1078 1385 1136 iaciat
1396 1082 1598 1138 bouumetnou
1611 1090 1704 1151 peccet
1714 1082 1866 1155 (declinarit

276 1173 394 1227 rietatem
407 1186 463 1227 suae
477 1169 657 1225 damnationis
672 1169 808 1223 trahentes
821 1176 974 1234 coarctant,
988 1177 1018 1222 ut
1033 1168 1060 1223 iu
1112 1166 1180 1224 lliuc
1198 1167 1317 1224 ioarrncs
1333 1169 1397 1224 dicit
1416 1190 1423 1224 ;
1440 1188 1449 1220 ι
1467 1169 1496 1225 si
1511 1170 1663 1225 dixerimus
1684 1172 1743 1241 quia
1755 1184 1868 1242 peceatum

233 1280 236 1287 ’
275 1264 330 1333 ipsa
341 1262 396 1332 jam
409 1261 580 1317 extremitate
595 1262 656 1315 rita
671 1259 849 1331 deprehensa,
866 1259 992 1330 aquibus
1013 1260 1061 1314 ho·
1110 1261 1316 1325 nuubabemus,
1334 1261 1385 1330 ipsi
1402 1276 1451 1316 nos
1470 1261 1639 1325 seducimus,
1656 1262 1787 1318 eruaritas
1801 1264 1869 1318 iuno

275 1353 361 1408 stibus
370 1352 547 1408 circumclusa
560 1351 596 1407 sit
607 1350 749 1415 rident,et
762 1356 851 1404 tanren
861 1348 991 1405 evadendi
1004 1349 1062 1405 adl-
1111 1354 1153 1410 bis
1176 1364 1284 1411 nonest
1298 1355 1324 1425 ιι
1338 1354 1418 1410 Jeeu.
1444 1358 1476 1425 ι).
1493 1376 1503 1409 ι
1531 1355 1603 1413 ilinc
1621 1356 1735 1413 lacobus
1755 1360 1790 1412 air
1806 1362 1869 1413 :rin

276 1454 331 1500 tum
346 1445 467 1499 inuenire
481 1458 533 1498 nou
546 1441 639 1512 possit,
654 1441 718 1511 quia
732 1440 839 1509 operari
848 1438 904 1509 jam
926 1440 996 1495 bona
1007 1455 1060 1494 nou
1111 1444 1204 1501 mutuis
1222 1444 1384 1502 offendimus
1398 1461 1493 1502 omnes
1506 1445 1579 1519 (ιιι,
1595 1447 1649 1519 ru).
1665 1466 1675 1499 ι
1698 1445 1799 1503 &notu
1815 1449 1868 1504 ιῃιι

277 1538 350 1602 licet,
365 1552 425 1607 quae
436 1551 497 1591 curn
511 1534 587 1591 licuit
604 1548 685 1604 agere
697 1533 868 1603 contempsit.
883 1530 1061 1603 Cogitandum
1111 1537 1174 1605 quia
1205 1551 1302 1593 omnes
1326 1537 1372 1606 qui
1399 1537 1434 1592 de
1454 1539 1546 1593 carnis
1574 1536 1749 1596 delectatione
1772 1543 1869 1609 concepti

277 1626 354 1682 ualde
367 1634 409 1680 est
422 1632 552 1694 quantum
572 1622 649 1677 nobis
663 1620 716 1677 erit
732 1620 861 1676 terribilis
878 1622 944 1676 bora
963 1629 1062 1675 nostrae
1111 1636 1185 1692 sunu,
1208 1627 1236 1681 in
1250 1640 1345 1682 comm
1363 1625 1563 1697 proculdubio,
1581 1627 1625 1683 ver
1640 1629 1754 1693 actione,
1768 1629 1804 1684 ιιι
1815 1628 1868 1683 ιοω.

276 1715 457 1780 resolutionis,
481 1714 529 1784 qut
548 1727 632 1782 pavor
645 1712 780 1774 meroris,
794 1720 894 1780 quatuo
917 1717 982 1765 tuuc
1000 1725 1062 1765 om·
1113 1716 1196 1782 irone,
1211 1715 1556 1788 veterrimorumque
1571 1733 1652 1773 suurn
1668 1719 1867 1789 puncepsnmu
1947 1706 1948 1709 ’

277 1808 349 1862 nium
365 1806 495 1861 malorum
518 1804 658 1869 meritoria,
672 1819 732 1875 quae
746 1803 844 1859 obliuio
859 1811 1003 1859 transactae
1021 1802 1061 1857 ie·
1079 1795 1100 1854 B
1114 1805 1194 1875 hrains
1207 1806 1311 1862 habuit,
1326 1805 1380 1863 seq
1397 1806 1499 1863 idcireo
1516 1807 1590 1874 illos,
1602 1809 1645 1862 vel
1663 1816 1722 1878 posu
1742 1809 1867 1878 ,apeme

277 1899 396 1964 licitatis,
423 1913 482 1969 quac
495 1897 609 1952 formido
630 1906 658 1951 et
673 1896 853 1951 consideratio
871 1894 980 1964 judicis.
995 1895 1065 1962 Quid
1114 1896 1190 1968 prius
1219 1904 1310 1950 tenere
1337 1912 1391 1950 uon
1412 1897 1516 1965 potuit,
1544 1897 1608 1967 qnia
1638 1912 1685 1952 eos
1703 1896 1745 1951 ille
1763 1912 1777 1950 a
1795 1896 1868 1952 debitis

276 2008 341 2063 erqo
359 2007 419 2047 esse
438 1989 516 2046 nobis
539 1990 572 2044 de
595 1987 774 2058 praesentibus
797 1986 832 2041 ad
856 1986 1064 2042 delectationem
1114 1984 1357 2054 suiseripuit,qui
1382 1987 1530 2056 pronubis
1549 1987 1610 2041 sine
1629 1988 1719 2042 debito
1735 1988 1818 2042 mortis
1835 1987 1868 2041 de
1947 2028 1948 2041 .

278 2084 364 2141 debet,
379 2081 486 2152 quando
498 2080 602 2136 eunetis
618 2078 698 2134 simul
715 2076 918 2133 transeuntibus
929 2092 982 2131 nou
993 2075 1066 2130 ualet
1115 2075 1199 2133 bitum
1215 2075 1307 2142 soluit,
1329 2084 1361 2132 ut
1385 2091 1435 2132 uos
1450 2076 1510 2132 ideo
1525 2077 1577 2132 sub
1589 2075 1653 2147 jure
1664 2077 1745 2133 bostis
1756 2076 1867 2132 uostride

279 2173 393 2243 transire
405 2174 475 2243 qnod
489 2172 619 2233 imminet,
639 2169 746 2240 quando
761 2177 789 2223 ct
803 2169 854 2224 boc
870 2167 991 2223 lunditus
1004 2166 1064 2222 irni-
1114 2167 1171 2229 bita
1186 2175 1279 2221 nostra
1302 2183 1355 2221 uon
1379 2176 1506 2233 teneant,
1525 2169 1590 2238 quia
1603 2183 1653 2239 pre
1669 2170 1743 2224 uobis
1765 2169 1868 2223 mediator

280 2277 323 2321 tur·
337 2268 406 2336 qnod
420 2265 550 2337 diligitur,
565 2271 593 2319 et
606 2262 671 2317 illud
683 2262 822 2333 incipitur,
840 2261 886 2316 ubi
905 2260 984 2315 dolor
996 2276 1066 2314 ιιιιιι-
1116 2257 1163 2312 uei
1175 2265 1203 2311 et
1215 2256 1354 2311 bominum
1374 2258 1454 2311 bomo
1468 2255 1593 2313 Christus
1607 2254 1685 2313 lesus
1700 2257 1805 2329 gratuito
1821 2256 1866 2310 red·

278 2374 360 2428 «quanm
378 2356 486 2410 sarritur?
498 2355 574 2410 Tunc
590 2353 698 2423 maligui
712 2353 823 2423 spiritus
839 2350 994 2422 egrediente
1005 2350 1064 2404 aui-
1115 2346 1182 2402 didit
1192 2346 1264 2416 quod
1277 2361 1330 2401 nou
1343 2346 1467 2402 debebat.
1485 2347 1537 2414 Qui
1554 2349 1627 2403 euim
1638 2362 1687 2419 pro
1697 2346 1768 2402 nobis
1780 2356 1868 2403 morton

279 2461 323 2500 ma
340 2461 386 2501 sua
407 2461 487 2516 opera
503 2444 660 2515 requirunt,
678 2452 741 2498 tuuc
756 2441 825 2499 mala
839 2456 899 2511 quae
919 2449 1066 2497 suaserunt
1115 2437 1205 2493 carnis
1226 2436 1371 2492 indebitam
1388 2435 1520 2503 reddidit,
1535 2452 1586 2493 nos
1601 2452 1617 2491 a
1638 2437 1725 2493 debita
1738 2444 1812 2491 morte
1822 2435 1867 2490 ite

281 2537 420 2606 replicant,
436 2544 465 2590 ut
479 2535 579 2590 somam
595 2532 628 2588 ad
643 2540 776 2589 torureuta
793 2532 910 2588 trabunt.
932 2530 1023 2586 Potest
1038 2537 1067 2586 et
1116 2528 1195 2583 ravit.
1210 2527 1256 2582 alit
1268 2527 1360 2585 cuim:
1378 2548 1386 2580 r
1404 2528 1486 2583 Venit
1505 2529 1577 2584 enim
1599 2532 1723 2600 princeps
1740 2528 1818 2584 ruuudi
1832 2528 1867 2580 bu·

281 2628 333 2684 boe
345 2629 430 2699 aptari
441 2626 504 2683 illud
518 2627 590 2698 qnod
608 2626 731 2696 sequitur
747 2641 754 2679 :
1115 2619 1167 2691 lus,
1183 2630 1211 2677 et
1235 2621 1261 2676 iu
1282 2636 1327 2677 me
1346 2635 1399 2676 uon
1422 2621 1503 2677 babet
1523 2622 1683 2699 quidquam.
1701 2648 1710 2680 ι
1730 2620 1798 2684 Unde
1810 2624 1867 2694 juata

317 2718 397 2774 Sardo.
415 2738 424 2770 r
441 2716 573 2773 Clamauit
586 2731 633 2773 cor
652 2730 746 2771 corum
762 2715 795 2770 ad
816 2713 969 2779 Dorttirrunt,
985 2728 1067 2782 super
1117 2713 1183 2773 ιιιιιιι
1196 2713 1269 2791 quud
1285 2733 1336 2773 uos
1352 2711 1486 2789 Propheta
1505 2723 1676 2784 exhortatur,
1697 2720 1798 2774 dicens:
1813 2715 1867 2768 alle

279 2826 369 2864 urruns
385 2806 445 2863 utta
458 2807 532 2863 Sicu.
549 2827 559 2859 ι
575 2803 877 2879 (auerruncandae
889 2804 1066 2859 intentionem
1118 2811 1170 2867 duc
1189 2810 1266 2881 qnasi
1291 2820 1439 2865 terrentem
1469 2809 1607 2882 lacrymas
1636 2827 1685 2881 per
1705 2810 1770 2865 dicut
1794 2816 1867 2875 etper
1947 2836 1948 2841 κ

280 2899 387 2964 mentis,
409 2912 462 2953 nou
475 2897 666 2953 exultationem
682 2896 757 2953 uocis
779 2896 922 2967 significat.
942 2895 1069 2959 Claruant
1118 2915 1236 2973 noctem
1257 2922 1311 2962 uon
1334 2911 1382 2965 dea
1402 2908 1523 2978 requiem
1547 2899 1616 2972 tibi,
1642 2923 1725 2978 nequae
1742 2913 1816 2961 uocat
1830 2917 1863 2970 pn·

278 2990 349 3045 euim
365 2987 481 3059 peruersi
496 2987 629 3052 bomiues,
644 2985 702 3042 sive
721 2986 847 3056 nequitie
862 2985 997 3062 spiritales
1019 3007 1067 3047 co·
1118 2994 1181 3067 pilia
1201 2997 1272 3052 oculi
1298 2998 1347 3054 toi.
1369 3019 1379 3052 r
1405 2982 1552 3072 (Minoes.)
1579 2999 1659 3057 Omni
1681 3009 1790 3069 tempore
1802 2996 1866 3063 beq-

279 3099 338 3143 roru
353 3081 463 3141 unnim
474 3095 553 3157 suaper
564 3094 654 3136 tuturus
665 3077 726 3138 [tite
738 3076 883 3148 Sion,cum
891 3092 1064 3155 potestatem,
1119 3104 1179 3145 nas
1191 3105 1239 3160 per
1251 3092 1482 3161 compunctionem
1497 3092 1589 3148 cordis
1608 3091 1741 3149 effundero
1758 3087 1865 3148 demnas,

279 3196 332 3251 qua
358 3180 528 3236 dominantur
553 3179 623 3248 plebi
647 3177 689 3232 ιιι
708 3192 806 3233 animae
828 3177 981 3248 peccatrici,
1005 3192 1061 3232 suae
1075 3155 1098 3219 C
1113 3181 1160 3251 qui
1173 3190 1309 3237 auctorem
1325 3190 1445 3238 nostrum
1461 3184 1562 3239 nostris
1578 3182 1757 3254 iniquitatibus
1765 3178 1866 3235 odeum

281 3273 420 3330 ascribunt
432 3271 567 3341 potentiae,
584 3286 636 3325 non
647 3269 748 3339 judicio
757 3271 942 3341 permissionis
954 3271 1063 3337 diuina,
1114 3288 1166 3328 uon
1179 3272 1333 3341 ignoramus
1353 3290 1360 3325 :
1378 3287 1431 3327 uon
1446 3272 1625 3329 dissolvamur
1639 3274 1712 3345 pigra
1726 3270 1865 3341 inertiam

281 3377 394 3431 quorum
405 3360 588 3430 blasphemia,
602 3375 654 3429 qua
669 3368 765 3414 eontra
778 3359 921 3414 llomiuuur
933 3359 1063 3426 eianranr,
1114 3377 1162 3432 per
1171 3362 1301 3419 desidiam
1315 3372 1343 3417 et
1354 3377 1450 3418 ranam
1464 3365 1638 3421 securitatem
1648 3373 1731 3420 cesset
1745 3355 1865 3429 alaeque

280 3453 411 3524 condigna
426 3467 479 3506 nou
499 3450 593 3506 evadet
608 3458 751 3506 tormenta.
764 3449 831 3506 Cum
853 3451 925 3506 enim
940 3450 1066 3522 explere·
1114 3451 1213 3524 pupilla
1222 3451 1292 3508 oculi
1307 3452 1401 3508 nostri.
1416 3452 1640 3525 Praeoecupemus
1652 3454 1741 3510 iacieru
1753 3445 1865 3504 uoniaiin

282 3543 337 3598 rint
350 3541 460 3612 superni
479 3540 572 3597 arbitri
593 3541 620 3595 in
637 3540 799 3597 aduersariis
812 3541 868 3597 suis
880 3549 985 3597 secreta
992 3542 1063 3614 judi·
1113 3540 1293 3607 confessione,
1306 3551 1333 3596 et
1343 3542 1370 3597 in
1383 3541 1493 3612 psalmis
1502 3542 1650 3611 jubilemus
1660 3544 1694 3599 ei.
1713 3540 1866 3604 Lmeuruspct

283 3635 335 3700 cia,
351 3644 414 3688 tunc
427 3641 454 3687 er
469 3631 519 3703 ipsi
541 3639 631 3686 reatus
652 3630 693 3685 sui
705 3629 777 3698 justa
799 3631 929 3703 recipient
942 3632 1064 3701 praemia.
1115 3633 1233 3705 singulas
1248 3643 1348 3710 poetes
1371 3634 1611 3691 lectum—nostrum
1632 3633 1760 3706 lacrymis,
1777 3637 1863 3684 straton

282 3721 352 3777 Nulli
380 3723 450 3778 cuim
467 3735 587 3792 perseum
603 3729 732 3792 pareunt,
749 3721 812 3791 quia
824 3721 949 3777 ouruibus
967 3722 1066 3791 quibus
1115 3733 1237 3780 nostrum
1252 3725 1381 3796 rigemus,
1392 3725 1586 3781 misericordiae
1599 3726 1720 3796 operibus
1732 3721 1863 3776 irrsistnnru's

281 3821 405 3884 possunt,
421 3821 448 3869 ιι
463 3821 591 3882 quautam
605 3812 808 3883 permittuntur,
830 3828 927 3869 nocere
939 3815 1064 3883 eupiunt,
1114 3823 1142 3870 et
1164 3814 1361 3887 eleernosyuam
1380 3817 1542 3886 pauperibus
1563 3817 1673 3889 largiter
1686 3814 1827 3872 tribuamus,
1844 3815 1864 3858 et

281 3921 381 3977 eosque
399 3905 556 3976 perditionis
577 3919 631 3960 succ
651 3914 791 3960 consortes
811 3902 912 3960 babere
929 3913 1063 3975 quaenrnr.
1116 3913 1170 3959 taur
1184 3920 1233 3975 pro
1249 3905 1336 3970 rrobis,
1351 3920 1432 3976 quam
1446 3908 1529 3961 etiarn
1542 3922 1593 3977 pro
1616 3904 1740 3976 proximis
1755 3898 1864 3955 nostriset

281 3996 383 4072 (Grec.)
401 3997 476 4055 Unde
497 4014 547 4053 uec
559 4013 625 4068 opus
638 4005 680 4052 cst
698 3998 749 4053 boc
767 3996 935 4052 selummodo
950 3997 983 4052 de
1001 4011 1065 4068 per·
1115 3996 1192 4053 nobis
1204 3998 1365 4064 commissis,
1381 3998 1595 4056 misericordiam
1610 3996 1712 4054 Domini
1727 3990 1818 4049 assidua
1828 3984 1863 4038 dt·

284 4103 362 4143 uersa
387 4087 477 4142 anima
497 4088 597 4155 dicere,
619 4087 681 4157 quia
702 4102 762 4142 saur
788 4095 968 4155 urarrgustare
990 4101 1065 4157 quaa·
1114 4103 1268 4159 precemur.
1286 4088 1554 4159 Undeetsequitur:

283 4183 356 4241 ruut,
371 4191 433 4231 curn
451 4175 484 4230 ad
504 4177 605 4232 clectos
620 4191 741 4246 quosque
754 4174 922 4246 egredientes
944 4173 1064 4239 ueniant,
1150 4167 1235 4248 Copti,
1250 4197 1260 4230 ι
1274 4177 1421 4249 consurge,
1438 4178 1517 4234 lauda
1531 4178 1560 4234 in
1584 4188 1662 4237 nocte
1674 4180 1700 4234 in
1712 4172 1824 4248 principio
1833 4166 1862 4219 ιι·

282 4275 309 4319 et
330 4281 408 4321 suum
433 4265 539 4331 inillis,
563 4266 585 4322 si
605 4265 776 4337 prevaleant,
801 4265 902 4336 aliquid
914 4263 1063 4335 requirant.
1118 4284 1128 4321 r
1147 4267 1283 4339 qiliarum,
1298 4267 1403 4324 effunde
1417 4269 1488 4325 sieut
1501 4286 1599 4340 aquam
1611 4287 1658 4328 mr
1671 4279 1740 4325 tuum
1751 4274 1804 4321 autc
1813 4274 1861 4317 rou·

283 4353 461 4410 Unusautem
475 4354 899 4426 iuernrribuscrstitit,quiaute
912 4354 1065 4424 passionem
1119 4367 1269 4428 «spectum
1292 4358 1408 4413 bomini.
1424 4357 1496 4414 Lora
1520 4349 1630 4416 adeum
1654 4372 1743 4415 manus
1762 4364 1812 4410 tuas
1826 4362 1861 4420 pro

281 4457 356 4497 suam
368 4441 451 4498 libera
464 4458 529 4499 roeo
542 4444 630 4502 dixit:
649 4464 657 4496 ι
673 4442 733 4498 ianr
756 4459 808 4500 non
822 4444 904 4499 multa
916 4444 1011 4515 loquar
1021 4459 1064 4499 ro·
1119 4468 1128 4500 ι
1144 4449 1286 4507 animabus
1308 4449 1482 4521 parrulomm
1504 4460 1622 4518 tuomm,
1637 4451 1681 4521 qui
1698 4438 1860 4506 deleoeruutiu

282 4533 397 4598 biseurn,
414 4533 487 4589 venit
498 4534 567 4588 enim
582 4534 708 4603 princeps
724 4534 814 4588 mundi
830 4533 918 4602 hujus,
931 4543 960 4589 et
972 4532 999 4588 iu
1020 4548 1064 4588 mc
1117 4559 1127 4592 ι
1144 4539 1225 4606 lame,
1239 4549 1266 4597 et
1280 4541 1407 4611 incapite
1419 4541 1539 4598 omnium
1554 4541 1763 4613 compeditorum.
1784 4528 1861 4603 ιιιιιι·

281 4640 334 4680 uou
349 4625 428 4680 babet
440 4624 584 4696 quidquam
604 4624 694 4698 (doun.
710 4623 776 4697 ιιι).
791 4644 801 4677 ι
816 4624 884 4693 Quia
899 4623 971 4680 enim
992 4625 1065 4680 hunc
1116 4631 1343 4703 ron.)'Cousurqit
1354 4632 1382 4688 in
1395 4642 1484 4701 nocte,
1499 4634 1586 4703 quiin
1601 4632 1760 4690 tribulatione
1771 4634 1861 4696 praetr
1947 4621 1948 4644 ¹

281 4714 421 4770 mortalem
447 4714 582 4770 bominem
596 4714 672 4781 uidit,
687 4730 765 4770 suum
787 4715 814 4769 in
827 4713 873 4770 illo
885 4713 976 4770 muudi
987 4713 1063 4783 prin-
1116 4722 1152 4779 ιιι
1165 4725 1227 4779 vitm
1240 4732 1375 4795 torporem
1388 4740 1404 4779 a
1417 4739 1448 4781 ee
1459 4725 1562 4781 emerit
1575 4722 1748 4795 negligentiam
1758 4714 1833 4771 laudat
1841 4709 1860 4761 in

280 4820 344 4876 ceps
366 4801 466 4874 aliquid
481 4803 601 4859 inuenire
614 4819 692 4874 posse
714 4803 836 4868 credidit,
859 4801 907 4857 sed
928 4801 987 4858 sine
1008 4801 1064 4857 ullo
1116 4814 1248 4884 principio
1262 4814 1425 4885 vigiliarum,
1439 4815 1485 4886 qui
1500 4816 1527 4870 p„
1545 4816 1618 4874 omni
1631 4810 1812 4870 conversanum
1823 4813 1858 4853 sua

280 4902 418 4965 peccator
433 4892 525 4948 muudi
540 4893 712 4964 corruptione
725 4891 801 4957 exiit,
814 4891 861 4962 qui
881 4891 939 4947 sine
952 4899 1064 4960 peoeato
1116 4909 1253 4958 strenuum
1265 4915 1295 4958 ιι
1314 4902 1423 4960 adhibes
1433 4914 1462 4960 et
1479 4916 1601 4972 caurum,
1619 4913 1646 4960 ea
1660 4897 1775 4973 quidquid
1786 4891 1859 4949 altu·

280 4985 308 5040 iu
323 4983 451 5039 mundum
464 4983 545 5039 uenit
568 4981 625 5039 lloc
647 4982 680 5037 de
696 4997 726 5037 se
742 4989 837 5038 contra
858 4980 949 5036 mundi
963 4980 1064 5051 princi·
1115 4991 1323 5062 ςιιιιιιριιιιιιι,
1333 5001 1417 5049 mmm
1429 4995 1462 5049 ιιι
1472 4994 1663 5051 consessionem
1677 4989 1754 5045 ιιιιιι
1766 4982 1859 5038 berron·

280 5089 341 5144 pem
355 5089 405 5128 nee
416 5072 512 5129 Petrus
523 5073 613 5128 dicere
627 5070 807 5141 praesumpsit,
825 5069 871 5140 qui
894 5067 987 5124 audire
1006 5084 1063 5125 me·
1116 5092 1223 5139 venere
1234 5084 1338 5139 uturp„
1354 5084 1473 5142 Effunqip
1484 5087 1556 5143 sicut
1568 5101 1662 5157 aquam
1676 5097 1720 5139 cor
1735 5089 1801 5134 suunt
1812 5074 1858 5123 ante

281 5163 358 5217 ruit:
385 5162 582 5231 ‹Qumeunquc
604 5159 729 5231 ligaveris
750 5173 831 5229 super
851 5165 961 5224 terram,
981 5156 1063 5229 ligata
1116 5188 1290 5245 mmmmm
1315 5176 1431 5244 pompm,
1456 5179 1501 5248 quq
1525 5194 1558 5234 θ,
1579 5181 1670 5236 qmqfflo
1692 5173 1777 5230 ,qepun
1789 5159 1857 5221 cordis

280 5261 359 5307 erunt
370 5259 398 5306 et
413 5251 440 5305 iu
454 5252 539 5318 eoelo;
554 5261 580 5306 er
591 5251 769 5322 quodeunque
782 5248 895 5305 solveris
908 5263 990 5320 super
1006 5257 1063 5304 ter·
1116 5266 1240 5335 producit
1254 5265 1387 5338 lacrymas
1396 5270 1619 5339 compunctionis.
1635 5288 1644 5320 ι
1659 5261 1807 5322 succiduum
1816 5253 1857 5307 beo
1947 5261 1948 5284 ι

281 5357 349 5409 ram,
362 5340 478 5398 solutum
488 5342 539 5397 erit
550 5357 575 5397 et
589 5343 616 5396 iu
629 5341 699 5396 coelo
710 5340 817 5412 (ιιαιιι.
830 5340 895 5412 ιιι).
915 5360 925 5393 ι
945 5341 1002 5396 iloe
1015 5358 1064 5398 nee
1117 5364 1159 5410 est
1173 5356 1283 5425 spiriru,
1292 5357 1500 5424 ροιιιιιιιιιιῃι,
1514 5374 1563 5418 ω,
1575 5359 1712 5416 ,onustum
1723 5360 1747 5407 er
1758 5340 1856 5405 bumilia-

280 5430 378 5485 Pnulus
397 5431 487 5486 dicere
510 5430 697 5500 praesumpsit,
727 5433 773 5501 qul
790 5431 946 5501 priusquam
971 5433 1066 5488 mortis
1118 5455 1174 5501 pum
1190 5446 1260 5501 [teus
1274 5463 1326 5501 ⁰0„
1341 5449 1445 5518 spemn
1469 5449 1555 5520 (pwq
1573 5449 1610 5522 ι),
1628 5471 1638 5501 ,
1653 5447 1729 5503 mur
1748 5439 1776 5494 sd
1788 5427 1855 5489 liunt'r

279 5523 398 5574 delutum
410 5519 536 5585 solveret,
550 5519 584 5574 od
607 5520 678 5575 tertii
692 5521 753 5576 coeli
769 5529 872 5576 secreta
885 5522 1009 5592 pervenit
1021 5521 1064 5594 (ιι
1118 5554 1182 5593 „nm
1197 5554 1293 5595 manus
1305 5555 1368 5595 guas
1382 5556 1432 5610 pm
1442 5542 1582 5597 „numanus
1593 5538 1749 5613 parvulorum
1761 5533 1853 5584 auorum

280 5607 341 5660 cor.
356 5608 416 5676 ιιιι.
437 5608 494 5663 libe
513 5624 565 5663 nec
579 5608 697 5665 loannes
721 5612 812 5667 dicere
828 5628 910 5669 ausus
931 5625 993 5680 est,
1018 5616 1064 5684 qui
1117 5631 1162 5697 qni
1176 5627 1333 5683 demerent
1351 5629 1424 5685 lame
1446 5632 1473 5685 in
1493 5629 1706 5701 capiteomnium
1723 5609 1854 5687 compeditar

281 5709 330 5762 pro
347 5696 581 5766 aurorepraecipuo
602 5698 627 5753 in
643 5699 830 5771 Realemptoris
850 5705 891 5760 sui
912 5716 1022 5776 pectore
1037 5710 1063 5764 in
1117 5734 1186 5784 rrum,
1207 5719 1251 5789 qni
1274 5720 1460 5789 operationem
1482 5719 1668 5778 misericordia
1684 5729 1728 5787 pro
1741 5699 1854 5765 bonilibut
