4042 6200
234 285 282 340 751
534 277 565 331 B.
585 274 714 331 litlBthl
734 272 844 329 ttaum
862 269 1023 327 tttcttttit’.
1045 265 1199 324 dobunt.
1221 265 1365 323 oruttmt
1386 263 1477 319 taus
1493 263 1536 318 lll.
1816 259 1873 316 752

233 393 261 451 iu
274 392 379 447 incessu
390 388 516 446 Leonidis
526 386 663 458 paedagogi
677 384 718 440 sui
732 399 784 437 non
799 382 920 452 potuisse
929 393 1024 434 carcre
1039 386 1062 443 Α
1077 380 1182 435 tidclem
1195 379 1261 443 adit,
1275 378 1407 447 perimat:
1419 376 1500 431 timeo
1514 374 1548 429 ad
1562 373 1728 432 exercendas
1740 373 1874 427 ιιιιιιιιιιι

234 484 316 551 vitiis,
329 482 427 554 quibus
442 479 570 553 parrulos
583 478 671 532 adhuc
686 474 774 531 iuerat
788 473 914 530 inlectus.
1077 468 1198 524 actiones
1217 468 1243 521 in
1262 466 1398 538 publicum
1421 464 1559 537 progredi,
1579 480 1613 519 ne
1626 463 1694 519 sorte
1707 478 1751 519 tue
1764 463 1807 518 rel
1823 480 1874 518 an-

268 572 346 627 Dt'net
358 569 516 642 pauperibus
530 568 641 636 imperat
656 577 665 615 :
683 572 706 618 et
724 563 768 634 qai
783 561 876 631 accipit
892 567 1023 622 mutuam,
1078 560 1146 629 tiqui
1161 560 1246 615 bostis
1261 557 1409 613 adversitas
1424 559 1533 630 grauior
1549 567 1623 612 tenet
1636 555 1740 629 [Forte
1763 556 1876 630 teutctl,

232 678 322 718 ternus
337 668 374 714 ast
391 655 543 728 fenerantis.
558 654 637 709 Patet
647 652 725 723 juxta
740 651 867 712 litteram,
880 649 927 702 sed
945 656 973 702 ct
986 647 1026 702 di·
1077 648 1212 704 ueletiam
1224 649 1304 702 honio
1316 646 1428 718 quilibet
1441 663 1587 718 perversos
1599 663 1660 704 cnm
1673 663 1784 702 snorum
1795 649 1877 702 turba

235 757 304 811 vites
315 751 459 807 virtutibus
473 748 499 803 in
516 747 619 816 judicio
632 744 731 800 occulti
746 740 909 813 inspectoris
923 738 1027 809 princi·
1077 738 1215 802 derideat,
1239 738 1369 793 conviciis
1384 738 1540 803 confundat,
1567 738 1673 808 injuriis
1688 736 1801 803 alliciat,
1831 747 1879 792 aut

238 858 332 922 patitur
345 846 395 910 cis,
420 844 474 898 itno
494 855 589 896 eorum
614 838 639 892 ιι
658 836 749 891 ιιιιιιι
768 831 874 903 jndices
892 831 1024 895 esistunt,
1077 828 1148 883 sicut
1161 828 1258 884 multos
1268 827 1415 896 justorum,
1436 829 1499 898 quia
1512 830 1546 884 ab
1560 829 1619 898 ejas
1638 829 1693 882 vita
1708 827 1878 894 discordem,

237 944 281 1014 (ιιι
295 942 425 996 ιιιιιιιιιιι
438 936 538 992 divitiis
553 939 657 989 carent.
670 932 704 985 Et
716 929 763 1001 qui
777 928 887 981 verbnm
899 923 1027 979 salutaris
1079 920 1221 974 tormentis
1231 927 1352 974 etmorte
1360 928 1511 973 consumat.
1521 918 1688 990 Laudamur,
1698 918 1776 989 foris,
1785 920 1815 971 ia
1823 934 1879 973 me·

237 1035 364 1092 docfflnae
385 1030 483 1100 accipi,
496 1044 511 1083 a
530 1027 652 1093 doctore,
673 1039 769 1080 servus
783 1030 824 1077 esp
845 1019 965 1090 ejusaem
980 1017 1028 1073 ιι).
1078 1010 1122 1063 dia
1135 1008 1281 1081 platearum
1290 1010 1446 1065 occidendus
1457 1027 1526 1077 sam,
1537 1011 1609 1082 quod
1620 1019 1762 1081 aperteest
1773 1011 1880 1076 dicere,

237 1124 328 1188 proris,
344 1122 437 1187 idest,
454 1120 560 1174 ‹tahitor
576 1115 706 1188 implendi
719 1114 811 1171 omnia
831 1127 892 1184 (ιιιι
908 1109 953 1165 ille
970 1125 1028 1164 ma·
1078 1111 1108 1155 et
1120 1101 1202 1157 rerba
1217 1110 1245 1156 et
1260 1116 1343 1172 opera
1357 1102 1500 1167 virtutum,
1514 1103 1560 1157 ubi
1576 1102 1681 1159 ostendi
1697 1101 1772 1158 laras
1785 1117 1879 1174 caepe·

235 1214 339 1284 gisterii
354 1210 473 1267 ε(ἓιιιιιι
487 1209 548 1278 jure
562 1207 693 1279 pmjpp,
1079 1192 1150 1257 rint,
1170 1192 1262 1247 statim
1279 1192 1432 1262 persecutio
1446 1192 1488 1248 rel
1508 1193 1648 1248 bantinum
1662 1193 1704 1249 rel
1729 1193 1878 1265 spicitnum

271 1297 323 1365 Qui
343 1297 454 1352 seminat
476 1293 639 1366 iniquitatem
658 1299 734 1346 metet
757 1287 838 1344 mala.
857 1285 968 1343 Certum
986 1292 1030 1340 cst
1079 1281 1265 1338 committatur
1278 1281 1489 1349 immundorum,
1509 1298 1560 1338 nec
1581 1284 1658 1339 valeo
1678 1284 1877 1340 tentationibus

237 1391 298 1459 attia
315 1389 396 1457 isqui
412 1387 454 1442 rol
469 1383 604 1442 verbovel
616 1380 741 1453 exemplo
752 1382 832 1437 docet
846 1377 1027 1451 iniquitatem,
1079 1374 1215 1440 resistere,
1232 1373 1279 1429 sed
1294 1373 1321 1427 in
1337 1372 1403 1445 ipsis
1416 1373 1480 1429 honi
1490 1372 1621 1445 propositi
1637 1373 1730 1429 vinear
1745 1373 1874 1444 inceptis.

238 1479 350 1549 recipiet
363 1477 518 1533 vindictam.
550 1474 603 1530 Sed
617 1474 681 1545 quia
697 1472 838 1543 sequitur:
1115 1463 1202 1520 Fama
1214 1463 1347 1535 profunda
1366 1480 1395 1518 os
1407 1462 1516 1522 alietate:
1536 1464 1579 1517 cui
1596 1465 1679 1517 iratus
1691 1472 1730 1518 est
1745 1462 1878 1518 Dratinus

274 1571 307 1624 ιι
328 1570 399 1641 rirpa
417 1570 464 1624 ira
484 1584 539 1623 sua
554 1565 789 1630 consummabitur,
815 1561 889 1619 illam
911 1560 1030 1616 maxime
1079 1556 1175 1611 incidet
1188 1555 1215 1610 itt
1234 1553 1318 1608 illam.
1342 1554 1392 1622 Qui
1411 1553 1491 1610 rerba
1504 1555 1547 1610 rel
1568 1555 1658 1611 oscula
1673 1555 1830 1610 meretricis
1844 1555 1877 1610 li·

239 1660 405 1731 iniquitatem
416 1658 620 1714 ridetardicere
632 1671 692 1726 (ιιιιι
705 1653 801 1710 immiti
811 1659 839 1708 ct
848 1651 928 1722 impia
939 1661 1030 1706 meme
1080 1648 1177 1703 beuter
1202 1643 1384 1716 amplectitur,
1410 1647 1487 1717 quasi
1504 1647 1616 1718 januam
1634 1646 1691 1716 jam
1715 1646 1879 1718 gehctntalis

237 1752 385 1821 peragitur,
400 1758 428 1804 ut
443 1763 500 1815 est,
518 1748 660 1803 latrocinia
674 1760 812 1809 exercerc,
831 1743 954 1799 homines
971 1756 1030 1797 ser·
1043 1734 1169 1811 Bpulsat
1183 1737 1283 1809 abyssi,
1299 1737 1408 1809 citoque
1423 1747 1560 1811 mergetur
1570 1739 1592 1794 si
1603 1739 1698 1810 pedem
1712 1749 1811 1794 cantus
1824 1754 1879 1794 non

238 1842 305 1896 ritio
323 1854 456 1912 premere,
480 1837 621 1895 tortrtentis
638 1836 752 1900 laniare,
778 1843 865 1888 morte
883 1832 1029 1903 perimere,
1081 1834 1206 1900 retrahit,
1222 1837 1244 1892 si
1267 1853 1320 1892 uon
1337 1840 1459 1894 membra
1486 1851 1584 1895 caetera
1606 1855 1622 1894 a
1644 1839 1745 1896 ricinia
1770 1843 1881 1898 miribel

239 1934 335 1986 berem
346 1930 433 1985 viduae
446 1945 496 1999 pro
509 1927 621 1999 pignore
633 1926 749 1990 auterre,
763 1926 847 1995 ipsam
861 1924 894 1977 de
905 1923 1032 1977 adversa·
1080 1927 1165 1983 fovere
1174 1929 1299 1998 poettalis,
1314 1929 1341 1985 in
1354 1945 1435 2002 quarn
1450 1929 1540 1986 nubas
1551 1931 1663 1987 omnino
1678 1932 1733 1988 nisi
1746 1931 1821 1989 lilius
1833 1933 1881 1989 irae

240 2023 290 2088 rio,
311 2037 371 2077 corn
384 2021 486 2091 possit,
505 2018 642 2075 uindicare
657 2031 712 2072 ttoa
735 2017 804 2071 aelle
826 2033 833 2070 ε
852 2014 914 2070 talis
930 2013 1031 2069 etenim
1081 2017 1209 2076 illabitur.

240 2116 336 2171 tucrito
353 2113 427 2185 virga
449 2112 497 2167 irae
518 2125 574 2166 som
598 2107 847 2172 consummabitur,
870 2106 943 2177 quia,
961 2105 1032 2160 sicut
1117 2105 1236 2163 Stultitia
1247 2108 1370 2180 calligata
1387 2119 1423 2164 est
1442 2109 1651 2178 incordepttert',
1667 2120 1691 2166 et
1707 2113 1783 2184 uirpa
1801 2111 1882 2168 disei-

240 2205 370 2260 llorninus
387 2205 439 2267 ait,
460 2217 554 2258 omnes
572 2202 617 2272 qui
634 2200 788 2270 acceperint
807 2197 925 2270 gladium
939 2195 1031 2268 gladio
1080 2197 1160 2269 plina
1176 2199 1298 2270 perpulit
1311 2215 1381 2255 eam.
1410 2198 1506 2255 llultos
1523 2201 1647 2256 norimus
1658 2217 1760 2273 pucros
1777 2203 1884 2274 sapien-

240 2296 381 2368 pcribunt,
397 2295 424 2349 id
440 2302 497 2357 est,
514 2293 559 2364 qni
577 2293 677 2363 injuste
695 2292 721 2345 in
741 2289 809 2346 alios
823 2289 954 2354 saeviunt,
973 2288 1031 2358 ipsa
1082 2289 1278 2361 tiapreditos:
1305 2305 1367 2344 nam
1384 2298 1412 2344 ct
1423 2288 1555 2347 ieremias
1566 2293 1796 2364 puerprophetiae
1820 2311 1880 2367 ιιι-

240 2386 344 2441 ιιιιιιιι
358 2384 466 2440 sibimet
485 2383 626 2437 interitura
645 2380 835 2446 consciscunt,
853 2392 950 2434 rerum
966 2377 1031 2448 quia
1081 2380 1195 2435 sterium
1206 2381 1342 2452 suscepit;
1359 2388 1387 2436 ιι
1398 2380 1491 2436 Daniel
1511 2381 1606 2436 scribit
1620 2383 1691 2454 quod
1712 2383 1786 2437 dedit
1810 2384 1882 2439 Deua

240 2477 347 2533 dixerat
356 2475 390 2531 de
404 2475 487 2546 impio
501 2474 623 2544 seqnitur
636 2487 652 2528 e
666 2471 806 2527 contrade
819 2470 864 2541 pio
878 2488 885 2524 z
1081 2471 1169 2541 pueris
1179 2471 1368 2527 abstinentibus
1378 2472 1523 2539 selemiam,
1542 2482 1567 2527 et
1582 2473 1748 2543 disciplinam
1767 2474 1796 2528 ιιι
1810 2477 1883 2529 amai

276 2568 329 2634 Qui
339 2582 438 2638 pronus
452 2574 488 2619 est
503 2565 538 2619 ad
554 2561 777 2629 misericordiam,
794 2560 958 2616 benedicetur
975 2575 984 2614 .·
999 2557 1032 2613 de
1082 2563 1157 2619 rerba
1166 2573 1190 2619 et
1203 2565 1343 2636 sapientia.
1358 2564 1436 2621 Unde
1449 2573 1533 2622 restat
1543 2566 1693 2638 intelligere
1706 2567 1771 2636 quia
1782 2583 1883 2638 pueros

242 2660 351 2724 prunidus
363 2657 419 2712 suis
432 2654 504 2710 dedit
524 2652 643 2727 pauperi.
663 2651 732 2706 Huic
746 2650 835 2706 simile
849 2656 892 2704 est
905 2648 971 2703 illud
984 2648 1031 2719 ju·
1082 2655 1134 2711 hoe
1151 2654 1209 2711 1000
1233 2670 1285 2711 non
1307 2664 1387 2712 aemrs
1411 2656 1459 2711 sed
1484 2672 1564 2712 sensu
1581 2657 1710 2727 parvulos
1734 2657 1882 2730 significet,

241 2750 309 2807 dicis
323 2747 455 2820 ejusdem,
467 2747 513 2818 qai
526 2744 717 2801 misericordes
727 2743 761 2798 ah
774 2741 862 2812 impiis
876 2741 1032 2797 discernens
1082 2746 1175 2819 quates
1187 2762 1248 2803 essa
1261 2746 1372 2802 remeat
1391 2747 1536 2818 Apostolus
1559 2763 1607 2804 eos
1620 2748 1719 2818 quibus
1738 2748 1779 2803 ait
1793 2773 1800 2802 ;
1824 2748 1884 2803 Νι.

242 2844 298 2898 ait:
317 2839 426 2905 Venite,
438 2838 567 2894 benedicti
586 2834 677 2890 Putris
689 2835 756 2902 mei,
769 2833 898 2906 possidete
908 2843 1031 2904 paratum
1083 2838 1128 2893 lita
1140 2839 1215 2910 pueri
1240 2839 1305 2911 epici
1321 2840 1458 2906 rensibus,
1483 2841 1528 2895 scd
1543 2841 1645 2895 maiitia
1668 2840 1776 2913 paruuli
1801 2851 1885 2896 estote

243 2933 311 2988 nabis
329 2944 436 3002 reanum
454 2946 470 2983 a
483 2926 668 2983 constitutione
680 2925 773 2980 mundi
786 2937 795 2977 .·
808 2924 870 2995 (ιιια
887 2923 993 2988 esuriri,
1006 2932 1031 2977 ct
1083 2927 1109 3000 (l
1121 2925 1183 2982 Car.
1200 2927 1268 2997 ιιι).
1283 2928 1441 2998 liujusmodi
1455 2931 1529 2986 cuim
1542 2946 1652 3001 pueros,
1668 2932 1694 2988 id
1709 2942 1763 3000 est,
1777 2933 1885 2989 maiores

243 3024 350 3080 dedistis
365 3022 428 3076 mibi
442 3019 619 3083 manducare,
635 3026 689 3074 etc.
707 3016 824 3073 Possunt
837 3025 928 3071 ιιιιιι
946 3030 1031 3086 panes
1084 3018 1204 3075 stataria
1217 3019 1257 3073 rel
1276 3018 1393 3076 lasciviae
1415 3020 1456 3076 rel
1471 3021 1575 3077 inertiae
1592 3023 1697 3079 deditos
1711 3039 1824 3080 trecesse
1842 3032 1885 3080 est

244 3116 287 3183 oui
303 3112 414 3187 pauperi
425 3112 537 3176 dantur,
551 3124 604 3164 oon
615 3107 701 3164 solum
713 3106 835 3162 alimenti
845 3105 972 3171 carnalis,
984 3105 1033 3161 sed
1046 3086 1069 3150 C
1081 3112 1163 3183 juven

242 3206 324 3262 etiam
340 3204 471 3262 doctrinae
489 3200 635 3274 spiritalis,
652 3214 707 3271 qna
720 3199 809 3256 aalma
824 3207 973 3265 recreatur,
993 3199 1035 3253 in·
1086 3213 1139 3258 tem
1153 3202 1314 3273 prudentum
1335 3203 1425 3275 rigare
1437 3204 1557 3273 perduci.

244 3296 335 3367 telligi.
1121 3292 1173 3361 Qui
1188 3293 1367 3348 calumniatur
1382 3310 1522 3365 pauperem
1536 3304 1563 3349 ιιι
1578 3307 1673 3367 augeat
1685 3296 1797 3353 diuitias
1809 3310 1882 3364 suut,

529 3381 643 3439 catut
660 3378 742 3435 xatt.
1085 3383 1157 3437 dubit
1172 3383 1225 3454 ipre
1240 3383 1330 3437 ditiori
1349 3393 1374 3437 et
1393 3384 1485 3454 epebit.
1511 3382 1624 3440 Constat
1645 3387 1710 3456 (ιιιι
1725 3402 1842 3457 rapaces
1859 3396 1888 3445 et

278 3472 353 3545 Eitea
361 3473 537 3535 demeremur
548 3471 627 3526 erlbit
635 3486 731 3526 cumea
737 3469 868 3542 jureium,
882 3469 1034 3524 cessabant·
1085 3488 1146 3544 aaa
1160 3472 1323 3544 pauperihus
1337 3473 1479 3541 adierunt,
1501 3484 1529 3530 et
1542 3490 1603 3546 quae
1620 3475 1696 3547 juste
1719 3478 1886 3535 ridebantur

243 3580 292 3637 qne
306 3579 392 3617 cause
415 3571 439 3616 et
458 3561 632 3616 contumelia.
663 3561 737 3630 Ejlce
761 3561 929 3625 hereticum,
955 3575 1036 3630 quem
1086 3569 1235 3642 possidere,
1259 3569 1362 3640 pariter
1377 3571 1606 3640 omniaperdnnt‚
1629 3587 1691 3626 cum
1705 3571 1733 3626 in
1757 3557 1887 3631 examina

244 3656 381 3726 corrigere
393 3669 446 3707 noa
458 3653 591 3724 potes,de
607 3652 746 3720 Ecclesia3
774 3661 877 3710 etcum
900 3654 937 3707 illl
954 3652 1035 3709 libcr-
1086 3660 1202 3717 districti
1213 3658 1313 3731 judicis
1331 3675 1426 3731 poenas
1452 3674 1502 3730 pro
1526 3660 1569 3716 bis
1594 3677 1654 3732 (ιιει
1675 3675 1791 3731 gessere
1815 3664 1886 3721 reci·

244 3755 327 3804 tatem
340 3745 500 3818 praedicandi
513 3745 668 3811 abstuleris,
684 3744 823 3802 catholicae
836 3745 895 3816 paci
906 3744 1036 3799 auxilium
1087 3753 1173 3822 piant.
1194 3751 1248 3807 Sed
1260 3759 1287 3807 ιι
1298 3752 1321 3808 is
1332 3753 1377 3823 qui
1389 3766 1535 3824 pauperem
1546 3752 1642 3823 spiritu
1654 3751 1771 3809 fratrem
1785 3756 1886 3812 caloru-

245 3848 368 3914 praestas.
1088 3843 1188 3908 uiator,
1200 3843 1345 3898 virtutibus
1357 3842 1417 3911 elus
1431 3842 1608 3910 detrahendo,
1623 3854 1653 3898 ut
1666 3859 1714 3915 per
1728 3846 1886 3914 ltuJusmodt

282 3931 333 3997 Qui
349 3930 434 4003 diliatt
453 3930 539 3986 cardis
554 3929 722 3997 munditiam,
748 3939 854 4001 propter
872 3929 1038 4000 pratiamla·
1087 3933 1312 4004 uituperationcm
1336 3935 1457 3989 animose
1493 3933 1621 4000 divitias,
1647 3950 1717 4005 quas
1746 3937 1887 3993 desiderat

248 4026 466 4081 biaramtuorum
493 4023 596 4079 babebit
619 4024 732 4078 amicum
747 4040 842 4095 renem.
865 4022 917 4091 Qui
939 4024 1038 4078 mando
1088 4033 1196 4096 augeat,
1216 4024 1244 4079 id
1268 4033 1318 4090 est,
1346 4023 1461 4096 gloriam
1483 4022 1571 4080 landis
1596 4026 1722 4081 humanat
1739 4026 1884 4098 maiorem,

207 4176 212 4187 ,
246 4117 415 4173 eorderccta
431 4112 561 4187 praedicat
586 4113 657 4170 inter
672 4112 732 4169 illos
745 4113 976 4192 annumerabitur,
1004 4114 1038 4170 de
1089 4113 1166 4185 quasi
1190 4114 1309 4168 sanctior
1334 4112 1471 4184 accipiat,
1498 4116 1596 4170 merito
1614 4113 1675 4170 talis
1701 4116 1886 4174 calumniator

246 4206 342 4278 quibus
355 4205 443 4261 eidem
464 4204 521 4276 regi
535 4211 563 4259 et
574 4203 706 4259 conditori
725 4202 885 4258 saecolorum
903 4202 1038 4273 Propheta
1089 4204 1220 4276 quidquid
1234 4206 1312 4259 bonae
1327 4204 1442 4259 aetionis
1455 4204 1556 4260 habere
1575 4205 1729 4270 ridebatur,
1744 4208 1888 4265 amittitet
1990 4276 1991 4285 ι

246 4298 374 4355 dicebat:
394 4294 462 4350 diiii
472 4304 560 4350 autern
572 4295 649 4349 nimis
662 4294 830 4364 honorificati
841 4304 902 4348 suat
910 4312 920 4361 ;
940 4311 1002 4351 uam
1016 4296 1039 4351 si
1090 4310 1106 4350 a
1120 4294 1209 4349 iruclu
1222 4295 1352 4348 uirtutum
1366 4308 1467 4349 rannus
1482 4294 1509 4348 iu
1523 4294 1576 4348 dne
1590 4294 1720 4349 manebit.

246 4388 292 4460 ιιι
305 4386 419 4458 gratiam
426 4385 557 4441 labiorum
572 4394 645 4442 recta
656 4384 827 4457 praedicando
835 4372 1038 4454 premonstrat,
1053 4434 1079 4494 D

1127 4383 1186 4439 Huc
1207 4399 1294 4454 usque
1306 4384 1435 4454 pertingit
1449 4384 1542 4439 titulus
1555 4382 1749 4439 Parabolarum
1766 4385 1889 4443 Salama-
1990 4374 1991 4377 ¹

247 4477 335 4532 cordis
352 4485 442 4531 antem
460 4474 620 4531 munditiam
641 4475 777 4531 custodire
794 4475 960 4543 dissimulat,
988 4492 1038 4531 ne·
1091 4477 1131 4531 ais
1148 4476 1195 4547 qui
1216 4488 1296 4546 snpra
1311 4476 1478 4547 positusest.
1506 4474 1612 4547 Exquo
1627 4478 1890 4535 aarumlocuttonis
1990 4472 1991 4481 ’

247 4582 382 4638 qrraqnam
397 4566 458 4623 talis
470 4567 563 4623 aterni
587 4567 659 4638 regis
678 4566 799 4623 amicitia
818 4566 870 4624 itui
888 4584 967 4639 posse
989 4585 1039 4641 pu·
1092 4584 1176 4639 geom
1190 4569 1321 4639 probatur
1334 4570 1522 4638 assumpsisse,
1539 4577 1569 4622 ot
1581 4582 1612 4623 ca
1628 4567 1828 4639 praedicentur
1837 4584 1889 4624 non

247 4656 345 4711 landus
356 4663 407 4709 est.
1080 4659 1169 4730 'quasi
1182 4658 1217 4712 ad
1231 4657 1312 4712 aliam
1326 4672 1405 4726 qoem
1417 4657 1526 4712 doceret
1541 4655 1682 4727 lontrendo,
1697 4658 1748 4714 sed
1758 4658 1834 4714 velot
1845 4674 1887 4714 se-

284 4744 474 4802 OtnliDamiai
486 4747 790 4815 artaudiuntteieatlam,
802 4758 827 4804 et
838 4749 1042 4822 supplantantur
1092 4765 1154 4806 cam
1168 4748 1242 4805 solus
1256 4748 1441 4804 ratiocinando
1454 4747 1578 4803 rideatur
1590 4746 1676 4803 effari.
1700 4749 1796 4817 Quare
1813 4751 1889 4806 rine-

247 4838 325 4895 uerba
347 4835 441 4905 iniqui.
458 4835 581 4907 superna
595 4837 728 4909 inspectio
752 4840 869 4895 custodit
889 4855 997 4910 seraper
1013 4840 1040 4895 ia
1093 4841 1156 4899 licet
1168 4841 1360 4897 Parabolarum
1374 4842 1477 4912 primus
1489 4849 1532 4896 est
1548 4840 1719 4898 uersiculos:
1742 4840 1834 4898 Filius
1847 4859 1891 4898 sa-

248 4929 368 4988 Ecclesia
383 4927 524 4983 scientiam
544 4928 666 4984 veritatis
683 4944 764 4999 qoam
780 4930 880 4991 docuit.
897 4930 977 4985 rerba
989 4946 1039 4984 aa·
1091 4934 1164 5004 piens
1176 4929 1293 5000 latificat
1306 4945 1418 5003 patrem,
1435 4931 1507 5001 ptius
1523 4949 1581 4986 acra
1591 4931 1688 4987 stultus
1702 4934 1830 4989 mestitia
1853 4948 1889 4991 ert

250 5033 304 5079 tem
320 5021 518 5089 hereticorum,
544 5020 726 5076 immoomnis
737 5036 826 5077 sermo
839 5022 934 5092 pietati
947 5029 976 5076 ct
993 5020 1040 5090 ju·
1092 5022 1386 5090 matrissuu;oltimns
1404 5021 1455 5076 iste
1469 5021 1503 5076 ad
1515 5037 1595 5092 quem
1613 5036 1699 5092 nsque
1716 5022 1890 5094 explananda
1990 5062 1991 5067 .

251 5115 331 5173 stille
350 5112 518 5180 contrarios,
538 5112 601 5183 quia
616 5110 730 5169 Domino
749 5125 860 5183 regente
882 5129 935 5169 noa
950 5128 1042 5168 serta-
1093 5114 1273 5184 pervenimus.
1297 5113 1367 5170 ilinc
1391 5115 1424 5170 ad
1439 5115 1558 5184 priorcm
1571 5114 1697 5185 loquendi
1718 5118 1890 5175 modumre⁴
1990 5170 1991 5173 ,

253 5221 304 5275 ιιι,
322 5222 385 5263 cnm
396 5220 445 5261 suo
460 5214 569 5261 anctore
582 5205 758 5259 suhrcrtitor.
1094 5205 1249 5266 uertitorut
1262 5204 1415 5274 specialiter
1429 5205 1464 5260 ad
1476 5218 1537 5260 entn
1553 5220 1633 5276 quem
1647 5205 1768 5262 instruet
1779 5210 1888 5265 uerbum

211 5317 213 5319 ’
286 5300 356 5356 Dicit
368 5301 459 5372 piper:
483 5298 534 5354 Leo
550 5298 630 5368 saris,
648 5297 676 5352 in
696 5298 783 5353 media
806 5297 952 5370 platearunt
972 5301 1043 5352 occi·
1093 5295 1186 5357 iaciat,
1207 5293 1279 5364 quod
1296 5294 1333 5348 ita
1348 5294 1460 5365 incipit:

254 5392 352 5446 duodus
371 5406 440 5444 sum.
470 5389 542 5445 llicit
558 5402 628 5460 serpe
648 5387 675 5444 in
703 5389 794 5444 animo
816 5404 866 5444 suo
889 5389 923 5453 is,
939 5389 985 5459 (ιιιι
1008 5389 1042 5443 ad
1128 5383 1233 5439 lactina
1248 5401 1338 5439 aurem
1355 5395 1427 5439 tuum
1442 5395 1466 5439 et
1484 5387 1548 5440 audi
1564 5386 1640 5442 acrba
1654 5388 1805 5458 sapietrtum
1818 5407 1828 5444 .·
1842 5406 1888 5461 ap·

252 5483 353 5553 agenda
366 5482 435 5536 hona
449 5494 531 5552 opera
544 5482 619 5551 piger
633 5488 684 5543 est,
700 5481 734 5535 ad
745 5480 924 5536 confitendam
947 5481 1037 5545 tidem,
1093 5494 1160 5549 pone
1170 5487 1257 5532 autern
1268 5494 1313 5531 cor
1327 5488 1399 5532 tuum
1413 5477 1447 5531 ad
1460 5478 1607 5533 doctrinam
1620 5494 1719 5535 meam.
1730 5480 1889 5537 Pulchram·

252 5586 333 5640 quam
349 5572 429 5627 corde
442 5580 526 5637 tenet,
542 5572 653 5627 timidus
665 5585 672 5624 :
686 5570 744 5627 tton
757 5573 843 5627 audeo
856 5570 948 5634 fidem,
959 5586 1041 5640 tpuarn
1093 5584 1146 5637 qne
1157 5566 1264 5624 initium
1276 5568 1352 5639 ponit
1366 5585 1441 5624 norae
1459 5567 1612 5625 locutionis.
1632 5568 1666 5625 lit
1680 5586 1776 5627 aurem
1789 5573 1890 5643 pariter

254 5660 326 5724 ιιοιὶ,
339 5658 411 5714 foras
424 5660 555 5731 profiteri,
578 5675 612 5714 nc
625 5676 667 5715 nte
682 5675 838 5733 persecutor
849 5662 958 5731 impias,
979 5662 1042 5731 qnia
1095 5660 1129 5715 ad
1142 5661 1304 5717 audiendum
1318 5668 1346 5716 et
1360 5675 1407 5716 cor
1417 5675 1553 5732 apponere
1564 5662 1598 5717 ad
1614 5662 1819 5737 intelligendum
1831 5676 1889 5731 aue
1990 5668 1991 5729 ζ
