4042 6200
198 372 251 429 tut
317 368 330 392 '
519 369 550 424 ll.
570 369 696 425 RABAM
717 368 824 426 ltnutu
843 369 1002 427 incutit.
1023 369 1176 428 tibuunt.
1197 372 1339 432 ornauit
1354 377 1443 435 Pstts
1462 378 1494 436 ll.
1670 388 1676 397 “
1773 389 1827 442 too

196 498 247 552 pcr
267 468 471 539 diminutionem
493 480 589 536 bucina
615 480 875 537 diciturzsambuca
899 489 988 535 autem
1002 487 1027 543 Α
1041 484 1111 540 dicta
1127 493 1218 540 autem
1242 488 1376 558 cymbala,
1399 489 1462 559 quia
1487 507 1548 547 curn
1575 493 1729 550 ballematia
1753 498 1837 559 simul

143 556 151 569 ⁶
197 572 322 644 solapud
339 571 763 640 ttcbreostnterpretamr,stent
777 571 988 640 scriptumest:
1040 578 1237 646 percutiuntur,
1249 594 1310 634 cnm
1321 581 1393 636 eninr
1406 579 1492 637 Graeci
1507 584 1599 639 dicunt
1610 587 1733 657 cymbala
1748 590 1837 646 balle

198 664 312 723 Samson
325 664 365 720 tol
385 680 486 719 eorum.
501 662 647 733 Propterea
671 671 760 718 autent
776 663 903 717 sambuca
920 662 989 732 apud
1040 668 1148 731 matica,
1162 670 1195 724 de
1207 685 1261 739 quo
1273 670 1299 724 in
1311 671 1417 740 psalmo
1426 673 1555 744 scripturn
1569 684 1611 730 est
1624 690 1632 728 :
1644 675 1763 732 audate
1772 655 1836 735 eum

197 769 245 813 eos
258 754 434 813 inscribitur:
451 753 514 825 quia
526 753 603 808 multi
616 754 746 808 corticem
757 751 871 822 alicujus
884 751 990 806 arboris
1039 760 1066 813 in
1080 760 1206 830 cymbulis
1216 760 1280 816 bene
1293 764 1445 818 sonantibus
1459 762 1546 827 ll‘ml.
1558 766 1611 838 ct).
1624 767 1751 838 Cymbala
1762 771 1837 829 bene

195 863 257 905 0880
266 855 372 919 pulani,
386 856 474 917 elpdl'
495 846 634 901 linituram
646 860 716 900 oeriil
730 836 1014 898 meliisesse'soltw
1038 853 1163 907 sonantia
1179 852 1249 909 labia
1273 864 1366 909 posim
1390 856 1519 913 debemus
1540 859 1674 929 accipere,
1692 876 1753 931 φη
1776 879 1835 919 non

196 955 266 1007 rum,
286 939 358 1010 quod
373 938 400 992 in
415 939 524 994 modum
550 938 620 992 lubae
633 936 667 990 de
681 950 756 990 tamo
768 933 873 989 arboris
886 933 988 988 moveri
1038 939 1174 996 immerito
1185 942 1256 997 iuter
1269 945 1371 999 musica
1382 945 1559 1002 instrumenta
1572 949 1659 1019 posita
1672 960 1753 1005 sunt:
1766 954 1834 1023 qnia

194 1039 292 1102 potest.
308 1031 343 1086 Et
367 1030 428 1086 ideo
448 1031 577 1086 sambuca
598 1029 705 1091 dicitur,
730 1026 801 1096 quotl
821 1026 989 1094 intempore
1037 1038 1065 1083 ει
1084 1031 1239 1100 ‘similitudo
1256 1034 1380 1103 quaedam
1400 1042 1443 1090 est
1468 1037 1652 1106 cymbalorum
1669 1055 1677 1092 ε
1692 1046 1720 1093 et
1731 1054 1779 1109 per
1795 1055 1833 1096 ea

193 1124 296 1181 aestatis
310 1131 414 1179 tantum
428 1121 486 1179 lleri
501 1129 737 1194 potcst,etusque
752 1118 786 1173 ad
800 1116 988 1187 trigoristem·
1037 1133 1118 1174 voees
1141 1120 1266 1176 humanae
1297 1122 1467 1179 harmoniam
1498 1125 1611 1181 reddere
1640 1128 1832 1183 suavissimam

191 1231 242 1285 pus
255 1215 354 1270 durare
365 1221 464 1284 potest.
480 1212 587 1267 arescit
610 1210 682 1265 enim
697 1207 844 1263 secundum
866 1219 986 1260 commu-
1036 1209 1466 1280 compmbanturdlarmoniaest
1475 1214 1724 1271 euimdircrsarum
1735 1232 1832 1272 rerum

192 1321 253 1361 nem
267 1305 509 1361 consuetudinem:
526 1303 584 1358 haec
605 1309 697 1372 typum
720 1305 793 1353 tenet
818 1310 923 1360 eorum,
939 1293 985 1362 qui
1036 1301 1062 1355 tn
1078 1315 1160 1356 unam
1173 1303 1388 1358 consumendam
1413 1305 1524 1360 redacta
1538 1306 1696 1377 copulatio:
1715 1310 1834 1377 quudet

192 1393 334 1451 Dominum
352 1393 380 1449 iu
394 1392 472 1449 bouis
485 1392 543 1448 suis
557 1390 678 1455 laudant,
693 1388 851 1457 intempore
867 1383 983 1456 trigoris,
1035 1390 1062 1445 in
1084 1406 1150 1447 voce
1171 1392 1288 1447 humana
1305 1402 1411 1449 constas
1437 1395 1559 1451 accidere
1575 1398 1831 1467 2quanq001oem.

190 1488 282 1554 idest,
298 1486 325 1541 in
338 1495 459 1556 tempore
471 1481 653 1539 tribulationis
663 1479 705 1536 rel
718 1474 913 1550 persecutionis
927 1473 984 1529 lett-
1034 1494 1101 1553 pora
1115 1483 1171 1553 ipsa
1186 1493 1214 1538 ct
1225 1484 1335 1555 syllabae
1347 1485 1374 1538 iu
1391 1500 1472 1540 unam
1494 1486 1570 1542 uocis
1583 1489 1752 1544 concordiam
1766 1506 1832 1560 per·

190 1579 254 1634 clare
277 1593 339 1633 eum
359 1592 412 1632 nou
439 1582 562 1647 possunt,
587 1581 696 1644 pmpter
712 1569 899 1649 infidelitatem
922 1565 984 1619 lilae
1034 1572 1177 1628 ducuntur.
1193 1572 1512 1630 Sistmmsbinreutrice
1525 1585 1648 1632 uocatum
1664 1577 1733 1633 :lsis
1753 1578 1831 1635 euim

189 1679 330 1738 eorum,el
339 1668 532 1726 abundantiam
542 1667 695 1724 divitiarum
706 1658 982 1732 suarumtyraoiua
1034 1664 1127 1735 regina
1151 1663 1339 1736 AEyyptiorutu
1363 1666 1390 1721 id
1417 1681 1502 1737 genus
1529 1666 1665 1725 iuvenisse
1682 1671 1827 1739 probatur.

188 1776 240 1833 apo
255 1770 301 1817 tou
312 1760 412 1828 lurein,
425 1760 451 1815 id
464 1766 515 1824 est,
528 1757 685 1814 ararietate
695 1751 883 1823 rocum‚qnod
893 1749 982 1805 diver·
1032 1755 1169 1813 luy-enatis
1183 1775 1190 1812 :
1775 1772 1784 1789 ·

188 1871 233 1912 sos
242 1851 434 1911 sunoselilciat.
442 1851 540 1924 Lyram
550 1850 667 1922 primurn
678 1846 832 1904 abiercurio
844 1846 980 1900 inventam
996 1830 1020 1890 tt
1095 1854 1140 1905 155,
1151 1860 1177 1904 et
1188 1857 1249 1905 yffi,
1261 1855 1333 1905 pqr„
1343 1869 1397 1906 „m
1408 1858 1497 1908 tumn„
1509 1861 1591 1909 „m

186 1944 270 2000 luisse
290 1943 383 1999 dicunt
405 1942 456 1999 linc
482 1942 562 1998 modo
579 1959 586 1995 z
603 1955 665 1996 cum
693 1937 847 2009 regrediens
860 1934 937 1991 Nilus
951 1936 978 1991 in
1067 1935 1130 1993 inde
1152 1947 1180 1992 ct
1195 1939 1247 1994 boc
1259 1939 1387 1995 mulieres
1409 1943 1577 2012 percutiunt,
1597 1958 1630 1998 co
1644 1944 1715 2013 quod
1730 1944 1830 2000 iuren-

186 2054 250 2093 suos
262 2046 367 2092 meatus
381 2035 457 2090 saria
472 2035 498 2091 iu
520 2034 624 2105 campis
649 2032 803 2102 reliquisset
827 2028 953 2085 animalia
970 2048 977 2084 ε
1030 2028 1083 2083 trix
1104 2027 1184 2099 buius
1198 2029 1306 2098 generis
1323 2030 1421 2086 mulier
1436 2030 1496 2086 luit.
1512 2031 1588 2088 llude
1601 2042 1629 2089 ct
1648 2034 1718 2103 apud
1736 2034 1828 2090 Ama·

185 2128 278 2184 relicta
296 2128 379 2183 etiam
393 2126 499 2183 testudo
511 2135 562 2188 cst
575 2140 636 2197 quae
653 2140 715 2181 eunt
729 2121 880 2193 putrefacta
895 2130 977 2187 esset,
1030 2126 1113 2176 sonas
1122 2122 1205 2177 sistro
1219 2123 1253 2176 ad
1269 2123 1367 2178 bobum
1379 2124 1542 2180 seminarum
1559 2128 1695 2184 exercitus
1708 2130 1829 2183 rocabe-

184 2229 212 2274 ct
234 2218 310 2275 nerui
336 2218 395 2290 ojus
417 2217 612 2273 remansissent
633 2214 751 2279 extenti,
779 2213 851 2268 intra
873 2212 978 2268 corium
1029 2220 1083 2266 tur.
1096 2211 1316 2267 Tintinnabulum
1327 2213 1361 2269 de
1370 2229 1438 2269 sono
1448 2216 1523 2270 rosis
1536 2231 1632 2271 nomeu
1644 2217 1829 2273 lrabet:sicut

183 2324 313 2381 percussa
327 2325 341 2364 a
354 2308 488 2364 llercurio
499 2306 616 2364 sonitum
629 2305 715 2371 dedit,
727 2305 760 2359 ad
774 2305 852 2376 cujus
860 2303 977 2374 speciem
1028 2309 1057 2357 et
1081 2301 1192 2372 plausus
1212 2317 1351 2368 manuum,
1373 2305 1475 2360 stridor
1492 2306 1640 2361 ralsamm.
1656 2308 1828 2378 symphonia

182 2402 332 2458 bles-curius
354 2400 440 2472 lyram
463 2398 539 2466 lecit,
556 2407 584 2455 ει
598 2399 706 2469 Orpheo
720 2398 842 2464 tradidit,
854 2397 900 2468 qui
920 2394 977 2465 ejus
1028 2391 1108 2463 lulg0
1129 2391 1279 2463 appellatur
1301 2392 1402 2465 bssnum
1425 2409 1522 2450 cavum
1547 2411 1581 2451 ex
1607 2407 1720 2466 utraque
1744 2410 1829 2468 parte

182 2491 223 2547 rei
237 2491 356 2547 maxime
369 2489 506 2546 studiosus
519 2488 977 2544 erat:untleetastimatrrreadem
1027 2486 1097 2556 pelle
1116 2494 1237 2551 extenta,
1258 2501 1340 2557 quam
1367 2487 1479 2559 virgulis
1504 2487 1568 2545 hinc
1589 2497 1617 2544 et
1640 2489 1702 2545 inde
1723 2491 1827 2545 musici

183 2591 242 2637 arte
256 2596 310 2636 uon
323 2580 395 2636 ieras
408 2588 524 2645 tantum,
537 2580 585 2636 sed
595 2586 623 2635 ει
637 2595 703 2636 saxa
726 2586 807 2651 atque
820 2578 903 2634 silvas
914 2592 978 2634 cau·
1027 2574 1129 2632 feriunt
1151 2594 1158 2631 ε
1185 2576 1269 2646 litque
1291 2577 1319 2632 in
1341 2591 1373 2632 ea
1394 2593 1429 2633 cx
1446 2579 1590 2635 concordia
1604 2580 1694 2649 yraris
1707 2587 1734 2635 ct
1747 2583 1827 2636 acuti

182 2682 226 2729 tus
237 2670 419 2728 modulatione
426 2671 596 2742 applicuisse.
608 2669 684 2725 Hanc
698 2671 795 2725 musici
811 2678 977 2725 structuram
1027 2668 1203 2725 suavissimus
1216 2678 1322 2726 cautus.

181 2771 292 2832 propter
305 2760 387 2819 studii
396 2775 527 2826 amorem,
540 2771 567 2817 et
578 2761 707 2818 carminis
719 2760 836 2827 laudem,
844 2761 925 2816 etiam
937 2761 978 2816 iu·
1333 2762 1448 2819 CAPUT
1468 2764 1500 2820 V.

180 2862 223 2908 ter
236 2853 325 2909 sidera
337 2869 448 2909 suarum
463 2851 617 2910 tabularum
633 2852 794 2909 commentis
816 2851 976 2910 collocatam
1325 2851 1364 2908 bc
1379 2854 1519 2909 medicina.

180 2959 239 3000 csse
253 2944 400 3002 linxerunt.
420 2945 491 3018 Lyra
505 2945 577 3001 euim
592 2946 706 3018 mystice
720 2944 856 3018 siqniilcat
869 2953 977 3002 sancto·
1063 2943 1194 3001 ldcdicina
1205 2952 1259 3011 est,
1271 2960 1332 3017 quse
1345 2946 1467 3017 corporis
1480 2946 1522 3001 rel
1541 2955 1641 3012 tuetur,
1655 2946 1697 3002 sel
1710 2958 1822 3003 roeuu·

180 3050 240 3089 rum
250 3033 468 3093 exsultationem.
486 3036 563 3093 Unde
581 3037 607 3093 in
620 3037 845 3110 Paralipomenon
856 3037 973 3111 legitur:
1025 3042 1071 3089 rat
1087 3033 1200 3089 salutem
1216 3054 1223 3090 ε
1238 3034 1314 3105 cujus
1337 3036 1450 3091 materia
1464 3045 1589 3092 uersatur
1613 3038 1640 3093 in
1659 3038 1760 3094 morbis
1773 3040 1823 3096 rel

179 3125 212 3180 ln
235 3125 299 3197 ipris
326 3137 350 3180 et
368 3127 452 3182 nablis
466 3128 491 3200 (l
508 3128 570 3183 Par.
584 3128 645 3202 xr);
661 3139 690 3184 et
701 3130 728 3185 in
743 3130 841 3186 malam
855 3138 971 3202 partem,
988 3166 1009 3223 c
1027 3124 1194 3181 vulneribus.
1204 3125 1246 3180 Ad
1259 3126 1329 3181 hanc
1339 3126 1430 3196 itaque
1440 3128 1576 3197 pertinent
1587 3140 1639 3184 uon
1653 3145 1684 3183 es
1700 3139 1820 3199 mutum,

179 3225 208 3271 ut
219 3217 246 3271 iu
255 3217 337 3274 druos
346 3236 353 3273 z
361 3217 395 3272 Et
406 3219 508 3272 cantica
517 3218 581 3290 lyras
590 3229 643 3275 tute
653 3237 705 3275 non
716 3222 823 3276 audiam
835 3222 969 3296 (amour).
1024 3230 1084 3284 (11¹ae
1095 3230 1141 3271 «irs
1155 3231 1248 3272 comm
1260 3215 1381 3282 exhibet,
1392 3218 1438 3288 qui
1448 3219 1555 3288 proprie
1567 3219 1663 3275 medici
1674 3221 1823 3278 nominan-

179 3307 348 3378 Tympanum
361 3315 404 3365 εει
415 3307 492 3379 pellis
513 3309 555 3363 rel
579 3309 682 3364 utrium
696 3310 768 3381 ligno
782 3327 815 3368 es
829 3328 881 3367 una
894 3323 972 3384 parte
1024 3319 1088 3365 tur:
1107 3309 1153 3365 sed
1165 3310 1246 3365 etiam
1258 3309 1334 3365 cibus
1345 3317 1373 3364 ct
1390 3318 1480 3381 potus,
1496 3319 1601 3381 tegmen
1624 3322 1652 3367 ει
1667 3321 1795 3385 tegumen
1811 3336 1818 3370 :

178 3406 317 3456 extentum
330 3413 338 3453 ι
350 3408 392 3456 εει
405 3407 494 3454 aulem
505 3415 570 3471 pars
583 3399 670 3455 media
684 3404 850 3474 symphoniae
861 3406 888 3460 iu
900 3407 973 3462 simi·
1023 3398 1143 3455 detensis
1158 3399 1273 3468 denique
1290 3400 1379 3455 omnis
1404 3409 1486 3471 atque
1504 3402 1628 3467 munitio,
1648 3417 1701 3472 qua
1717 3419 1821 3460 sanum

176 3491 318 3548 litudiucm
330 3491 422 3555 cribri,
436 3501 593 3564 tympanum
608 3494 708 3549 dictum
718 3497 830 3566 eoquod
844 3498 871 3552 in
883 3500 971 3555 medio
1023 3507 1121 3561 eortius
1133 3492 1264 3547 adversus
1287 3500 1415 3547 ellemos
1434 3493 1514 3556 ictus,
1534 3507 1667 3564 casusque
1678 3503 1819 3550 servatur·

177 3592 237 3637 cst:
252 3582 322 3637 riade
333 3588 360 3637 et
373 3582 547 3653 margaritum
559 3581 676 3639 neotum
689 3592 843 3657 tympanum
854 3587 969 3644 orcitus:
1023 3580 1126 3637 bourn
1141 3590 1232 3637 autem
1242 3582 1416 3638 medicinas
1442 3586 1532 3649 niano,
1552 3584 1579 3639 to
1603 3592 1655 3649 est,
1679 3593 1820 3655 tenuera-

178 3684 206 3730 ct
220 3676 308 3746 ipsum
320 3683 350 3731 ul
360 3675 519 3748 symphonia
535 3677 568 3731 ad
580 3677 711 3748 virgulam
723 3682 882 3749 percutitur.
891 3683 972 3754 'lym-
1023 3683 1115 3730 mento
1134 3673 1289 3744 impositum
1313 3676 1472 3731 aestimatur.
1502 3676 1568 3731 Nam
1594 3678 1622 3732 in
1645 3694 1678 3734 ea
1701 3680 1819 3735 muitum

177 3781 276 3836 panum
291 3766 385 3836 paucis
398 3766 487 3821 serbis
500 3766 628 3838 explicari
647 3779 763 3838 oportet,
775 3770 846 3841 quod
860 3774 971 3829 minima
1022 3768 1197 3822 contristatur
1208 3774 1314 3832 natura,
1327 3767 1501 3824 mediocriter
1514 3777 1604 3824 autem
1616 3771 1715 3840 gaudet
1725 3786 1733 3824 ι
1744 3773 1820 3828 undo

177 3876 221 3916 res
233 3868 284 3926 est,
310 3876 343 3916 eo
356 3861 429 3931 qnod
451 3861 478 3915 in
503 3876 583 3915 manu
599 3862 720 3917 mulieris
741 3851 844 3934 portori
870 3875 970 3936 potest,
1022 3869 1049 3915 et
1062 3861 1106 3931 qui
1118 3860 1253 3931 pigmenta
1266 3869 1292 3916 et
1305 3860 1425 3915 antidota
1436 3862 1503 3917 satis
1514 3861 1557 3917 vel
1569 3862 1676 3918 assidue
1684 3861 1818 3927 biberint,

175 3951 385 4022 sicntscriptum
401 3952 483 4008 estin
500 3951 614 4008 Exodo:
630 3951 747 4023 Sumpsit
770 3965 858 4009 nutem
883 3955 971 4012 llario
1022 3959 1164 4007 rexarrtur.
1187 3949 1377 4028 immoderatio
1396 3951 1468 4006 eninr
1495 3951 1584 4007 omnis
1608 3968 1660 4008 nou
1686 3951 1818 4020 salutem,

175 4042 339 4114 prophetiam
364 4059 440 4097 soror
463 4041 553 4097 Aaron
582 4051 734 4114 tyrupanum
762 4045 790 4098 in
815 4061 895 4101 manu
921 4064 971 4102 arta
1022 4043 1070 4098 sed
1084 4043 1231 4114 periculum
1245 4041 1333 4098 ailert.
1350 4042 1488 4098 Medicinae
1509 4053 1600 4100 autem
1629 4044 1698 4100 artis
1718 4053 1820 4100 atrelor

176 4131 275 4205 (Eroti.
298 4134 359 4206 ss),
374 4145 402 4186 ct
421 4141 462 4187 est
476 4132 539 4187 triba
555 4148 617 4188 curu
641 4149 694 4187 una
716 4134 805 4190 listula
832 4135 859 4191 in
883 4137 971 4207 eapite
1022 4150 1055 4190 ac
1069 4146 1192 4206 repertor
1204 4135 1276 4207 apud
1289 4134 1399 4190 Grecos
1421 4135 1579 4205 perhibetur
1599 4134 1719 4206 Apollo:
1743 4137 1819 4191 hauc

175 4233 299 4295 augtrsto,
322 4239 369 4295 per
384 4222 454 4291 tqttod
478 4221 591 4291 inspirat
602 4240 609 4275 ;
622 4222 663 4276 sic
676 4231 702 4278 et
718 4223 828 4278 minima
840 4225 971 4296 sapientia
1022 4226 1093 4280 lilius
1106 4225 1164 4296 ejus
1178 4223 1350 4295 AEsculapius
1363 4225 1441 4281 laude
1452 4225 1493 4280 rel
1505 4241 1587 4296 opere
1600 4225 1746 4295 ampliavit.
1758 4225 1818 4284 Sed

176 4312 244 4387 legis
265 4317 365 4372 scleris
387 4317 413 4372 in
428 4331 509 4370 manu
524 4315 677 4374 ludaeorum
691 4323 839 4392 'synagogae
854 4320 971 4390 antiquis
1021 4326 1163 4387 postquam
1182 4314 1303 4372 iuiminis
1323 4317 1377 4372 ictu
1401 4315 1573 4386 AEsculapius
1601 4317 1713 4382 interiit,
1729 4318 1818 4374 iuter-

175 4408 341 4479 temporibus
356 4407 415 4463 luit.
429 4408 495 4464 item
509 4419 666 4480 tympanum
688 4425 786 4481 corpus
802 4419 969 4468 attenuatum
1021 4408 1093 4462 clieta
1106 4406 1194 4463 iertur
1204 4408 1326 4463 medendi
1337 4423 1411 4472 cura,
1435 4418 1464 4463 ct
1477 4423 1522 4462 ars
1535 4407 1614 4463 simul
1626 4423 1687 4464 cum
1702 4416 1817 4465 auctore

175 4501 314 4573 iujejunio
329 4502 472 4575 siguificat,
488 4502 561 4558 utin
587 4503 690 4574 psalmo
703 4523 720 4558 ε·
730 4504 849 4562 nudate
871 4523 929 4561 etam
943 4509 969 4561 in
983 4535 1008 4595 D
1021 4497 1129 4563 «tulerit,
1151 4499 1282 4571 latuitque
1292 4515 1340 4571 per
1364 4515 1450 4555 anuos
1469 4514 1536 4571 pene
1552 4499 1712 4571 quingentos
1727 4515 1817 4571 usquc

177 4602 301 4663 tyrrrpoao
312 4603 335 4647 et
347 4595 425 4648 clroro
437 4591 523 4674 (iffsol.
547 4595 602 4668 ct).
616 4595 722 4653 Chorus
736 4615 843 4670 quoque
856 4600 969 4670 simplex
1022 4590 1055 4645 td
1074 4600 1180 4662 lenibus
1202 4593 1361 4648 Artaxerxis
1389 4592 1460 4665 regis
1487 4591 1631 4649 Persarum
1648 4606 1656 4647 ἓ
1672 4599 1737 4647 lunc
1751 4607 1816 4647 eant

174 4685 254 4755 pellis
268 4693 310 4741 est
332 4701 393 4741 curu
416 4687 520 4744 duabus
531 4688 628 4746 cicutis
651 4691 739 4756 aereis,
753 4700 780 4746 ει
791 4709 840 4764 per
855 4694 969 4763 prirnant
1022 4685 1159 4740 f⁰l0⁰³lil
1173 4686 1199 4740 5¹¹
1214 4686 1301 4742 lucem
1315 4686 1434 4757 Yi⁰⁰l³S
1460 4685 1585 4756 Ᾰὸθῑθβῑθ
1608 4693 1686 4756 Palm
1705 4685 1817 4755 genitus

176 4775 326 4847 inspiratur
345 4795 351 4831 ε
372 4793 421 4847 per
445 4779 603 4845 secundam,
629 4795 722 4836 rocem
742 4782 866 4837 emittit:
891 4792 971 4855 typus
1021 4779 1047 4833 iu
1070 4776 1156 4832 insula
1178 4776 1262 4832 Cboo.
1286 4776 1394 4831 Sanitas
1414 4784 1456 4831 est
1468 4775 1609 4847 integritas
1631 4773 1767 4844 eorporis·
1786 4782 1816 4829 0¹

175 4868 266 4940 populi
291 4870 402 4941 prioris
427 4870 474 4940 qui
499 4881 641 4943 angustam
672 4872 874 4945 intelligentiam
904 4875 970 4948 legis
1021 4868 1242 4939 temperantiam
1258 4866 1658 4938 caliduetlrumido,quodest
1679 4866 1812 4936 sanguis:

173 4970 327 5032 acceperat,
341 4970 369 5017 et
381 4977 430 5033 per
441 4972 582 5034 angustam
594 4963 758 5019 uoluntatem
770 4966 970 5035 praedicationis
1020 4962 1090 5016 little
1116 4969 1144 5016 0²
1165 4960 1267 5015 8³¹¹le
1285 4960 1356 5014 (¹502ss
1379 4969 1429 5022 ⁰⁸1,
1450 4960 1527 5029 quasi
1553 4957 1693 5029 santuissil
1714 4967 1811 5013 Stilus·

174 5055 264 5109 ornata
288 5054 431 5111 irroratur
444 5057 609 5127 praedicavit.
634 5056 663 5111 st
690 5064 778 5112 auum
803 5066 908 5113 terrem
923 5075 968 5115 sa·
1021 5052 1106 5107 llorbi
1128 5050 1248 5122 generali
1277 5049 1408 5105 romono
1428 5064 1522 5105 omnes
1532 5050 1673 5119 passiones
1687 5049 1813 5119 eorporis

176 5145 281 5214 pientes
307 5161 339 5201 ac
363 5146 505 5219 diligenter
536 5147 724 5217 respiciamus,
753 5149 913 5219 spiritaliter
937 5168 970 5209 ac
1020 5142 1298 5212 coritiueutnt:qnod
1314 5141 1375 5196 inde
1394 5149 1500 5195 veltres
1511 5137 1634 5194 ¹1¹⁰beOE
1650 5137 1809 5194 mmmm·

175 5238 289 5308 mystice
306 5238 480 5306 intelligenda
501 5246 574 5293 sunl.
601 5237 668 5294 ltem
693 5239 747 5294 alio
762 5239 851 5305 modo,
870 5242 968 5299 citurus
1020 5249 1140 5304 cuntot
1163 5241 1220 5308 ipsa
1244 5237 1421 5308 appellatione
1439 5234 1535 5291 mortis
1557 5233 1698 5303 simque
1722 5246 1757 5286 ex
1778 5246 1811 5287 εο

176 5328 320 5384 corneordia
335 5337 377 5383 εει
391 5329 542 5393 eharitatis,
556 5328 601 5385 ubi
614 5337 642 5385 ει
657 5345 738 5400 supra
754 5348 760 5385 :
775 5328 896 5386 modste
909 5349 969 5388 eum
1021 5333 1150 5395 nascitur,
1169 5330 1395 5387 demonstrarent.
1418 5327 1491 5383 luter
1511 5326 1653 5383 sanitatem
1678 5332 1772 5379 autem
1784 5330 1809 5377 ει

173 5419 201 5472 ia
214 5428 337 5489 tpurpouo
350 5430 375 5474 et
389 5420 469 5475 cltum
490 5420 601 5492 (itit.);
624 5431 651 5475 et
673 5422 701 5477 iu
720 5420 925 5494 aliampartem,
939 5433 968 5478 ut
1021 5423 1144 5478 rrrorbum
1169 5419 1257 5476 media
1281 5429 1324 5475 est
1344 5418 1461 5483 curatio,
1483 5432 1544 5488 quae
1558 5417 1610 5472 nisi
1634 5414 1731 5470 morbo
1745 5429 1811 5469 eou-

173 5507 200 5562 in
221 5507 339 5564 leremia
362 5508 471 5582 (ibren.
487 5512 515 5582 u)
531 5530 537 5567 :
559 5509 652 5569 Versus
669 5523 706 5569 est
720 5514 748 5569 in
761 5514 860 5569 lunum
872 5515 966 5570 clerus
1020 5521 1107 5586 gruat,
1132 5526 1185 5566 non
1205 5510 1330 5581 perducit
1347 5509 1382 5564 ad
1394 5509 1549 5564 sanitatem.
1569 5505 1655 5562 llorbi
1666 5519 1764 5562 omnes
1776 5518 1810 5559 ex

174 5607 278 5662 creater,
289 5609 317 5654 ct
330 5600 413 5656 alibi:
430 5602 463 5656 Et
477 5620 604 5673 erponem
615 5621 700 5660 mcum
713 5604 740 5660 t'u
752 5622 838 5662 uocem
847 5606 967 5676 titatium
1019 5611 1137 5675 quatuor
1150 5609 1298 5657 nascuntur
1306 5600 1476 5665 humoribus,
1489 5600 1515 5655 id
1528 5605 1580 5664 est,
1593 5612 1628 5654 ex
1641 5596 1811 5670 memineat

174 5685 248 5756 (lob.
275 5690 351 5758 xxxi.
368 5689 496 5761 Cymbala
521 5695 660 5750 acetabula
683 5696 807 5767 qumtlam
821 5706 966 5767 suntque
1019 5695 1090 5760 lclle,
1116 5693 1292 5751 melancholia
1312 5701 1342 5749 et
1359 5692 1533 5764 phlegmate:
1549 5706 1583 5746 ex
1597 5688 1664 5761 ipsis
1677 5689 1751 5744 euim
1767 5701 1810 5741 re·

170 5792 303 5849 ‚plereussa
327 5782 442 5838 inuicem
471 5798 501 5838 sc
524 5792 647 5856 tarsguut,
673 5797 700 5843 et
729 5787 831 5842 iaciunt
845 5803 962 5844 sonum:
1020 5787 1247 5856 gratitut·suui,cr
1273 5783 1339 5855 ipsis
1363 5781 1497 5839 leduntur
1515 5780 1626 5838 insumi.
1648 5779 1718 5835 llum
1737 5777 1808 5833 caim
