4042 6200
182 219 234 277 775

561 213 742 272 exeoslito
761 213 794 270 ΙΝ
813 213 1010 272 alternitate
1028 214 1232 276 SALOHON‘lS.
1250 249 1285 259 -
1303 219 1367 274 LlB.
1388 219 1429 276 lli.

1761 225 1813 282 iil

180 351 243 395 urm
254 347 326 403 saepe
336 331 459 402 marinii,
476 338 506 385 nt
518 330 601 386 hebes
615 328 714 400 aliquis
730 335 757 384 et
769 328 888 398 ipsamm
901 340 970 397 qun·
984 330 1010 390 A
1022 325 1081 382 Noa
1094 327 1187 383 didicit
1198 328 1324 385 Salomon
1339 329 1374 385 ab
1388 330 1496 384 bomine
1506 331 1683 400 sapientiam,
1695 332 1743 389 sed
1755 333 1812 392 lieo

179 442 231 499 quc
243 421 352 479 nesciis
365 420 525 488 litterarum,
537 419 618 475 citius
630 420 710 475 rerba
721 416 866 473 salutiferae
879 432 970 473 corre·

179 516 279 590 pdoais
289 513 414 583 accipiat,
427 511 552 583 quamvis
562 511 608 581 qui
622 508 757 566 affluentia
772 509 902 580 praeditus
914 523 970 563 ser·

180 605 267 663 monis
279 603 366 676 magis
379 618 428 658 sna
444 618 504 672 quac
520 602 594 657 uouit
607 601 649 658 rel
664 615 724 671 qua
744 614 774 657 se
788 614 868 655 nosse
888 608 968 655 autu·

179 704 234 751 urat
244 693 383 763 jactanter
396 690 530 763 prolerre,
544 707 625 762 quam
645 692 717 747 dicta
731 690 894 761 sapientium
918 705 967 745 au·

1021 417 1105 489 gratis
1124 415 1255 474 offerente
1277 417 1408 490 percepit,
1434 426 1465 473 ut
1487 426 1643 476 sauctorum
1668 422 1811 478 seientiam

1021 517 1124 576 nosset,
1137 509 1224 566 sedet
1242 509 1398 581 Apostolus,
1412 510 1457 581 qai
1472 512 1510 565 ait
1524 529 1531 565 ε
1547 510 1604 567 Nos
1619 515 1693 568 stulti
1706 528 1812 588 propser

1020 596 1153 654 Cbristurn
1169 598 1212 673 (ti
1222 599 1284 655 Gor.
1296 599 1351 672 ιιι),
1367 600 1424 670 ipse
1436 599 1534 655 iterum
1547 600 1612 655 dicit
1627 619 1634 655 a
1649 600 1810 673 Sapientiam

1020 698 1108 743 eutem
1118 688 1249 761 loquimar
1262 690 1330 745 inter
1341 688 1467 761 perlectos
1482 687 1507 760 (1
1522 689 1582 744 Cor.
1595 689 1638 764 rr),
1649 693 1810 762 sapientiam

179 788 236 843 dire
250 785 399 840 contendit.
1020 799 1148 840 veronna
1162 783 1243 854 liujus
1253 784 1450 854 saeculi,neque
1462 784 1614 856 principum
1627 784 1708 855 huius
1718 788 1808 844 saculi

213 878 267 946 Qui
283 878 421 932 delirares
438 875 551 947 pueritia
565 876 648 930 nutrit
659 892 760 931 seruum
773 892 849 931 suum
860 915 867 942 ,
879 886 969 945 postea
1020 875 1066 946 qui
1079 879 1265 932 destruantur.

176 968 252 1025 illurn
268 968 361 1022 sentiet
372 977 560 1021 contumacem.
575 964 626 1033 Qui
638 965 753 1023 delicate
763 981 779 1021 a
789 967 904 1037 pueritia
919 981 970 1020 uu·
1055 986 1122 1053 οὔ),
1134 987 1250 1042 amum
1263 987 1291 1041 p„
1304 984 1397 1042 coepum
1413 995 1490 1058 mque
1501 986 1643 1042 dmm-3·
1659 987 1731 1047 um
1743 1002 1810 1046 m,

178 1062 338 1130 tritcorpus
350 1073 441 1125 suam,
457 1057 528 1129 quod
552 1057 642 1112 animo
662 1056 793 1113 debuerat
812 1057 966 1128 subjugare,
1019 1085 1125 1133 mmm
1144 1076 1258 1134 scienti,
1270 1089 1362 1145 qm
1382 1075 1550 1146 sapientibus
1575 1075 1667 1132 muli
1694 1076 1808 1136 suppli,

176 1154 201 1210 is
217 1153 264 1208 ubi
284 1151 319 1206 ad
341 1165 428 1207 anuos
451 1148 640 1206 adolescentiae
654 1151 816 1220 pervenerit,
837 1148 968 1206 lasciuum
1018 1175 1139 1239 pm„
1156 1169 1355 1239 Quidem,
1369 1170 1418 1228 Dei
1432 1170 1517 1228 Filius
1529 1171 1557 1227 in
1572 1180 1710 1243 mumma
1727 1188 1809 1230 wne

177 1243 278 1308 bric,et
291 1238 454 1296 indomabile
467 1239 655 1306 saturabatur
666 1252 774 1294 uersum
787 1238 840 1293 alia
853 1237 969 1294 transla-
1019 1267 1080 1330 Μ)
1091 1269 1207 1318 monem
1230 1268 1258 1318 θ)
1281 1263 1511 1319 resurrectionem
1535 1278 1613 1322 mm
1636 1264 1759 1320 mendi,
1779 1264 1808 1321 in

177 1334 214 1388 tio
224 1332 337 1403 pulchre
350 1330 445 1397 lrabet;
458 1329 503 1400 pai
515 1328 642 1384 delicatus
655 1345 671 1383 a
682 1329 797 1399 pueritia
806 1344 896 1383 seruus
906 1328 965 1394 erit,
1018 1350 1130 1418 mlum,
1145 1366 1178 1406 ,c
1189 1360 1290 1408 „om
1306 1353 1514 1409 resurrectionis
1527 1361 1650 1423 tempore
1666 1353 1810 1409 pm

177 1422 315 1477 nouissime
328 1431 415 1475 autern
429 1419 627 1475 contristabitur
645 1420 674 1473 in
695 1435 732 1473 se.
756 1416 968 1475 Contristabitur
1019 1455 1066 1496 ms
1079 1448 1121 1495 ω)
1137 1438 1171 1495 de
1185 1440 1255 1496 coepo
1274 1440 1307 1497 ,p
1318 1440 1480 1512 judicandos
1491 1442 1569 1498 vivos
1579 1451 1608 1497 ep
1619 1450 1754 1497 mortuos·

177 1528 294 1582 isaiaque
306 1526 369 1568 sero
381 1511 513 1568 malorum
529 1510 665 1582 poeuitens
679 1509 707 1566 in
729 1524 775 1575 se,
787 1509 832 1579 qui
855 1523 885 1564 se
906 1522 966 1564 me·

178 1603 256 1657 nriuit
269 1602 388 1657 noluisse
401 1602 427 1656 in
442 1610 534 1656 mucra
551 1600 640 1655 adhuc
655 1609 735 1656 aetate
748 1615 763 1655 a
775 1599 832 1655 suis
843 1598 966 1668 volupta-

179 1694 248 1750 tibus
261 1695 294 1749 ad
306 1693 427 1764 regulam
445 1693 584 1748 coritincrc
595 1692 775 1763 prudentium.

218 1781 264 1836 Vir
273 1783 418 1837 inmundus
429 1792 551 1853 prouocat
566 1783 637 1836 rixas
649 1796 658 1834 .·
671 1792 695 1836 et
707 1783 752 1853 qui
771 1781 805 1835 ad
825 1781 965 1853 indipnan·

177 1873 238 1926 dam
262 1872 418 1943 insilirent,
445 1873 494 1928 crit
518 1872 553 1927 ad
575 1882 682 1942 peccata
709 1872 857 1945 proclivior.
879 1873 966 1930 lanua
1054 1845 1260 1919 0¹⁸5⁸⁶⁰m9w¹7
1275 1850 1677 1921 “iumr‘iuffiiff'lw‘fimmwi
1695 1849 1733 1906 De
1749 1851 1808 1922 39⁸⁰

177 1963 295 2020 oninium
312 1963 439 2018 uitiorum
453 1963 594 2019 iracundia
606 1971 659 2030 est,
672 1978 725 2035 qua
740 1965 841 2033 clausa,
855 1964 965 2021 uirtuti·
1017 1946 1045 1992 θ)
1064 1937 1207 1993 P⁵³¹mi⁸¹³
1223 1956 1230 1992 ²
1246 1937 1412 2010 emmim
1425 1939 1492 1995 *Μ’
1504 1941 1533 1994 ¹³³
1548 1949 1632 1996 “mm
1652 1958 1734 2013 ΨΜ
1749 1960 1806 1997 ''w''

178 2056 227 2111 bns
239 2054 403 2109 intrinsecus
416 2053 524 2108 dabitur
536 2052 623 2125 quies.
1018 2030 1055 2086 Π)
1067 2029 1153 2102 (ffli-
1168 2032 1278 2106 ¹¹¹¹¹¹l·

211 2143 263 2208 Qui
281 2158 340 2197 eura
361 2141 420 2210 inre
437 2142 561 2214 partitur,
572 2143 627 2196 odit
642 2143 758 2197 unimam
768 2160 860 2212 snnm;
887 2144 968 2215 adiu·
1053 2145 1118 2211 Quis
1128 2146 1262 2201 suscitarit
1277 2161 1366 2203 omnes
1378 2147 1609 2204 tarnainosterrci
1622 2156 1650 2204 et
1662 2164 1734 2205 aune
1746 2165 1806 2205 out·

177 2242 277 2288 ranrean
296 2233 351 2286 odit
364 2241 389 2287 er
403 2249 454 2286 nors
467 2232 576 2287 indicat.
591 2231 749 2289 Auditorum
765 2248 844 2289 snum
858 2235 966 2305 sapien·
1017 2238 1073 2305 nia,
1087 2252 1147 2308 quae
1161 2252 1212 2308 per
1231 2238 1325 2298 orbem
1349 2239 1443 2295 uiuunt
1462 2248 1490 2297 et
1511 2248 1649 2308 crescunt,
1671 2242 1805 2308 homiues,

176 2323 213 2380 tia
224 2338 277 2380 non
290 2322 377 2379 solum
393 2338 408 2377 a
423 2323 541 2393 peccatis
555 2323 702 2389 abstinere,
716 2323 762 2379 sed
777 2338 792 2378 a
805 2331 965 2394 peccantum
1017 2329 1175 2396 animantia,
1191 2330 1326 2401 permina,
1338 2330 1469 2388 Dominus
1490 2339 1521 2388 ut
1543 2347 1592 2388 sua
1614 2346 1727 2402 qunque
1747 2332 1807 2388 rita

174 2431 204 2474 se
226 2414 405 2471 coutubernio
428 2415 507 2469 docet
530 2413 667 2479 cobiberc,
678 2429 713 2470 ne
726 2413 824 2469 lortea
842 2413 966 2470 districtu
1017 2418 1168 2474 subsistant
1185 2420 1303 2484 excitat,
1318 2429 1346 2475 et
1364 2420 1391 2475 in
1405 2419 1450 2476 die
1461 2419 1557 2493 ludicii
1569 2428 1697 2478 cunctam
1709 2437 1725 2476 ιι
1737 2436 1807 2494 qna-

172 2504 263 2578 lildloe
287 2512 425 2560 mereim?
444 2503 565 2559 «¹³¹¹de
588 2501 617 2559 Sl
640 2502 744 2558 uidebar
764 2503 865 2572 litem·
886 2501 965 2558 simul
1017 2511 1252 2567 tuorrentiscoeli
1264 2513 1505 2582 gennabumannm
1520 2527 1536 2567 a
1550 2520 1637 2569 morte
1652 2511 1803 2571 suscitabit.

174 2595 296 2650 currebas
308 2611 367 2648 curn
376 2610 418 2658 eo,
429 2603 452 2648 et
465 2610 525 2648 earn
538 2592 665 2648 adulteris
676 2594 820 2664 portionem
833 2605 906 2649 tuam
917 2611 965 2666 po·
1052 2598 1129 2667 Quod
1141 2616 1234 2656 nomen
1246 2600 1346 2671 cinaei
1355 2602 1426 2673 quod
1439 2617 1532 2656 nomen
1546 2601 1597 2671 pilii
1607 2601 1706 2672 siunai
1720 2599 1809 2658 nosti?

175 2685 261 2740 arbas.
278 2684 337 2741 lion
352 2684 423 2740 enirn
440 2685 482 2738 lar
496 2683 676 2750 solummodo,
685 2685 733 2739 sed
747 2684 829 2740 etiam
843 2684 888 2739 ille
900 2699 965 2740 reus
1016 2690 1055 2746 bc
1069 2689 1116 2745 liei
1130 2689 1219 2746 Patris
1231 2701 1259 2746 er
1269 2689 1330 2746 Filii
1345 2691 1455 2747 nomine
1468 2691 1545 2758 dicit,
1557 2691 1635 2763 culus
1648 2692 1808 2763 mysterium

175 2785 291 2842 nactur,
306 2775 490 2846 auiconscius
507 2774 583 2841 furti,
598 2781 737 2845 queunte
751 2789 964 2846 possessorem-
1017 2781 1155 2837 secularis
1181 2781 1312 2852 sapienda
1338 2782 1496 2837 assumitur
1520 2782 1591 2838 scire
1616 2795 1670 2837 non
1695 2789 1805 2851 ponsa,

174 2870 281 2925 cuniam
297 2883 378 2940 quam
393 2868 519 2939 perdidit,
533 2884 587 2924 uun
600 2867 790 2923 subindicare
805 2883 867 2922 cnm
880 2867 962 2923 valet.
1016 2871 1141 2942 qrramvis
1153 2887 1235 2926 uuum
1249 2886 1309 2927 esse
1321 2871 1417 2940 ὓιιιιιι,
1429 2872 1476 2942 qui
1488 2872 1578 2930 omnia
1596 2870 1691 2928 lecerit
1702 2888 1752 2943 per
1762 2886 1805 2939 ea,

173 2963 273 3019 Verum
286 2977 321 3017 ue
330 2962 391 3032 quis
401 2969 528 3015 causetur
542 2968 614 3015 ructu
628 2973 791 3030 sepersoure
802 2959 963 3028 potentioris
1016 2978 1077 3035 qun
1100 2962 1260 3019 mirabiliter
1281 2962 1352 3019 lacta
1375 2964 1464 3031 ridet,
1480 2963 1631 3037 intelligere
1652 2973 1751 3035 potest.
1776 2963 1807 3020 Si

174 3068 260 3126 ireque
279 3067 295 3107 a
320 3049 409 3107 iurum
432 3052 569 3141 consortio
593 3049 724 3122 separari,
740 3064 828 3123 neque
849 3019 1216 3127 promiscuarumque,
1236 3055 1407 3126 subauditur,
1421 3067 1449 3114 tu
1463 3057 1509 3128 quii
1525 3057 1559 3114 de
1582 3066 1627 3114 tua
1653 3065 1680 3113 te
1697 3054 1807 3127 jactans

174 3147 336 3218 possepuud
348 3146 432 3213 novit,
447 3154 510 3219 apte
523 3144 662 3202 subditur:
1018 3147 1161 3227 sapientia,
1174 3157 1274 3203 nostra
1291 3146 1352 3204 ssdci
1373 3149 1512 3222 mysteria,
1535 3147 1679 3204 stultitiam
1705 3163 1808 3204 nuncu·

210 3236 263 3304 Qui
277 3239 350 3291 tineet
364 3236 504 3302 bominem,
521 3236 571 3290 cito
585 3242 706 3301 corruet,·
718 3234 856 3306 quisperat
870 3233 897 3290 ia
910 3231 966 3288 bo·
1015 3254 1082 3310 pare
1096 3240 1248 3309 praesumis.

175 3328 245 3382 anina
259 3325 446 3381 sublevabitur.
463 3325 512 3382 Cui
527 3325 651 3397 congruit
664 3323 729 3379 illud
745 3324 936 3394 Euangelicnm
955 3342 962 3379 ι
1053 3328 1144 3384 Omnia
1157 3345 1241 3383 sereno
1259 3327 1308 3384 Dei
1318 3329 1417 3400 ipnitas
1434 3327 1538 3402 clypeus
1551 3337 1588 3385 est
1602 3329 1765 3400 sperantibus
1778 3329 1806 3384 in

175 3414 264 3472 Nolite
281 3416 373 3471 timere
386 3416 432 3488 pai
442 3416 561 3472 occidant
572 3415 800 3485 aorpnarnr’rnam
815 3422 964 3468 autemnon
1015 3435 1054 3475 se.
1068 3416 1168 3474 lineet
1180 3426 1236 3473 tota
1257 3416 1356 3474 Christi
1369 3416 1490 3475 Ecclesia
1501 3417 1584 3484 erevit,
1595 3427 1623 3473 et
1635 3417 1673 3473 illi
1689 3416 1806 3474 maxime

175 3515 283 3580 possunt
296 3505 413 3560 arridere
433 3504 541 3576 (llattlr.
556 3502 595 3577 a).
1016 3510 1136 3566 sentiunt
1146 3509 1192 3579 qni
1203 3507 1259 3564 lieo
1273 3523 1365 3565 secum
1380 3517 1503 3564 morante
1529 3516 1643 3564 terrenae
1666 3507 1806 3580 sapientie

458 3594 572 3652 carba
590 3594 675 3650 XXX.
1016 3598 1114 3655 lantum
1134 3607 1320 3665 contemnunt,
1334 3598 1398 3669 quia
1418 3597 1547 3656 nimirum
1559 3598 1648 3656 omnis
1660 3613 1750 3655 sermo
1764 3599 1806 3655 di·

211 3688 296 3746 i'erba
311 3687 498 3761 Conprepanris
518 3688 568 3759 lilii
588 3687 729 3744 Veniensis.
748 3686 807 3742 lluc
817 3701 903 3757 usque
914 3701 964 3758 pa·
1016 3690 1086 3746 riam
1100 3689 1270 3746 auctoritatis
1280 3689 1363 3746 corda
1373 3688 1522 3746 electorum
1539 3698 1567 3745 et
1580 3689 1641 3761 igne
1662 3689 1805 3746 charitatis

175 3781 273 3838 rabulae
285 3779 439 3837 Salomonis
457 3795 525 3852 quas
545 3779 742 3836 transtulerunt
765 3777 816 3834 viri
840 3778 964 3834 lirecbiae
1016 3781 1150 3846 accendit,
1163 3790 1191 3836 et
1210 3780 1323 3837 scientia
1336 3779 1458 3836 ueritatis
1480 3778 1607 3846 illustrat,
1628 3786 1656 3834 ct
1677 3779 1806 3836 uitiorum

174 3875 246 3948 regis
268 3874 348 3932 inda.
373 3873 443 3930 ilinc
462 3888 558 3929 rursus
577 3870 661 3929 rerba
684 3870 837 3927 Salomonis
858 3869 892 3925 ab
905 3870 964 3941 ipso
1015 3873 1120 3938 sordes,
1132 3872 1155 3927 si
1165 3885 1233 3943 quas
1246 3872 1273 3926 in
1286 3871 1327 3927 eis
1339 3871 1485 3937 invenerit,
1499 3870 1650 3936 consumit,
1666 3879 1694 3926 et
1706 3872 1740 3925 ab
1756 3871 1805 3926 lio·

174 3964 241 4021 alias
254 3965 337 4030 dicta,
355 3970 382 4019 el
393 3962 485 4019 forsan
500 3963 558 4034 ipse
569 3961 605 4017 ab
618 3977 651 4017 eo
664 3962 736 4033 quod
755 3959 850 4016 Graece
871 3958 966 4015 Eccle·
1016 3962 1097 4018 stium
1112 3961 1217 4017 insidiis
1228 3968 1368 4031 sperantes
1379 3960 1407 4017 iu
1417 3974 1447 4016 se
1459 3960 1617 4030 cunctisque
1630 3958 1749 4014 delendit
1758 3959 1806 4015 ad·

174 4057 269 4113 siasics
279 4056 480 4122 dieitur,nuuc,
492 4054 704 4125 irrtcrpretatoin
716 4051 841 4107 Latinum
855 4051 964 4106 nomine
1014 4052 1110 4109 uersis.
1127 4052 1228 4108 verum
1247 4051 1374 4107 solertius
1396 4049 1565 4116 intuendum,
1579 4049 1642 4121 quia
1655 4052 1806 4121 propriata·

174 4146 229 4212 illo,
240 4162 400 4217 concrepans
410 4142 568 4215 appellatur.
581 4141 704 4198 Ecclesia
711 4141 784 4197 enim
798 4136 963 4209 concrepatio
1006 4151 1070 4198 amm
1085 4141 1170 4198 Graeci
1184 4142 1317 4198 sermonis
1332 4141 1405 4212 quod
1427 4148 1470 4198 est
1491 4142 1686 4217 nsaupepluou,
1708 4140 1804 4198 Latina

175 4246 297 4292 uocatur.
1016 4232 1157 4288 translatio
1170 4245 1224 4286 uuo
1236 4231 1319 4286 uerbo
1331 4247 1384 4286 non
1406 4230 1532 4301 explicat.
1558 4227 1635 4286 Unde
1659 4230 1805 4301 aliquando

213 4323 286 4381 Visio
297 4340 378 4396 quarn
390 4324 492 4379 locutas
505 4333 542 4379 est
554 4324 724 4394 circumque
738 4330 775 4376 est
785 4319 871 4386 Deus,
886 4328 910 4374 et
920 4318 964 4391 qui
1016 4323 1137 4396 ipnitnrn,
1149 4321 1295 4393 aliquanda
1309 4322 1369 4394 ipne
1380 4323 1558 4378 emnnnaturn
1571 4321 1750 4389 transierim,
1763 4331 1803 4391 ut,

176 4412 229 4471 Deo
248 4432 336 4470 seeum
358 4424 476 4471 morante
498 4414 670 4485 confortatas,
693 4415 739 4468 ait.
761 4412 847 4478 lisia,
865 4411 962 4482 iuquit,
1016 4413 1125 4484 ipnitnm
1140 4411 1270 4484 eloquium
1283 4421 1358 4467 tunna
1377 4412 1545 4479 aelementer,
1555 4420 1584 4468 et
1595 4422 1731 4483 arpentum
1745 4413 1804 4483 ipae

173 4520 253 4579 auant
267 4504 369 4559 loeutus
383 4513 431 4570 est,
446 4504 508 4576 quia
523 4504 594 4576 quod
610 4504 677 4560 uidit
689 4502 759 4575 apud
773 4502 857 4558 Deum
872 4517 964 4558 seere-
1016 4503 1195 4558 examinatum
1210 4500 1297 4574 (Psnl.
1311 4486 1491 4569 sauriniani.
1506 4501 1563 4567 xri,
1574 4503 1646 4573 quod
1659 4512 1805 4573 utrumqne

176 4598 245 4653 tiora
268 4595 476 4667 contemplando
503 4595 629 4668 patefecit
652 4596 806 4651 homiuibus
828 4592 902 4649 lorus
927 4592 965 4649 lo
1016 4593 1044 4648 in
1058 4590 1153 4650 Grnon
1167 4607 1220 4647 uuo
1232 4593 1316 4648 aerbo
1334 4593 1434 4649 dicitur
1453 4593 1483 4650 ei
1502 4594 1697 4669 nsnupopr'uos,
1715 4594 1805 4651 etluoc

174 4686 293 4758 spuendo,
310 4686 517 4756 quisquisenim
530 4685 578 4740 liei
596 4684 691 4757 spiritu
715 4680 965 4749 molacianense
1016 4681 1089 4752 quod
1115 4682 1179 4737 huic
1201 4681 1352 4739 Salomonis
1373 4683 1506 4738 sentenia
1526 4683 1692 4738 simillimum
1713 4692 1804 4751 sonat,

175 4793 236 4851 quae
249 4785 400 4847 sequuntur
409 4775 504 4831 humili
518 4776 601 4832 corde
609 4773 754 4847 prolator:
1018 4775 1130 4848 Eloquia
1150 4775 1256 4830 Domini
1270 4777 1330 4846 ipae
1347 4776 1507 4842 examinata,
1525 4774 1552 4829 id
1565 4778 1803 4853 canissuspensus

1053 1549 1120 1617 Quis
1133 1552 1260 1607 continuit
1282 1554 1404 1624 spiritura
1421 1554 1449 1610 in
1471 1555 1592 1610 manibus
1613 1555 1688 1610 suis?
1714 1553 1809 1612 Omnia

980 1673 1005 1735 B
1019 1641 1132 1711 spiritus
1146 1650 1175 1697 ct
1186 1642 1331 1709 humanus,
1342 1652 1372 1698 et
1384 1643 1535 1715 angelicas,
1546 1652 1574 1700 el
1594 1645 1767 1710 animalium,
1781 1655 1809 1701 et

1018 1733 1210 1804 procellarum,
1222 1749 1257 1791 nc
1270 1735 1388 1803 deliciet,
1402 1736 1451 1792 bei
1462 1737 1582 1808 potentia
1594 1737 1757 1793 continetur.

211 4866 389 4925 stultissimus
413 4881 472 4920 suns
494 4866 620 4931 uirorum,
634 4873 658 4920 et
678 4864 805 4934 sapientie
828 4862 963 4918 dominnm

176 4973 228 5011 non
241 4965 279 5011 est
296 4971 406 5010 meeum.
418 4984 454 4995 —
468 4951 534 5008 Filii
547 4954 619 5010 enim
637 4952 727 5008 seculi
745 4952 824 5023 lajas
846 4954 963 5024 praeden-

175 5050 255 5105 tiores
266 5046 331 5118 liliis
340 5046 407 5102 lucis
419 5047 447 5101 in
463 5045 628 5118 peneratione
643 5060 692 5100 saa
711 5054 772 5100 sunt
794 5042 870 5117 (lue.
889 5045 963 5119 rvr);

175 5148 204 5194 et
214 5137 350 5209 apostolus
365 5155 373 5191 τ
390 5135 421 5192 Si
435 5137 494 5208 puis
504 5177 512 5203 ,
523 5136 627 5207 inquit,
640 5135 740 5190 mdelur
754 5135 857 5205 sepiem
869 5152 925 5191 esse
936 5136 965 5190 in

177 5231 225 5285 lror
238 5228 343 5294 saecula,
362 5227 456 5283 stultus
470 5228 519 5297 fiat
532 5227 606 5282 utsii
619 5229 721 5298 sapiens
733 5226 760 5300 (l
775 5227 908 5301 Cor.1u);
936 5238 965 5286 et

178 5316 236 5390 ipse
249 5317 282 5373 dc
295 5332 325 5373 se
340 5318 450 5389 suisque
460 5317 610 5385 similibus,
625 5317 653 5372 iu
666 5318 765 5389 quibus
787 5316 860 5375 bens
875 5338 882 5373 :
908 5317 965 5377 Nos

178 5417 265 5465 sutem
277 5408 452 5479 predicamus
461 5405 594 5463 Christum
607 5409 777 5479 cnaeifisuns,
789 5408 892 5466 iudeis
905 5412 966 5482 qui-

178 5500 411 5568 denrsenadnluar,
428 5501 546 5574 pentibus
559 5512 646 5557 autern
656 5501 794 5557 stultitiam
807 5500 835 5574 (i
854 5501 915 5558 Cor.
934 5502 965 5577 ι).

214 5592 276 5650 Non
290 5592 371 5649 didici
379 5593 544 5669 sapientiam,
552 5601 577 5649 et
590 5592 649 5648 noni
659 5600 809 5649 sancimen
818 5593 966 5651 seientiam.

1017 4874 1193 4937 protectores!
1204 4865 1320 4920 ornnium
1331 4866 1492 4937 sperantium
1508 4866 1537 4921 in
1559 4883 1586 4922 se
1611 4863 1704 4940 (Psal.
1719 4883 1773 4921 aru
1783 4866 1803 4937 ).

1017 4958 1197 5033 Πεπρωμένην
1208 4970 1272 5026 ergo
1284 4956 1418 5027 sigirillcat
1429 4956 1501 5028 qaod
1515 4964 1643 5026 mnqnarn
1660 4955 1804 5012 condatum

1018 5046 1080 5118 igne
1093 5055 1235 5119 purgatum
1248 5046 1294 5103 sii.
1308 5044 1385 5102 Sicut
1408 5047 1482 5102 euim
1508 5059 1674 5117 qumanana
1695 5044 1804 5101 metalla

1019 5139 1206 5213 igneoondata
1220 5139 1327 5195 sordem
1342 5139 1370 5194 in
1392 5153 1422 5194 se
1443 5139 1558 5194 alienam
1581 5147 1662 5208 atque
1682 5136 1804 5193 inutilem

1019 5243 1073 5284 non
1084 5231 1232 5296 continent,
1246 5236 1333 5285 totum
1347 5227 1476 5298 quidquid
1488 5228 1514 5282 in
1527 5226 1567 5282 eis
1588 5226 1691 5281 residet
1710 5241 1803 5281 uerum

1016 5326 1045 5373 et
1053 5315 1202 5387 perlectum
1216 5324 1243 5372 et
1253 5316 1326 5372 omni
1341 5316 1467 5371 uitiorum
1493 5314 1572 5371 sorde
1591 5322 1733 5385 purgatum
1752 5323 1802 5379 cst,

1017 5409 1055 5464 ita
1065 5407 1200 5478 doqaium
1210 5406 1315 5463 bomini
1327 5415 1489 5463 eternorum
1502 5407 1530 5461 in
1541 5420 1571 5461 se
1581 5407 1713 5461 bononem
1725 5406 1804 5461 iidem

1017 5505 1132 5565 testans,
1147 5496 1212 5552 binc
1224 5495 1288 5551 illud
1301 5505 1344 5552 est
1364 5496 1489 5551 Domini:
1504 5493 1565 5550 lota
1579 5513 1672 5564 anum,
1683 5506 1728 5551 aut
1739 5513 1806 5553 unua

1018 5606 1094 5665 epea,
1101 5606 1154 5647 non
1161 5588 1473 5663 preteribitalrpedoner
1480 5588 1567 5646 ornain
1576 5593 1640 5663 piant
1651 5588 1760 5667 (blattis.
1770 5588 1796 5663 ι)
