<?xml version="1.0" encoding="UTF-8"?>
<!DOCTYPE html PUBLIC "-//W3C//DTD XHTML 1.0 Transitional//EN"
    "http://www.w3.org/TR/xhtml1/DTD/xhtml1-transitional.dtd">
<html xmlns="http://www.w3.org/1999/xhtml" xml:lang="en" lang="en">
 <head>
  <title>
</title>
<meta http-equiv="Content-Type" content="text/html;charset=utf-8" />
  <meta name='ocr-system' content='tesseract 3.04.00' />
  <meta name='ocr-capabilities' content='ocr_page ocr_carea ocr_par ocr_line ocrx_word'/>
</head>
<body>
  <div class='ocr_page' id='page_1' title='image "./lta-11000/patrologiaecurs164unkngoog/patrologiaecurs164unkngoog_0457.png"; bbox 0 0 4042 6200; ppageno 0'>
   <div class='ocr_carea' id='block_1_1' title="bbox 176 279 1809 352">
    <p class='ocr_par' dir='ltr' id='par_1_1' title="bbox 176 279 1809 352">
     <span class='ocr_line' id='line_1_1' title="bbox 176 279 1809 352; baseline 0.013 -23"><span class='ocrx_word' id='word_1_1' title='bbox 176 286 237 342; x_wconf 67' lang='grc' dir='ltr'>ιιι</span> <span class='ocrx_word' id='word_1_2' title='bbox 638 279 821 339; x_wconf 63' lang='lat' dir='ltr'>›exnoslllo</span> <span class='ocrx_word' id='word_1_3' title='bbox 837 280 951 339; x_wconf 78' lang='lat' dir='ltr'>SUPER</span> <span class='ocrx_word' id='word_1_4' title='bbox 970 280 1153 338; x_wconf 72' lang='lat' dir='ltr'>subtiliari.</span> <span class='ocrx_word' id='word_1_5' title='bbox 1174 314 1210 325; x_wconf 89' lang='lat'><em>-</em></span> <span class='ocrx_word' id='word_1_6' title='bbox 1229 286 1292 341; x_wconf 79' lang='lat' dir='ltr'>litt.</span> <span class='ocrx_word' id='word_1_7' title='bbox 1315 286 1358 342; x_wconf 79' lang='lat' dir='ltr'>Vl.</span> <span class='ocrx_word' id='word_1_8' title='bbox 1756 295 1809 352; x_wconf 77' lang='lat' dir='ltr'>tto</span> 
     </span>
    </p>
   </div>
   <div class='ocr_carea' id='block_1_2' title="bbox 122 400 1901 4552">
    <p class='ocr_par' dir='ltr' id='par_1_2' title="bbox 122 400 1901 4552">
     <span class='ocr_line' id='line_1_2' title="bbox 183 400 1808 476; baseline 0.003 -12"><span class='ocrx_word' id='word_1_9' title='bbox 183 410 277 473; x_wconf 84' lang='lat' dir='ltr'>inerit,</span> <span class='ocrx_word' id='word_1_10' title='bbox 300 413 452 463; x_wconf 81' lang='lat' dir='ltr'>revertetur</span> <span class='ocrx_word' id='word_1_11' title='bbox 476 404 609 460; x_wconf 76' lang='lat' dir='ltr'>homicida</span> <span class='ocrx_word' id='word_1_12' title='bbox 631 404 664 458; x_wconf 93' lang='lat' dir='ltr'>ad</span> <span class='ocrx_word' id='word_1_13' title='bbox 687 404 831 474; x_wconf 84' lang='lat' dir='ltr'>pristinum</span> <span class='ocrx_word' id='word_1_14' title='bbox 862 401 949 458; x_wconf 89' lang='lat' dir='ltr'>scelus</span> <span class='ocrx_word' id='word_1_15' title='bbox 963 416 971 455; x_wconf 79' lang='lat' dir='ltr'>t</span> <span class='ocrx_word' id='word_1_16' title='bbox 986 403 1009 461; x_wconf 77' lang='grc' dir='ltr'><strong>Α</strong></span> <span class='ocrx_word' id='word_1_17' title='bbox 1024 402 1059 457; x_wconf 86' lang='lat' dir='ltr'>sit</span> <span class='ocrx_word' id='word_1_18' title='bbox 1069 402 1152 459; x_wconf 90' lang='lat' dir='ltr'>calice</span> <span class='ocrx_word' id='word_1_19' title='bbox 1165 403 1322 476; x_wconf 70' lang='lat' dir='ltr'>babylonio,</span> <span class='ocrx_word' id='word_1_20' title='bbox 1334 413 1362 460; x_wconf 91' lang='lat' dir='ltr'>et</span> <span class='ocrx_word' id='word_1_21' title='bbox 1375 407 1537 474; x_wconf 82' lang='lat' dir='ltr'>captiuitatis</span> <span class='ocrx_word' id='word_1_22' title='bbox 1546 400 1700 467; x_wconf 84' lang='lat' dir='ltr'>obruendus</span> <span class='ocrx_word' id='word_1_23' title='bbox 1720 412 1808 470; x_wconf 80' lang='lat' dir='ltr'>malis.</span> 
     </span>
     <span class='ocr_line' id='line_1_3' title="bbox 183 493 1808 569; baseline 0.002 -15"><span class='ocrx_word' id='word_1_24' title='bbox 183 501 227 555; x_wconf 90' lang='lat' dir='ltr'>sin</span> <span class='ocrx_word' id='word_1_25' title='bbox 243 513 308 553; x_wconf 81' lang='lat' dir='ltr'>nero</span> <span class='ocrx_word' id='word_1_26' title='bbox 323 498 349 552; x_wconf 91' lang='lat' dir='ltr'>in</span> <span class='ocrx_word' id='word_1_27' title='bbox 365 495 507 567; x_wconf 82' lang='lat' dir='ltr'>judiciaria</span> <span class='ocrx_word' id='word_1_28' title='bbox 526 495 669 549; x_wconf 83' lang='lat' dir='ltr'>severitate</span> <span class='ocrx_word' id='word_1_29' title='bbox 687 494 877 564; x_wconf 76' lang='lat' dir='ltr'>permanserit,</span> <span class='ocrx_word' id='word_1_30' title='bbox 903 507 973 547; x_wconf 91' lang='lat' dir='ltr'>unus</span> <span class='ocrx_word' id='word_1_31' title='bbox 1060 512 1070 546; x_wconf 89' lang='lat' dir='ltr'>t</span> <span class='ocrx_word' id='word_1_32' title='bbox 1097 493 1196 549; x_wconf 75' lang='lat' dir='ltr'>Audite</span> <span class='ocrx_word' id='word_1_33' title='bbox 1223 503 1252 551; x_wconf 91' lang='grc' dir='ltr'>ιι</span> <span class='ocrx_word' id='word_1_34' title='bbox 1280 495 1390 551; x_wconf 89' lang='lat' dir='ltr'>auribus</span> <span class='ocrx_word' id='word_1_35' title='bbox 1412 497 1552 567; x_wconf 87' lang='lat' dir='ltr'>percipite,</span> <span class='ocrx_word' id='word_1_36' title='bbox 1582 499 1664 555; x_wconf 87' lang='lat' dir='ltr'>nolite</span> <span class='ocrx_word' id='word_1_37' title='bbox 1692 501 1808 569; x_wconf 75' lang='lat' dir='ltr'>elevari,</span> 
     </span>
     <span class='ocr_line' id='line_1_4' title="bbox 122 581 1806 664; baseline 0 -19"><span class='ocrx_word' id='word_1_38' title='bbox 122 654 128 664; x_wconf 41' lang='grc'><strong><em>,</em></strong></span> <span class='ocrx_word' id='word_1_39' title='bbox 185 593 267 646; x_wconf 89' lang='lat' dir='ltr'>bomo</span> <span class='ocrx_word' id='word_1_40' title='bbox 281 589 413 652; x_wconf 90' lang='lat' dir='ltr'>interibit,</span> <span class='ocrx_word' id='word_1_41' title='bbox 424 595 452 642; x_wconf 91' lang='lat' dir='ltr'>et</span> <span class='ocrx_word' id='word_1_42' title='bbox 464 588 590 642; x_wconf 82' lang='lat' dir='ltr'>uniuerso</span> <span class='ocrx_word' id='word_1_43' title='bbox 601 585 699 656; x_wconf 88' lang='lat' dir='ltr'>populo</span> <span class='ocrx_word' id='word_1_44' title='bbox 710 584 904 655; x_wconf 73' lang='lat' dir='ltr'>providebitur.</span> <span class='ocrx_word' id='word_1_45' title='bbox 926 582 972 638; x_wconf 85' lang='lat' dir='ltr'>Sic</span> <span class='ocrx_word' id='word_1_46' title='bbox 1022 584 1086 655; x_wconf 89' lang='lat' dir='ltr'>quia</span> <span class='ocrx_word' id='word_1_47' title='bbox 1098 582 1227 639; x_wconf 84' lang='lat' dir='ltr'>Dominus</span> <span class='ocrx_word' id='word_1_48' title='bbox 1243 582 1348 640; x_wconf 90' lang='lat' dir='ltr'>locutus</span> <span class='ocrx_word' id='word_1_49' title='bbox 1361 597 1412 639; x_wconf 80' lang='lat' dir='ltr'>est.</span> <span class='ocrx_word' id='word_1_50' title='bbox 1439 603 1450 637; x_wconf 82' lang='lat' dir='ltr'>r</span> <span class='ocrx_word' id='word_1_51' title='bbox 1466 581 1552 656; x_wconf 78' lang='lat' dir='ltr'>(Orip.</span> <span class='ocrx_word' id='word_1_52' title='bbox 1565 584 1574 659; x_wconf 71' lang='lat' dir='ltr'>i</span> <span class='ocrx_word' id='word_1_53' title='bbox 1588 586 1657 653; x_wconf 81' lang='lat' dir='ltr'>Quid</span> <span class='ocrx_word' id='word_1_54' title='bbox 1669 598 1711 644; x_wconf 88' lang='lat' dir='ltr'>est</span> <span class='ocrx_word' id='word_1_55' title='bbox 1724 591 1806 661; x_wconf 91' lang='lat' dir='ltr'>igitur</span> 
     </span>
     <span class='ocr_line' id='line_1_5' title="bbox 185 672 1811 752; baseline -0.002 -12"><span class='ocrx_word' id='word_1_56' title='bbox 185 681 454 752; x_wconf 60' lang='lat' dir='ltr'>iunsdpcpcrcerit</span> <span class='ocrx_word' id='word_1_57' title='bbox 467 677 613 750; x_wconf 71' lang='lat' dir='ltr'>peccatori,</span> <span class='ocrx_word' id='word_1_58' title='bbox 627 685 655 731; x_wconf 89' lang='lat' dir='ltr'>et</span> <span class='ocrx_word' id='word_1_59' title='bbox 676 675 808 731; x_wconf 85' lang='lat' dir='ltr'>miserens</span> <span class='ocrx_word' id='word_1_60' title='bbox 829 672 897 743; x_wconf 82' lang='lat' dir='ltr'>ejus,</span> <span class='ocrx_word' id='word_1_61' title='bbox 923 687 972 729; x_wconf 91' lang='lat' dir='ltr'>no·</span> <span class='ocrx_word' id='word_1_62' title='bbox 1022 676 1116 731; x_wconf 88' lang='lat' dir='ltr'>audire</span> <span class='ocrx_word' id='word_1_63' title='bbox 1139 685 1166 732; x_wconf 91' lang='lat' dir='ltr'>et</span> <span class='ocrx_word' id='word_1_64' title='bbox 1190 677 1301 732; x_wconf 73' lang='lat' dir='ltr'>attribuo</span> <span class='ocrx_word' id='word_1_65' title='bbox 1324 677 1465 748; x_wconf 87' lang='lat' dir='ltr'>percipere</span> <span class='ocrx_word' id='word_1_66' title='bbox 1491 694 1526 733; x_wconf 77' lang='lat' dir='ltr'>ex</span> <span class='ocrx_word' id='word_1_67' title='bbox 1546 679 1612 749; x_wconf 87' lang='lat' dir='ltr'>ipsis</span> <span class='ocrx_word' id='word_1_68' title='bbox 1640 683 1811 739; x_wconf 76' lang='lat' dir='ltr'>sermonibus</span> 
     </span>
     <span class='ocr_line' id='line_1_6' title="bbox 183 764 1809 842; baseline -0.002 -14"><span class='ocrx_word' id='word_1_69' title='bbox 183 775 265 830; x_wconf 87' lang='lat' dir='ltr'>itterit</span> <span class='ocrx_word' id='word_1_70' title='bbox 278 788 340 828; x_wconf 89' lang='lat' dir='ltr'>euru</span> <span class='ocrx_word' id='word_1_71' title='bbox 354 773 450 842; x_wconf 87' lang='lat' dir='ltr'>punire</span> <span class='ocrx_word' id='word_1_72' title='bbox 462 785 511 841; x_wconf 89' lang='lat' dir='ltr'>pro</span> <span class='ocrx_word' id='word_1_73' title='bbox 524 768 635 833; x_wconf 89' lang='lat' dir='ltr'>scelere,</span> <span class='ocrx_word' id='word_1_74' title='bbox 659 765 720 836; x_wconf 91' lang='lat' dir='ltr'>quis</span> <span class='ocrx_word' id='word_1_75' title='bbox 738 781 791 820; x_wconf 89' lang='lat' dir='ltr'>nen</span> <span class='ocrx_word' id='word_1_76' title='bbox 804 765 919 834; x_wconf 89' lang='lat' dir='ltr'>accipiat</span> <span class='ocrx_word' id='word_1_77' title='bbox 938 764 972 818; x_wconf 89' lang='lat' dir='ltr'>li·</span> <span class='ocrx_word' id='word_1_78' title='bbox 1022 766 1235 821; x_wconf 88' lang='lat' dir='ltr'>cousideremns.</span> <span class='ocrx_word' id='word_1_79' title='bbox 1253 767 1372 822; x_wconf 71' lang='lat' dir='ltr'>duribus</span> <span class='ocrx_word' id='word_1_80' title='bbox 1392 768 1530 839; x_wconf 75' lang='lat' dir='ltr'>percipere</span> <span class='ocrx_word' id='word_1_81' title='bbox 1548 778 1600 835; x_wconf 85' lang='grc' dir='ltr'>ιιι,</span> <span class='ocrx_word' id='word_1_82' title='bbox 1621 779 1652 825; x_wconf 90' lang='grc' dir='ltr'>ιι</span> <span class='ocrx_word' id='word_1_83' title='bbox 1667 771 1733 826; x_wconf 85' lang='lat' dir='ltr'>utibi</span> <span class='ocrx_word' id='word_1_84' title='bbox 1745 774 1809 842; x_wconf 89' lang='lat' dir='ltr'>qni-</span> 
     </span>
     <span class='ocr_line' id='line_1_7' title="bbox 183 853 1810 933; baseline 0.001 -17"><span class='ocrx_word' id='word_1_85' title='bbox 183 864 301 919; x_wconf 87' lang='lat' dir='ltr'>centiam</span> <span class='ocrx_word' id='word_1_86' title='bbox 315 859 465 917; x_wconf 79' lang='lat' dir='ltr'>iratorum?</span> <span class='ocrx_word' id='word_1_87' title='bbox 477 858 528 926; x_wconf 84' lang='lat' dir='ltr'>Qui</span> <span class='ocrx_word' id='word_1_88' title='bbox 541 871 612 912; x_wconf 85' lang='lat' dir='ltr'>nunc</span> <span class='ocrx_word' id='word_1_89' title='bbox 631 854 725 911; x_wconf 86' lang='lat' dir='ltr'>saltem</span> <span class='ocrx_word' id='word_1_90' title='bbox 740 862 849 925; x_wconf 75' lang='grc' dir='ltr'>ιῐοιιιι</span> <span class='ocrx_word' id='word_1_91' title='bbox 870 853 971 923; x_wconf 76' lang='lat' dir='ltr'>suppli·</span> <span class='ocrx_word' id='word_1_92' title='bbox 1022 858 1083 914; x_wconf 89' lang='lat' dir='ltr'>dem</span> <span class='ocrx_word' id='word_1_93' title='bbox 1102 859 1217 925; x_wconf 84' lang='lat' dir='ltr'>ridetur,</span> <span class='ocrx_word' id='word_1_94' title='bbox 1244 859 1356 915; x_wconf 90' lang='lat' dir='ltr'>auribus</span> <span class='ocrx_word' id='word_1_95' title='bbox 1375 875 1407 915; x_wconf 87' lang='lat' dir='ltr'>ca</span> <span class='ocrx_word' id='word_1_96' title='bbox 1426 874 1486 931; x_wconf 83' lang='lat' dir='ltr'>quae</span> <span class='ocrx_word' id='word_1_97' title='bbox 1504 861 1596 918; x_wconf 87' lang='lat' dir='ltr'>dieunt</span> <span class='ocrx_word' id='word_1_98' title='bbox 1619 864 1810 933; x_wconf 70' lang='lat' dir='ltr'>audireque!</span> 
     </span>
     <span class='ocr_line' id='line_1_8' title="bbox 182 942 1811 1023; baseline -0.002 -14"><span class='ocrx_word' id='word_1_99' title='bbox 182 955 224 1009; x_wconf 84' lang='lat' dir='ltr'>cia</span> <span class='ocrx_word' id='word_1_100' title='bbox 242 961 388 1013; x_wconf 89' lang='lat' dir='ltr'>terrentur,</span> <span class='ocrx_word' id='word_1_101' title='bbox 400 964 490 1005; x_wconf 84' lang='lat' dir='ltr'>ttonne</span> <span class='ocrx_word' id='word_1_102' title='bbox 500 948 608 1004; x_wconf 82' lang='lat' dir='ltr'>invadet</span> <span class='ocrx_word' id='word_1_103' title='bbox 619 954 735 1016; x_wconf 88' lang='lat' dir='ltr'>tempus,</span> <span class='ocrx_word' id='word_1_104' title='bbox 746 952 776 999; x_wconf 90' lang='lat' dir='ltr'>ut</span> <span class='ocrx_word' id='word_1_105' title='bbox 785 942 891 1014; x_wconf 82' lang='lat' dir='ltr'>expleat</span> <span class='ocrx_word' id='word_1_106' title='bbox 899 958 973 1013; x_wconf 80' lang='grc' dir='ltr'>ιιι·</span> <span class='ocrx_word' id='word_1_107' title='bbox 1021 957 1112 1006; x_wconf 88' lang='lat' dir='ltr'>autem</span> <span class='ocrx_word' id='word_1_108' title='bbox 1120 950 1261 1019; x_wconf 70' lang='lat' dir='ltr'>praecedit,</span> <span class='ocrx_word' id='word_1_109' title='bbox 1275 949 1376 1015; x_wconf 90' lang='lat' dir='ltr'>audite,</span> <span class='ocrx_word' id='word_1_110' title='bbox 1387 950 1410 1005; x_wconf 91' lang='lat' dir='ltr'>si</span> <span class='ocrx_word' id='word_1_111' title='bbox 1424 951 1458 1005; x_wconf 88' lang='lat' dir='ltr'>ad</span> <span class='ocrx_word' id='word_1_112' title='bbox 1468 951 1665 1017; x_wconf 84' lang='lat' dir='ltr'>distinctionem</span> <span class='ocrx_word' id='word_1_113' title='bbox 1677 951 1734 1021; x_wconf 84' lang='lat' dir='ltr'>ejus</span> <span class='ocrx_word' id='word_1_114' title='bbox 1744 970 1811 1023; x_wconf 74' lang='grc' dir='ltr'>ιιι-</span> 
     </span>
     <span class='ocr_line' id='line_1_9' title="bbox 182 1030 1810 1117; baseline 0 -18"><span class='ocrx_word' id='word_1_115' title='bbox 182 1057 290 1111; x_wconf 84' lang='lat' dir='ltr'>cunqne</span> <span class='ocrx_word' id='word_1_116' title='bbox 302 1040 396 1103; x_wconf 88' lang='lat' dir='ltr'>roluit,</span> <span class='ocrx_word' id='word_1_117' title='bbox 405 1052 524 1110; x_wconf 65' lang='lat' dir='ltr'>praeceps</span> <span class='ocrx_word' id='word_1_118' title='bbox 540 1035 642 1092; x_wconf 87' lang='lat' dir='ltr'>leratur</span> <span class='ocrx_word' id='word_1_119' title='bbox 653 1034 685 1089; x_wconf 84' lang='lat' dir='ltr'>in</span> <span class='ocrx_word' id='word_1_120' title='bbox 699 1033 781 1088; x_wconf 76' lang='lat' dir='ltr'>uitia?</span> <span class='ocrx_word' id='word_1_121' title='bbox 793 1030 856 1088; x_wconf 73' lang='lat' dir='ltr'>ttae</span> <span class='ocrx_word' id='word_1_122' title='bbox 880 1042 971 1087; x_wconf 86' lang='lat' dir='ltr'>autem</span> <span class='ocrx_word' id='word_1_123' title='bbox 1022 1038 1092 1109; x_wconf 88' lang='lat' dir='ltr'>cepti</span> <span class='ocrx_word' id='word_1_124' title='bbox 1110 1039 1218 1104; x_wconf 88' lang='lat' dir='ltr'>dieitur,</span> <span class='ocrx_word' id='word_1_125' title='bbox 1232 1039 1303 1109; x_wconf 92' lang='lat' dir='ltr'>quod</span> <span class='ocrx_word' id='word_1_126' title='bbox 1321 1040 1521 1117; x_wconf 85' lang='lat' dir='ltr'>posteainicrt,</span> <span class='ocrx_word' id='word_1_127' title='bbox 1539 1043 1649 1099; x_wconf 87' lang='lat' dir='ltr'>auribus</span> <span class='ocrx_word' id='word_1_128' title='bbox 1662 1045 1810 1115; x_wconf 69' lang='lat' dir='ltr'>percipite,</span> 
     </span>
     <span class='ocr_line' id='line_1_10' title="bbox 179 1128 1810 1208; baseline 0.001 -17"><span class='ocrx_word' id='word_1_129' title='bbox 179 1145 211 1191; x_wconf 85' lang='lat' dir='ltr'>et</span> <span class='ocrx_word' id='word_1_130' title='bbox 230 1136 258 1191; x_wconf 91' lang='lat' dir='ltr'>in</span> <span class='ocrx_word' id='word_1_131' title='bbox 279 1132 403 1189; x_wconf 83' lang='lat' dir='ltr'>eeclesiis</span> <span class='ocrx_word' id='word_1_132' title='bbox 420 1145 492 1201; x_wconf 87' lang='lat' dir='ltr'>saepe</span> <span class='ocrx_word' id='word_1_133' title='bbox 512 1129 663 1185; x_wconf 84' lang='lat' dir='ltr'>accidentia</span> <span class='ocrx_word' id='word_1_134' title='bbox 686 1142 829 1198; x_wconf 90' lang='lat' dir='ltr'>possumus</span> <span class='ocrx_word' id='word_1_135' title='bbox 848 1128 973 1183; x_wconf 90' lang='lat' dir='ltr'>conside·</span> <span class='ocrx_word' id='word_1_136' title='bbox 1023 1130 1074 1186; x_wconf 91' lang='lat' dir='ltr'>boe</span> <span class='ocrx_word' id='word_1_137' title='bbox 1096 1129 1223 1201; x_wconf 87' lang='lat' dir='ltr'>imperat,</span> <span class='ocrx_word' id='word_1_138' title='bbox 1246 1138 1275 1187; x_wconf 91' lang='lat' dir='ltr'>ut</span> <span class='ocrx_word' id='word_1_139' title='bbox 1288 1132 1315 1187; x_wconf 94' lang='lat' dir='ltr'>in</span> <span class='ocrx_word' id='word_1_140' title='bbox 1330 1142 1447 1188; x_wconf 88' lang='lat' dir='ltr'>mentem</span> <span class='ocrx_word' id='word_1_141' title='bbox 1469 1142 1497 1190; x_wconf 87' lang='lat' dir='ltr'>ct</span> <span class='ocrx_word' id='word_1_142' title='bbox 1511 1149 1619 1190; x_wconf 89' lang='lat' dir='ltr'>sensum</span> <span class='ocrx_word' id='word_1_143' title='bbox 1634 1151 1666 1191; x_wconf 90' lang='lat' dir='ltr'>ea</span> <span class='ocrx_word' id='word_1_144' title='bbox 1685 1153 1745 1208; x_wconf 80' lang='grc' dir='ltr'>ιιι</span> <span class='ocrx_word' id='word_1_145' title='bbox 1763 1139 1810 1193; x_wconf 90' lang='lat' dir='ltr'>di-</span> 
     </span>
     <span class='ocr_line' id='line_1_11' title="bbox 181 1215 1808 1291; baseline 0 -10"><span class='ocrx_word' id='word_1_146' title='bbox 181 1240 256 1281; x_wconf 87' lang='lat' dir='ltr'>rare.</span> <span class='ocrx_word' id='word_1_147' title='bbox 267 1222 393 1278; x_wconf 75' lang='lat' dir='ltr'>Peccavit</span> <span class='ocrx_word' id='word_1_148' title='bbox 403 1221 547 1290; x_wconf 88' lang='lat' dir='ltr'>quispiam,</span> <span class='ocrx_word' id='word_1_149' title='bbox 561 1227 590 1275; x_wconf 90' lang='lat' dir='ltr'>et</span> <span class='ocrx_word' id='word_1_150' title='bbox 607 1227 669 1288; x_wconf 90' lang='lat' dir='ltr'>post</span> <span class='ocrx_word' id='word_1_151' title='bbox 693 1226 831 1288; x_wconf 88' lang='lat' dir='ltr'>peccatum</span> <span class='ocrx_word' id='word_1_152' title='bbox 855 1215 973 1287; x_wconf 87' lang='lat' dir='ltr'>postulat</span> <span class='ocrx_word' id='word_1_153' title='bbox 1021 1226 1121 1275; x_wconf 82' lang='lat' dir='ltr'>cuntur</span> <span class='ocrx_word' id='word_1_154' title='bbox 1136 1219 1283 1290; x_wconf 82' lang='lat' dir='ltr'>excipiant.</span> <span class='ocrx_word' id='word_1_155' title='bbox 1307 1220 1400 1291; x_wconf 84' lang='lat' dir='ltr'>Neque</span> <span class='ocrx_word' id='word_1_156' title='bbox 1423 1236 1488 1277; x_wconf 85' lang='lat' dir='ltr'>uero</span> <span class='ocrx_word' id='word_1_157' title='bbox 1505 1223 1534 1277; x_wconf 95' lang='lat' dir='ltr'>in</span> <span class='ocrx_word' id='word_1_158' title='bbox 1552 1223 1605 1279; x_wconf 92' lang='lat' dir='ltr'>boc</span> <span class='ocrx_word' id='word_1_159' title='bbox 1624 1224 1709 1279; x_wconf 86' lang='lat' dir='ltr'>solunt</span> <span class='ocrx_word' id='word_1_160' title='bbox 1728 1225 1808 1289; x_wconf 79' lang='lat' dir='ltr'>deco,</span> 
     </span>
     <span class='ocr_line' id='line_1_12' title="bbox 181 1306 1811 1383; baseline -0.01 -12"><span class='ocrx_word' id='word_1_161' title='bbox 181 1314 400 1371; x_wconf 85' lang='lat' dir='ltr'>comitutniuneur</span> <span class='ocrx_word' id='word_1_162' title='bbox 415 1310 457 1366; x_wconf 91' lang='lat' dir='ltr'>:si</span> <span class='ocrx_word' id='word_1_163' title='bbox 471 1309 496 1365; x_wconf 90' lang='lat' dir='ltr'>ei</span> <span class='ocrx_word' id='word_1_164' title='bbox 510 1308 668 1364; x_wconf 82' lang='lat' dir='ltr'>conceditur</span> <span class='ocrx_word' id='word_1_165' title='bbox 680 1306 752 1377; x_wconf 86' lang='lat' dir='ltr'>qued</span> <span class='ocrx_word' id='word_1_166' title='bbox 769 1314 856 1376; x_wconf 86' lang='lat' dir='ltr'>rogat,</span> <span class='ocrx_word' id='word_1_167' title='bbox 876 1306 904 1361; x_wconf 93' lang='lat' dir='ltr'>iu</span> <span class='ocrx_word' id='word_1_168' title='bbox 930 1306 972 1360; x_wconf 88' lang='lat' dir='ltr'>in·</span> <span class='ocrx_word' id='word_1_169' title='bbox 1020 1309 1106 1365; x_wconf 88' lang='lat' dir='ltr'>sedin</span> <span class='ocrx_word' id='word_1_170' title='bbox 1119 1310 1191 1365; x_wconf 91' lang='lat' dir='ltr'>omni</span> <span class='ocrx_word' id='word_1_171' title='bbox 1204 1310 1343 1381; x_wconf 76' lang='lat' dir='ltr'>Scriptura</span> <span class='ocrx_word' id='word_1_172' title='bbox 1353 1318 1417 1366; x_wconf 94' lang='lat' dir='ltr'>sunt</span> <span class='ocrx_word' id='word_1_173' title='bbox 1432 1311 1554 1380; x_wconf 76' lang='lat' dir='ltr'>quedam</span> <span class='ocrx_word' id='word_1_174' title='bbox 1567 1311 1665 1377; x_wconf 85' lang='lat' dir='ltr'>lucilia,</span> <span class='ocrx_word' id='word_1_175' title='bbox 1679 1320 1706 1369; x_wconf 87' lang='grc' dir='ltr'>ιι</span> <span class='ocrx_word' id='word_1_176' title='bbox 1716 1328 1811 1383; x_wconf 67' lang='lat' dir='ltr'>prom.</span> 
     </span>
     <span class='ocr_line' id='line_1_13' title="bbox 181 1395 1813 1476; baseline 0.001 -18"><span class='ocrx_word' id='word_1_177' title='bbox 181 1404 355 1458; x_wconf 87' lang='lat' dir='ltr'>commodum</span> <span class='ocrx_word' id='word_1_178' title='bbox 369 1401 488 1456; x_wconf 80' lang='lat' dir='ltr'>onmium</span> <span class='ocrx_word' id='word_1_179' title='bbox 501 1398 578 1454; x_wconf 83' lang='lat' dir='ltr'>uenia</span> <span class='ocrx_word' id='word_1_180' title='bbox 591 1398 725 1469; x_wconf 88' lang='lat' dir='ltr'>procedit,</span> <span class='ocrx_word' id='word_1_181' title='bbox 739 1407 767 1452; x_wconf 89' lang='lat' dir='ltr'>et</span> <span class='ocrx_word' id='word_1_182' title='bbox 780 1395 971 1451; x_wconf 83' lang='lat' dir='ltr'>laxatisireuis</span> <span class='ocrx_word' id='word_1_183' title='bbox 1021 1411 1067 1473; x_wconf 81' lang='lat' dir='ltr'>pta</span> <span class='ocrx_word' id='word_1_184' title='bbox 1092 1402 1126 1458; x_wconf 84' lang='lat' dir='ltr'>ud</span> <span class='ocrx_word' id='word_1_185' title='bbox 1148 1403 1360 1474; x_wconf 82' lang='lat' dir='ltr'>intelligendum,</span> <span class='ocrx_word' id='word_1_186' title='bbox 1384 1406 1529 1476; x_wconf 88' lang='lat' dir='ltr'>statimque</span> <span class='ocrx_word' id='word_1_187' title='bbox 1564 1414 1596 1462; x_wconf 91' lang='lat' dir='ltr'>nt</span> <span class='ocrx_word' id='word_1_188' title='bbox 1616 1407 1689 1463; x_wconf 67' lang='lat' dir='ltr'>⁴lecta</span> <span class='ocrx_word' id='word_1_189' title='bbox 1710 1406 1813 1464; x_wconf 79' lang='lat' dir='ltr'>luerint</span> 
     </span>
     <span class='ocr_line' id='line_1_14' title="bbox 182 1487 1814 1565; baseline 0.001 -14"><span class='ocrx_word' id='word_1_190' title='bbox 182 1494 332 1551; x_wconf 84' lang='lat' dir='ltr'>sceleribus</span> <span class='ocrx_word' id='word_1_191' title='bbox 342 1492 470 1565; x_wconf 87' lang='lat' dir='ltr'>panditur</span> <span class='ocrx_word' id='word_1_192' title='bbox 484 1492 527 1545; x_wconf 85' lang='lat' dir='ltr'>ria</span> <span class='ocrx_word' id='word_1_193' title='bbox 542 1509 549 1545; x_wconf 90' lang='lat'>:</span> <span class='ocrx_word' id='word_1_194' title='bbox 563 1490 679 1544; x_wconf 77' lang='lat' dir='ltr'>sincero</span> <span class='ocrx_word' id='word_1_195' title='bbox 689 1503 751 1544; x_wconf 91' lang='lat' dir='ltr'>ctrrn</span> <span class='ocrx_word' id='word_1_196' title='bbox 767 1487 917 1543; x_wconf 87' lang='lat' dir='ltr'>rationabili</span> <span class='ocrx_word' id='word_1_197' title='bbox 926 1488 971 1543; x_wconf 93' lang='lat' dir='ltr'>de·</span> <span class='ocrx_word' id='word_1_198' title='bbox 1021 1491 1164 1548; x_wconf 76' lang='lat' dir='ltr'>utilitatem</span> <span class='ocrx_word' id='word_1_199' title='bbox 1186 1491 1336 1564; x_wconf 81' lang='lat' dir='ltr'>legentibus</span> <span class='ocrx_word' id='word_1_200' title='bbox 1353 1494 1482 1551; x_wconf 86' lang='lat' dir='ltr'>tribuunt.</span> <span class='ocrx_word' id='word_1_201' title='bbox 1498 1494 1568 1551; x_wconf 90' lang='lat' dir='ltr'>Sunt</span> <span class='ocrx_word' id='word_1_202' title='bbox 1587 1495 1640 1551; x_wconf 90' lang='lat' dir='ltr'>alia</span> <span class='ocrx_word' id='word_1_203' title='bbox 1656 1497 1775 1553; x_wconf 88' lang='lat' dir='ltr'>sacriora</span> <span class='ocrx_word' id='word_1_204' title='bbox 1785 1506 1814 1552; x_wconf 91' lang='lat' dir='ltr'>et</span> 
     </span>
     <span class='ocr_line' id='line_1_15' title="bbox 181 1578 1813 1654; baseline 0.001 -13"><span class='ocrx_word' id='word_1_205' title='bbox 181 1584 343 1640; x_wconf 78' lang='lat' dir='ltr'>liberatione</span> <span class='ocrx_word' id='word_1_206' title='bbox 367 1597 419 1636; x_wconf 85' lang='lat' dir='ltr'>non</span> <span class='ocrx_word' id='word_1_207' title='bbox 444 1588 475 1634; x_wconf 77' lang='lat' dir='ltr'>ul</span> <span class='ocrx_word' id='word_1_208' title='bbox 502 1578 705 1643; x_wconf 59' lang='lat' dir='ltr'>dimiserim,</span> <span class='ocrx_word' id='word_1_209' title='bbox 731 1593 782 1633; x_wconf 67' lang='grc' dir='ltr'>ιιι</span> <span class='ocrx_word' id='word_1_210' title='bbox 809 1591 916 1633; x_wconf 71' lang='lat' dir='ltr'>tursum</span> <span class='ocrx_word' id='word_1_211' title='bbox 941 1586 971 1631; x_wconf 91' lang='lat' dir='ltr'>ut</span> <span class='ocrx_word' id='word_1_212' title='bbox 1017 1582 1176 1650; x_wconf 79' lang='lat' dir='ltr'>inettubtttn,</span> <span class='ocrx_word' id='word_1_213' title='bbox 1195 1592 1232 1649; x_wconf 90' lang='lat' dir='ltr'>et,</span> <span class='ocrx_word' id='word_1_214' title='bbox 1246 1585 1326 1640; x_wconf 89' lang='lat' dir='ltr'>utita</span> <span class='ocrx_word' id='word_1_215' title='bbox 1345 1584 1443 1650; x_wconf 89' lang='lat' dir='ltr'>dicam,</span> <span class='ocrx_word' id='word_1_216' title='bbox 1461 1586 1621 1654; x_wconf 87' lang='lat' dir='ltr'>quibusdam</span> <span class='ocrx_word' id='word_1_217' title='bbox 1643 1588 1813 1644; x_wconf 85' lang='lat' dir='ltr'>obscuritati·</span> 
     </span>
     <span class='ocr_line' id='line_1_16' title="bbox 182 1668 1811 1749; baseline 0.002 -19"><span class='ocrx_word' id='word_1_218' title='bbox 182 1675 300 1730; x_wconf 89' lang='lat' dir='ltr'>crudelis</span> <span class='ocrx_word' id='word_1_219' title='bbox 308 1674 401 1744; x_wconf 79' lang='lat' dir='ltr'>juder,</span> <span class='ocrx_word' id='word_1_220' title='bbox 418 1672 464 1727; x_wconf 85' lang='lat' dir='ltr'>sel</span> <span class='ocrx_word' id='word_1_221' title='bbox 476 1671 553 1741; x_wconf 89' lang='lat' dir='ltr'>quasi</span> <span class='ocrx_word' id='word_1_222' title='bbox 566 1679 595 1724; x_wconf 92' lang='lat' dir='ltr'>ut</span> <span class='ocrx_word' id='word_1_223' title='bbox 607 1670 652 1724; x_wconf 92' lang='lat' dir='ltr'>uni</span> <span class='ocrx_word' id='word_1_224' title='bbox 663 1670 844 1740; x_wconf 84' lang='lat' dir='ltr'>prouidensct</span> <span class='ocrx_word' id='word_1_225' title='bbox 856 1668 890 1723; x_wconf 94' lang='lat' dir='ltr'>de</span> <span class='ocrx_word' id='word_1_226' title='bbox 910 1683 969 1723; x_wconf 90' lang='lat' dir='ltr'>otn·</span> <span class='ocrx_word' id='word_1_227' title='bbox 1021 1674 1073 1730; x_wconf 84' lang='lat' dir='ltr'>bus</span> <span class='ocrx_word' id='word_1_228' title='bbox 1094 1673 1223 1730; x_wconf 83' lang='lat' dir='ltr'>involuto.</span> <span class='ocrx_word' id='word_1_229' title='bbox 1241 1674 1281 1730; x_wconf 83' lang='lat' dir='ltr'>lle</span> <span class='ocrx_word' id='word_1_230' title='bbox 1301 1674 1344 1731; x_wconf 91' lang='lat' dir='ltr'>bis</span> <span class='ocrx_word' id='word_1_231' title='bbox 1359 1674 1442 1746; x_wconf 88' lang='lat' dir='ltr'>igitur</span> <span class='ocrx_word' id='word_1_232' title='bbox 1459 1690 1519 1745; x_wconf 86' lang='lat' dir='ltr'>quae</span> <span class='ocrx_word' id='word_1_233' title='bbox 1541 1674 1625 1731; x_wconf 88' lang='lat' dir='ltr'>latent</span> <span class='ocrx_word' id='word_1_234' title='bbox 1646 1684 1677 1732; x_wconf 91' lang='lat' dir='ltr'>et</span> <span class='ocrx_word' id='word_1_235' title='bbox 1700 1678 1811 1749; x_wconf 79' lang='lat' dir='ltr'>esposi-</span> 
     </span>
     <span class='ocr_line' id='line_1_17' title="bbox 181 1744 1812 1839; baseline 0.001 -15"><span class='ocrx_word' id='word_1_236' title='bbox 181 1772 258 1825; x_wconf 89' lang='lat' dir='ltr'>nium</span> <span class='ocrx_word' id='word_1_237' title='bbox 271 1769 358 1825; x_wconf 83' lang='lat' dir='ltr'>salute</span> <span class='ocrx_word' id='word_1_238' title='bbox 380 1776 559 1839; x_wconf 88' lang='lat' dir='ltr'>pertractans,</span> <span class='ocrx_word' id='word_1_239' title='bbox 577 1766 758 1821; x_wconf 84' lang='lat' dir='ltr'>considerauit</span> <span class='ocrx_word' id='word_1_240' title='bbox 778 1762 867 1835; x_wconf 81' lang='lat' dir='ltr'>populi</span> <span class='ocrx_word' id='word_1_241' title='bbox 892 1762 970 1817; x_wconf 87' lang='lat' dir='ltr'>darn·</span> <span class='ocrx_word' id='word_1_242' title='bbox 985 1744 1008 1804; x_wconf 81' lang='grc' dir='ltr'><strong>Β</strong></span> <span class='ocrx_word' id='word_1_243' title='bbox 1022 1765 1096 1820; x_wconf 91' lang='lat' dir='ltr'>tione</span> <span class='ocrx_word' id='word_1_244' title='bbox 1107 1764 1235 1835; x_wconf 85' lang='lat' dir='ltr'>indigent,</span> <span class='ocrx_word' id='word_1_245' title='bbox 1250 1765 1449 1821; x_wconf 89' lang='lat' dir='ltr'>arbitrornunc</span> <span class='ocrx_word' id='word_1_246' title='bbox 1461 1765 1561 1822; x_wconf 92' lang='lat' dir='ltr'>dictum</span> <span class='ocrx_word' id='word_1_247' title='bbox 1575 1781 1646 1833; x_wconf 87' lang='lat' dir='ltr'>esse,</span> <span class='ocrx_word' id='word_1_248' title='bbox 1661 1769 1765 1825; x_wconf 84' lang='lat' dir='ltr'>audite:</span> <span class='ocrx_word' id='word_1_249' title='bbox 1778 1770 1812 1827; x_wconf 89' lang='lat' dir='ltr'>de</span> 
     </span>
     <span class='ocr_line' id='line_1_18' title="bbox 182 1851 1901 1927; baseline 0.001 -13"><span class='ocrx_word' id='word_1_250' title='bbox 182 1875 248 1914; x_wconf 93' lang='lat' dir='ltr'>nttnt</span> <span class='ocrx_word' id='word_1_251' title='bbox 262 1859 288 1914; x_wconf 92' lang='lat' dir='ltr'>in</span> <span class='ocrx_word' id='word_1_252' title='bbox 303 1859 383 1913; x_wconf 89' lang='lat' dir='ltr'>unius</span> <span class='ocrx_word' id='word_1_253' title='bbox 396 1858 485 1922; x_wconf 83' lang='lat' dir='ltr'>venia,</span> <span class='ocrx_word' id='word_1_254' title='bbox 509 1856 581 1911; x_wconf 86' lang='lat' dir='ltr'>baud</span> <span class='ocrx_word' id='word_1_255' title='bbox 602 1856 712 1911; x_wconf 90' lang='lat' dir='ltr'>dubium</span> <span class='ocrx_word' id='word_1_256' title='bbox 732 1865 777 1910; x_wconf 89' lang='lat' dir='ltr'>est</span> <span class='ocrx_word' id='word_1_257' title='bbox 798 1855 863 1924; x_wconf 88' lang='lat' dir='ltr'>quin</span> <span class='ocrx_word' id='word_1_258' title='bbox 890 1851 972 1908; x_wconf 85' lang='lat' dir='ltr'>iaciat</span> <span class='ocrx_word' id='word_1_259' title='bbox 1023 1853 1064 1908; x_wconf 89' lang='lat' dir='ltr'>bis</span> <span class='ocrx_word' id='word_1_260' title='bbox 1077 1864 1167 1909; x_wconf 91' lang='lat' dir='ltr'>autern</span> <span class='ocrx_word' id='word_1_261' title='bbox 1180 1869 1241 1924; x_wconf 78' lang='lat' dir='ltr'>quta</span> <span class='ocrx_word' id='word_1_262' title='bbox 1259 1855 1319 1910; x_wconf 88' lang='lat' dir='ltr'>sine</span> <span class='ocrx_word' id='word_1_263' title='bbox 1332 1855 1459 1927; x_wconf 88' lang='lat' dir='ltr'>scrupulo</span> <span class='ocrx_word' id='word_1_264' title='bbox 1478 1856 1681 1927; x_wconf 87' lang='lat' dir='ltr'>interpretantis</span> <span class='ocrx_word' id='word_1_265' title='bbox 1693 1860 1810 1917; x_wconf 90' lang='lat' dir='ltr'>auditori</span> <span class='ocrx_word' id='word_1_266' title='bbox 1890 1852 1901 1863; x_wconf 81' lang='grc'><em>“</em></span> 
     </span>
     <span class='ocr_line' id='line_1_19' title="bbox 181 1942 1811 2022; baseline 0.001 -16"><span class='ocrx_word' id='word_1_267' title='bbox 181 1950 244 2021; x_wconf 84' lang='lat' dir='ltr'>ejici</span> <span class='ocrx_word' id='word_1_268' title='bbox 263 1965 344 2005; x_wconf 91' lang='lat' dir='ltr'>unum</span> <span class='ocrx_word' id='word_1_269' title='bbox 364 1951 396 2005; x_wconf 91' lang='lat' dir='ltr'>de</span> <span class='ocrx_word' id='word_1_270' title='bbox 420 1948 545 2013; x_wconf 81' lang='lat' dir='ltr'>ccclesia,</span> <span class='ocrx_word' id='word_1_271' title='bbox 561 1959 591 2002; x_wconf 90' lang='grc' dir='ltr'>ιι</span> <span class='ocrx_word' id='word_1_272' title='bbox 604 1945 703 2002; x_wconf 87' lang='lat' dir='ltr'>multos</span> <span class='ocrx_word' id='word_1_273' title='bbox 723 1952 842 2000; x_wconf 76' lang='lat' dir='ltr'>reservet</span> <span class='ocrx_word' id='word_1_274' title='bbox 866 1942 970 1998; x_wconf 86' lang='lat' dir='ltr'>ineolu-</span> <span class='ocrx_word' id='word_1_275' title='bbox 1017 1946 1161 2001; x_wconf 89' lang='lat' dir='ltr'>commoda</span> <span class='ocrx_word' id='word_1_276' title='bbox 1191 1954 1264 2011; x_wconf 86' lang='lat' dir='ltr'>suut,</span> <span class='ocrx_word' id='word_1_277' title='bbox 1286 1945 1398 2003; x_wconf 87' lang='lat' dir='ltr'>autibus</span> <span class='ocrx_word' id='word_1_278' title='bbox 1421 1947 1560 2018; x_wconf 88' lang='lat' dir='ltr'>percipite.</span> <span class='ocrx_word' id='word_1_279' title='bbox 1579 1948 1724 2022; x_wconf 80' lang='lat' dir='ltr'>(Hieron.)</span> <span class='ocrx_word' id='word_1_280' title='bbox 1742 1950 1811 2020; x_wconf 76' lang='lat' dir='ltr'>Quin</span> 
     </span>
     <span class='ocr_line' id='line_1_20' title="bbox 182 2032 1812 2110; baseline 0.001 -15"><span class='ocrx_word' id='word_1_281' title='bbox 182 2055 250 2095; x_wconf 89' lang='lat' dir='ltr'>ntes.</span> <span class='ocrx_word' id='word_1_282' title='bbox 269 2040 325 2110; x_wconf 81' lang='lat' dir='ltr'>Age</span> <span class='ocrx_word' id='word_1_283' title='bbox 339 2053 421 2101; x_wconf 84' lang='lat' dir='ltr'>nune,</span> <span class='ocrx_word' id='word_1_284' title='bbox 437 2035 577 2091; x_wconf 86' lang='lat' dir='ltr'>rotrsidcra</span> <span class='ocrx_word' id='word_1_285' title='bbox 591 2035 656 2089; x_wconf 92' lang='lat' dir='ltr'>mibi</span> <span class='ocrx_word' id='word_1_286' title='bbox 670 2042 698 2088; x_wconf 92' lang='lat' dir='ltr'>ct</span> <span class='ocrx_word' id='word_1_287' title='bbox 709 2034 841 2089; x_wconf 87' lang='lat' dir='ltr'>medicum</span> <span class='ocrx_word' id='word_1_288' title='bbox 854 2050 861 2087; x_wconf 80' lang='grc' dir='ltr'>ι</span> <span class='ocrx_word' id='word_1_289' title='bbox 879 2032 902 2087; x_wconf 91' lang='lat' dir='ltr'>si</span> <span class='ocrx_word' id='word_1_290' title='bbox 915 2046 972 2087; x_wconf 89' lang='lat' dir='ltr'>ces-</span> <span class='ocrx_word' id='word_1_291' title='bbox 1020 2035 1227 2105; x_wconf 76' lang='lat' dir='ltr'>supradixerat,</span> <span class='ocrx_word' id='word_1_292' title='bbox 1241 2053 1252 2087; x_wconf 84' lang='lat' dir='ltr'>t</span> <span class='ocrx_word' id='word_1_293' title='bbox 1265 2036 1354 2092; x_wconf 91' lang='lat' dir='ltr'>omnis</span> <span class='ocrx_word' id='word_1_294' title='bbox 1366 2044 1427 2092; x_wconf 91' lang='lat' dir='ltr'>uter</span> <span class='ocrx_word' id='word_1_295' title='bbox 1439 2035 1594 2107; x_wconf 85' lang='lat' dir='ltr'>implebitur</span> <span class='ocrx_word' id='word_1_296' title='bbox 1607 2037 1692 2094; x_wconf 77' lang='lat' dir='ltr'>uiuo·</span> <span class='ocrx_word' id='word_1_297' title='bbox 1708 2057 1715 2094; x_wconf 93' lang='lat'><strong>:</strong></span> <span class='ocrx_word' id='word_1_298' title='bbox 1732 2040 1768 2095; x_wconf 87' lang='lat' dir='ltr'>ita</span> <span class='ocrx_word' id='word_1_299' title='bbox 1782 2050 1812 2096; x_wconf 94' lang='lat' dir='ltr'>ttt</span> 
     </span>
     <span class='ocr_line' id='line_1_21' title="bbox 181 2123 1811 2200; baseline 0.001 -15"><span class='ocrx_word' id='word_1_300' title='bbox 181 2129 308 2185; x_wconf 82' lang='lat' dir='ltr'>saterita</span> <span class='ocrx_word' id='word_1_301' title='bbox 323 2128 442 2184; x_wconf 80' lang='lat' dir='ltr'>suenone</span> <span class='ocrx_word' id='word_1_302' title='bbox 455 2127 513 2197; x_wconf 81' lang='lat' dir='ltr'>ujus</span> <span class='ocrx_word' id='word_1_303' title='bbox 528 2125 656 2187; x_wconf 80' lang='lat' dir='ltr'>vulneris,</span> <span class='ocrx_word' id='word_1_304' title='bbox 667 2125 738 2194; x_wconf 85' lang='lat' dir='ltr'>quod</span> <span class='ocrx_word' id='word_1_305' title='bbox 750 2123 895 2179; x_wconf 84' lang='lat' dir='ltr'>secandum</span> <span class='ocrx_word' id='word_1_306' title='bbox 918 2131 968 2184; x_wconf 89' lang='grc' dir='ltr'>ιιι,</span> <span class='ocrx_word' id='word_1_307' title='bbox 1017 2140 1099 2196; x_wconf 87' lang='lat' dir='ltr'>reges</span> <span class='ocrx_word' id='word_1_308' title='bbox 1119 2140 1225 2196; x_wconf 85' lang='lat' dir='ltr'>quaque</span> <span class='ocrx_word' id='word_1_309' title='bbox 1248 2134 1276 2181; x_wconf 92' lang='lat' dir='ltr'>et</span> <span class='ocrx_word' id='word_1_310' title='bbox 1300 2126 1454 2183; x_wconf 86' lang='lat' dir='ltr'>sacerdotes</span> <span class='ocrx_word' id='word_1_311' title='bbox 1474 2133 1502 2182; x_wconf 92' lang='lat' dir='ltr'>et</span> <span class='ocrx_word' id='word_1_312' title='bbox 1519 2128 1656 2200; x_wconf 79' lang='lat' dir='ltr'>propheta</span> <span class='ocrx_word' id='word_1_313' title='bbox 1672 2137 1700 2187; x_wconf 85' lang='lat' dir='ltr'>et</span> <span class='ocrx_word' id='word_1_314' title='bbox 1716 2144 1811 2186; x_wconf 88' lang='lat' dir='ltr'>ornnes</span> 
     </span>
     <span class='ocr_line' id='line_1_22' title="bbox 180 2213 1812 2289; baseline -0.001 -13"><span class='ocrx_word' id='word_1_315' title='bbox 180 2221 206 2276; x_wconf 91' lang='lat' dir='ltr'>si</span> <span class='ocrx_word' id='word_1_316' title='bbox 219 2236 272 2275; x_wconf 91' lang='lat' dir='ltr'>nun</span> <span class='ocrx_word' id='word_1_317' title='bbox 287 2219 385 2274; x_wconf 87' lang='lat' dir='ltr'>usserit</span> <span class='ocrx_word' id='word_1_318' title='bbox 397 2218 422 2271; x_wconf 84' lang='lat' dir='ltr'>il</span> <span class='ocrx_word' id='word_1_319' title='bbox 434 2217 505 2287; x_wconf 90' lang='lat' dir='ltr'>quod</span> <span class='ocrx_word' id='word_1_320' title='bbox 517 2216 619 2286; x_wconf 78' lang='lat' dir='ltr'>indiget</span> <span class='ocrx_word' id='word_1_321' title='bbox 632 2213 762 2277; x_wconf 82' lang='lat' dir='ltr'>cauterio,</span> <span class='ocrx_word' id='word_1_322' title='bbox 775 2213 898 2269; x_wconf 82' lang='lat' dir='ltr'>uidelicet</span> <span class='ocrx_word' id='word_1_323' title='bbox 911 2226 971 2282; x_wconf 89' lang='lat' dir='ltr'>pro·</span> <span class='ocrx_word' id='word_1_324' title='bbox 1021 2217 1186 2275; x_wconf 87' lang='lat' dir='ltr'>babitatores</span> <span class='ocrx_word' id='word_1_325' title='bbox 1209 2215 1358 2274; x_wconf 80' lang='lat' dir='ltr'>Jerusalem</span> <span class='ocrx_word' id='word_1_326' title='bbox 1382 2216 1560 2287; x_wconf 89' lang='lat' dir='ltr'>implerentur</span> <span class='ocrx_word' id='word_1_327' title='bbox 1581 2216 1727 2284; x_wconf 71' lang='lat' dir='ltr'>christete,</span> <span class='ocrx_word' id='word_1_328' title='bbox 1747 2233 1812 2289; x_wconf 86' lang='lat' dir='ltr'>pru-</span> 
     </span>
     <span class='ocr_line' id='line_1_23' title="bbox 181 2305 1808 2387; baseline -0.001 -21"><span class='ocrx_word' id='word_1_329' title='bbox 181 2322 242 2387; x_wconf 87' lang='lat' dir='ltr'>pter</span> <span class='ocrx_word' id='word_1_330' title='bbox 255 2311 372 2376; x_wconf 87' lang='lat' dir='ltr'>dolores,</span> <span class='ocrx_word' id='word_1_331' title='bbox 384 2308 446 2378; x_wconf 88' lang='lat' dir='ltr'>qnia</span> <span class='ocrx_word' id='word_1_332' title='bbox 458 2323 491 2362; x_wconf 80' lang='lat' dir='ltr'>ex</span> <span class='ocrx_word' id='word_1_333' title='bbox 504 2308 601 2362; x_wconf 81' lang='lat' dir='ltr'>talibus</span> <span class='ocrx_word' id='word_1_334' title='bbox 615 2305 741 2362; x_wconf 87' lang='lat' dir='ltr'>remediis</span> <span class='ocrx_word' id='word_1_335' title='bbox 758 2311 969 2375; x_wconf 64' lang='lat' dir='ltr'>const-quantur,</span> <span class='ocrx_word' id='word_1_336' title='bbox 1020 2318 1113 2380; x_wconf 87' lang='lat' dir='ltr'>pterea</span> <span class='ocrx_word' id='word_1_337' title='bbox 1122 2308 1210 2379; x_wconf 85' lang='lat' dir='ltr'>jungit</span> <span class='ocrx_word' id='word_1_338' title='bbox 1220 2319 1248 2366; x_wconf 91' lang='lat' dir='ltr'>et</span> <span class='ocrx_word' id='word_1_339' title='bbox 1259 2308 1339 2365; x_wconf 85' lang='lat' dir='ltr'>dicit:</span> <span class='ocrx_word' id='word_1_340' title='bbox 1353 2326 1363 2361; x_wconf 87' lang='lat' dir='ltr'>t</span> <span class='ocrx_word' id='word_1_341' title='bbox 1376 2308 1475 2365; x_wconf 78' lang='lat' dir='ltr'>Audite</span> <span class='ocrx_word' id='word_1_342' title='bbox 1486 2317 1515 2366; x_wconf 89' lang='grc' dir='ltr'>ιι</span> <span class='ocrx_word' id='word_1_343' title='bbox 1527 2309 1638 2365; x_wconf 88' lang='lat' dir='ltr'>auribus</span> <span class='ocrx_word' id='word_1_344' title='bbox 1648 2310 1787 2382; x_wconf 86' lang='lat' dir='ltr'>percipite,</span> <span class='ocrx_word' id='word_1_345' title='bbox 1798 2328 1808 2364; x_wconf 83' lang='lat' dir='ltr'>t</span> 
     </span>
     <span class='ocr_line' id='line_1_24' title="bbox 181 2396 1811 2474; baseline -0.001 -17"><span class='ocrx_word' id='word_1_346' title='bbox 181 2403 317 2474; x_wconf 87' lang='lat' dir='ltr'>quomodo</span> <span class='ocrx_word' id='word_1_347' title='bbox 330 2409 436 2456; x_wconf 81' lang='lat' dir='ltr'>crescat</span> <span class='ocrx_word' id='word_1_348' title='bbox 454 2398 596 2454; x_wconf 83' lang='lat' dir='ltr'>iufirmitas</span> <span class='ocrx_word' id='word_1_349' title='bbox 610 2405 638 2452; x_wconf 89' lang='lat' dir='ltr'>ct</span> <span class='ocrx_word' id='word_1_350' title='bbox 659 2396 688 2451; x_wconf 94' lang='lat' dir='ltr'>in</span> <span class='ocrx_word' id='word_1_351' title='bbox 705 2396 823 2452; x_wconf 87' lang='lat' dir='ltr'>deterius</span> <span class='ocrx_word' id='word_1_352' title='bbox 845 2404 970 2449; x_wconf 84' lang='lat' dir='ltr'>retentus</span> <span class='ocrx_word' id='word_1_353' title='bbox 1021 2406 1076 2453; x_wconf 86' lang='lat' dir='ltr'>tam</span> <span class='ocrx_word' id='word_1_354' title='bbox 1090 2398 1259 2455; x_wconf 78' lang='lat' dir='ltr'>extrinsecus</span> <span class='ocrx_word' id='word_1_355' title='bbox 1271 2413 1350 2469; x_wconf 87' lang='lat' dir='ltr'>quam</span> <span class='ocrx_word' id='word_1_356' title='bbox 1365 2399 1541 2468; x_wconf 83' lang='lat' dir='ltr'>intrinsecus,</span> <span class='ocrx_word' id='word_1_357' title='bbox 1558 2408 1612 2455; x_wconf 87' lang='lat' dir='ltr'>tarn</span> <span class='ocrx_word' id='word_1_358' title='bbox 1624 2410 1714 2457; x_wconf 90' lang='lat' dir='ltr'>mente</span> <span class='ocrx_word' id='word_1_359' title='bbox 1728 2414 1811 2472; x_wconf 90' lang='lat' dir='ltr'>quam</span> 
     </span>
     <span class='ocr_line' id='line_1_25' title="bbox 181 2483 1811 2566; baseline -0.001 -16"><span class='ocrx_word' id='word_1_360' title='bbox 181 2493 312 2550; x_wconf 82' lang='lat' dir='ltr'>exuberet</span> <span class='ocrx_word' id='word_1_361' title='bbox 326 2506 334 2545; x_wconf 79' lang='lat' dir='ltr'>t</span> <span class='ocrx_word' id='word_1_362' title='bbox 349 2492 373 2545; x_wconf 90' lang='lat' dir='ltr'>si</span> <span class='ocrx_word' id='word_1_363' title='bbox 387 2505 463 2553; x_wconf 84' lang='lat' dir='ltr'>uero,</span> <span class='ocrx_word' id='word_1_364' title='bbox 477 2497 507 2543; x_wconf 90' lang='lat' dir='ltr'>ut</span> <span class='ocrx_word' id='word_1_365' title='bbox 520 2488 556 2543; x_wconf 88' lang='lat' dir='ltr'>ita</span> <span class='ocrx_word' id='word_1_366' title='bbox 570 2487 668 2552; x_wconf 89' lang='lat' dir='ltr'>dicam,</span> <span class='ocrx_word' id='word_1_367' title='bbox 686 2485 845 2542; x_wconf 86' lang='lat' dir='ltr'>tenreraritts</span> <span class='ocrx_word' id='word_1_368' title='bbox 861 2485 895 2539; x_wconf 87' lang='lat' dir='ltr'>al</span> <span class='ocrx_word' id='word_1_369' title='bbox 909 2483 969 2539; x_wconf 88' lang='lat' dir='ltr'>rul-</span> <span class='ocrx_word' id='word_1_370' title='bbox 1020 2504 1150 2560; x_wconf 89' lang='lat' dir='ltr'>corpure,</span> <span class='ocrx_word' id='word_1_371' title='bbox 1165 2499 1193 2546; x_wconf 86' lang='lat' dir='ltr'>ct</span> <span class='ocrx_word' id='word_1_372' title='bbox 1208 2490 1291 2547; x_wconf 92' lang='lat' dir='ltr'>nolite</span> <span class='ocrx_word' id='word_1_373' title='bbox 1304 2491 1404 2549; x_wconf 77' lang='lat' dir='ltr'>clevari</span> <span class='ocrx_word' id='word_1_374' title='bbox 1419 2506 1468 2564; x_wconf 90' lang='lat' dir='ltr'>per</span> <span class='ocrx_word' id='word_1_375' title='bbox 1477 2493 1646 2564; x_wconf 88' lang='lat' dir='ltr'>superbiam,</span> <span class='ocrx_word' id='word_1_376' title='bbox 1660 2493 1811 2566; x_wconf 70' lang='lat' dir='ltr'>cogitantes</span> 
     </span>
     <span class='ocr_line' id='line_1_26' title="bbox 182 2574 1809 2656; baseline 0.001 -16"><span class='ocrx_word' id='word_1_377' title='bbox 182 2599 235 2640; x_wconf 89' lang='lat' dir='ltr'>nus</span> <span class='ocrx_word' id='word_1_378' title='bbox 260 2591 350 2639; x_wconf 88' lang='lat' dir='ltr'>sector</span> <span class='ocrx_word' id='word_1_379' title='bbox 372 2578 529 2643; x_wconf 85' lang='lat' dir='ltr'>accesserit,</span> <span class='ocrx_word' id='word_1_380' title='bbox 549 2587 576 2632; x_wconf 91' lang='lat' dir='ltr'>ct</span> <span class='ocrx_word' id='word_1_381' title='bbox 596 2575 725 2632; x_wconf 91' lang='lat' dir='ltr'>inusserit</span> <span class='ocrx_word' id='word_1_382' title='bbox 746 2574 863 2646; x_wconf 86' lang='lat' dir='ltr'>plagam,</span> <span class='ocrx_word' id='word_1_383' title='bbox 892 2584 970 2630; x_wconf 87' lang='lat' dir='ltr'>curat</span> <span class='ocrx_word' id='word_1_384' title='bbox 1019 2577 1192 2652; x_wconf 68' lang='lat' dir='ltr'>fragilitatem</span> <span class='ocrx_word' id='word_1_385' title='bbox 1202 2590 1330 2648; x_wconf 82' lang='lat' dir='ltr'>uestram,</span> <span class='ocrx_word' id='word_1_386' title='bbox 1348 2592 1376 2638; x_wconf 91' lang='lat' dir='ltr'>et</span> <span class='ocrx_word' id='word_1_387' title='bbox 1389 2581 1461 2653; x_wconf 87' lang='lat' dir='ltr'>quud</span> <span class='ocrx_word' id='word_1_388' title='bbox 1471 2581 1559 2640; x_wconf 84' lang='lat' dir='ltr'>nudus</span> <span class='ocrx_word' id='word_1_389' title='bbox 1570 2583 1606 2639; x_wconf 87' lang='lat' dir='ltr'>sit</span> <span class='ocrx_word' id='word_1_390' title='bbox 1617 2584 1663 2655; x_wconf 77' lang='grc' dir='ltr'>ιιι</span> <span class='ocrx_word' id='word_1_391' title='bbox 1675 2599 1726 2655; x_wconf 91' lang='lat' dir='ltr'>pro</span> <span class='ocrx_word' id='word_1_392' title='bbox 1738 2600 1809 2656; x_wconf 91' lang='lat' dir='ltr'>qua·</span> 
     </span>
     <span class='ocr_line' id='line_1_27' title="bbox 180 2662 1809 2744; baseline -0.007 -15"><span class='ocrx_word' id='word_1_393' title='bbox 180 2688 244 2730; x_wconf 87' lang='lat' dir='ltr'>euru</span> <span class='ocrx_word' id='word_1_394' title='bbox 256 2671 302 2743; x_wconf 90' lang='lat' dir='ltr'>qui</span> <span class='ocrx_word' id='word_1_395' title='bbox 315 2677 424 2726; x_wconf 80' lang='lat' dir='ltr'>secatur</span> <span class='ocrx_word' id='word_1_396' title='bbox 434 2676 461 2723; x_wconf 88' lang='grc' dir='ltr'>ιι</span> <span class='ocrx_word' id='word_1_397' title='bbox 474 2668 562 2721; x_wconf 91' lang='lat' dir='ltr'>uritur</span> <span class='ocrx_word' id='word_1_398' title='bbox 580 2665 664 2734; x_wconf 89' lang='lat' dir='ltr'>:quia</span> <span class='ocrx_word' id='word_1_399' title='bbox 677 2663 813 2735; x_wconf 88' lang='lat' dir='ltr'>paululum</span> <span class='ocrx_word' id='word_1_400' title='bbox 841 2662 970 2719; x_wconf 85' lang='lat' dir='ltr'>seuerita·</span> <span class='ocrx_word' id='word_1_401' title='bbox 1019 2667 1096 2724; x_wconf 82' lang='lat' dir='ltr'>litate</span> <span class='ocrx_word' id='word_1_402' title='bbox 1109 2668 1214 2739; x_wconf 74' lang='lat' dir='ltr'>peccati</span> <span class='ocrx_word' id='word_1_403' title='bbox 1233 2670 1284 2726; x_wconf 73' lang='lat' dir='ltr'>hac</span> <span class='ocrx_word' id='word_1_404' title='bbox 1305 2670 1436 2728; x_wconf 54' lang='lat' dir='ltr'>ebrietate</span> <span class='ocrx_word' id='word_1_405' title='bbox 1454 2681 1554 2728; x_wconf 62' lang='lat' dir='ltr'>careat,</span> <span class='ocrx_word' id='word_1_406' title='bbox 1579 2671 1657 2730; x_wconf 62' lang='lat' dir='ltr'>unde</span> <span class='ocrx_word' id='word_1_407' title='bbox 1675 2671 1809 2744; x_wconf 55' lang='lat' dir='ltr'>disperdi.</span> 
     </span>
     <span class='ocr_line' id='line_1_28' title="bbox 180 2754 1810 2834; baseline -0.001 -14"><span class='ocrx_word' id='word_1_408' title='bbox 180 2765 218 2820; x_wconf 89' lang='lat' dir='ltr'>tis</span> <span class='ocrx_word' id='word_1_409' title='bbox 228 2761 383 2833; x_wconf 86' lang='lat' dir='ltr'>assumpsit,</span> <span class='ocrx_word' id='word_1_410' title='bbox 406 2759 469 2814; x_wconf 89' lang='lat' dir='ltr'>licet</span> <span class='ocrx_word' id='word_1_411' title='bbox 490 2758 563 2814; x_wconf 84' lang='lat' dir='ltr'>uisus</span> <span class='ocrx_word' id='word_1_412' title='bbox 581 2755 663 2811; x_wconf 89' lang='lat' dir='ltr'>luerit</span> <span class='ocrx_word' id='word_1_413' title='bbox 684 2754 839 2827; x_wconf 74' lang='lat' dir='ltr'>agrotantis</span> <span class='ocrx_word' id='word_1_414' title='bbox 860 2755 893 2809; x_wconf 82' lang='lat' dir='ltr'>ad</span> <span class='ocrx_word' id='word_1_415' title='bbox 920 2755 969 2810; x_wconf 90' lang='lat' dir='ltr'>bo·</span> <span class='ocrx_word' id='word_1_416' title='bbox 1021 2768 1065 2815; x_wconf 90' lang='grc' dir='ltr'>ιιι</span> <span class='ocrx_word' id='word_1_417' title='bbox 1077 2769 1159 2831; x_wconf 86' lang='lat' dir='ltr'>atque</span> <span class='ocrx_word' id='word_1_418' title='bbox 1179 2761 1373 2832; x_wconf 67' lang='lat' dir='ltr'>corrumpitur,</span> <span class='ocrx_word' id='word_1_419' title='bbox 1386 2772 1413 2816; x_wconf 93' lang='lat' dir='ltr'>ct</span> <span class='ocrx_word' id='word_1_420' title='bbox 1424 2759 1471 2817; x_wconf 86' lang='lat' dir='ltr'>Dei</span> <span class='ocrx_word' id='word_1_421' title='bbox 1486 2761 1672 2818; x_wconf 85' lang='lat' dir='ltr'>misericordia</span> <span class='ocrx_word' id='word_1_422' title='bbox 1682 2761 1810 2834; x_wconf 81' lang='lat' dir='ltr'>indignus</span> 
     </span>
     <span class='ocr_line' id='line_1_29' title="bbox 180 2848 1810 2923; baseline -0.004 -9"><span class='ocrx_word' id='word_1_423' title='bbox 180 2874 240 2914; x_wconf 77' lang='lat' dir='ltr'>ram</span> <span class='ocrx_word' id='word_1_424' title='bbox 254 2873 307 2912; x_wconf 91' lang='lat' dir='ltr'>nou</span> <span class='ocrx_word' id='word_1_425' title='bbox 323 2853 454 2912; x_wconf 88' lang='lat' dir='ltr'>misereri.</span> <span class='ocrx_word' id='word_1_426' title='bbox 474 2853 511 2908; x_wconf 88' lang='lat' dir='ltr'>lta</span> <span class='ocrx_word' id='word_1_427' title='bbox 524 2864 553 2908; x_wconf 87' lang='grc' dir='ltr'>ιι</span> <span class='ocrx_word' id='word_1_428' title='bbox 565 2853 636 2908; x_wconf 85' lang='lat' dir='ltr'>Deus</span> <span class='ocrx_word' id='word_1_429' title='bbox 658 2868 712 2907; x_wconf 90' lang='lat' dir='ltr'>uon</span> <span class='ocrx_word' id='word_1_430' title='bbox 726 2866 808 2906; x_wconf 91' lang='lat' dir='ltr'>unum</span> <span class='ocrx_word' id='word_1_431' title='bbox 822 2850 969 2915; x_wconf 88' lang='lat' dir='ltr'>ltotuiuetn,</span> <span class='ocrx_word' id='word_1_432' title='bbox 1018 2857 1075 2914; x_wconf 90' lang='lat' dir='ltr'>est,</span> <span class='ocrx_word' id='word_1_433' title='bbox 1086 2848 1196 2905; x_wconf 86' lang='lat' dir='ltr'>elevans</span> <span class='ocrx_word' id='word_1_434' title='bbox 1210 2863 1248 2915; x_wconf 74' lang='grc' dir='ltr'>ιι,</span> <span class='ocrx_word' id='word_1_435' title='bbox 1259 2850 1402 2905; x_wconf 83' lang='lat' dir='ltr'>atttursum</span> <span class='ocrx_word' id='word_1_436' title='bbox 1418 2865 1481 2907; x_wconf 90' lang='lat' dir='ltr'>eunt</span> <span class='ocrx_word' id='word_1_437' title='bbox 1496 2866 1545 2922; x_wconf 91' lang='lat' dir='ltr'>per</span> <span class='ocrx_word' id='word_1_438' title='bbox 1564 2852 1727 2923; x_wconf 86' lang='lat' dir='ltr'>superbiant.</span> <span class='ocrx_word' id='word_1_439' title='bbox 1741 2850 1810 2908; x_wconf 79' lang='lat' dir='ltr'>lium</span> 
     </span>
     <span class='ocr_line' id='line_1_30' title="bbox 180 2939 1811 3014; baseline -0.006 -10"><span class='ocrx_word' id='word_1_440' title='bbox 180 2950 230 3004; x_wconf 87' lang='lat' dir='ltr'>sed</span> <span class='ocrx_word' id='word_1_441' title='bbox 256 2947 383 3003; x_wconf 88' lang='lat' dir='ltr'>uuirersu</span> <span class='ocrx_word' id='word_1_442' title='bbox 396 2962 411 3000; x_wconf 95' lang='lat' dir='ltr'>n</span> <span class='ocrx_word' id='word_1_443' title='bbox 436 2954 513 3001; x_wconf 86' lang='lat' dir='ltr'>curat</span> <span class='ocrx_word' id='word_1_444' title='bbox 534 2946 646 3007; x_wconf 86' lang='lat' dir='ltr'>orbem,</span> <span class='ocrx_word' id='word_1_445' title='bbox 668 2943 788 3000; x_wconf 83' lang='lat' dir='ltr'>coelestia</span> <span class='ocrx_word' id='word_1_446' title='bbox 812 2953 893 3014; x_wconf 89' lang='lat' dir='ltr'>atquc</span> <span class='ocrx_word' id='word_1_447' title='bbox 915 2952 969 2999; x_wconf 87' lang='lat' dir='ltr'>ter·</span> <span class='ocrx_word' id='word_1_448' title='bbox 1020 2954 1082 2995; x_wconf 89' lang='lat' dir='ltr'>curn</span> <span class='ocrx_word' id='word_1_449' title='bbox 1097 2939 1188 2995; x_wconf 86' lang='lat' dir='ltr'>multis</span> <span class='ocrx_word' id='word_1_450' title='bbox 1201 2939 1274 2995; x_wconf 85' lang='lat' dir='ltr'>uitiis</span> <span class='ocrx_word' id='word_1_451' title='bbox 1285 2953 1371 3010; x_wconf 86' lang='lat' dir='ltr'>genus</span> <span class='ocrx_word' id='word_1_452' title='bbox 1384 2947 1495 2996; x_wconf 80' lang='lat' dir='ltr'>seretur</span> <span class='ocrx_word' id='word_1_453' title='bbox 1509 2941 1667 3007; x_wconf 89' lang='lat' dir='ltr'>bumanum,</span> <span class='ocrx_word' id='word_1_454' title='bbox 1681 2940 1733 2995; x_wconf 90' lang='lat' dir='ltr'>boc</span> <span class='ocrx_word' id='word_1_455' title='bbox 1747 2957 1811 3012; x_wconf 84' lang='lat' dir='ltr'>pee-</span> 
     </span>
     <span class='ocr_line' id='line_1_31' title="bbox 180 3028 1809 3107; baseline -0.004 -15"><span class='ocrx_word' id='word_1_456' title='bbox 180 3051 245 3092; x_wconf 90' lang='lat' dir='ltr'>renu</span> <span class='ocrx_word' id='word_1_457' title='bbox 259 3046 287 3091; x_wconf 91' lang='lat' dir='ltr'>et</span> <span class='ocrx_word' id='word_1_458' title='bbox 299 3036 388 3091; x_wconf 86' lang='lat' dir='ltr'>omnia</span> <span class='ocrx_word' id='word_1_459' title='bbox 400 3035 499 3106; x_wconf 91' lang='lat' dir='ltr'>ubique</span> <span class='ocrx_word' id='word_1_460' title='bbox 511 3034 657 3107; x_wconf 79' lang='lat' dir='ltr'>dispensat</span> <span class='ocrx_word' id='word_1_461' title='bbox 674 3034 705 3089; x_wconf 72' lang='lat' dir='ltr'>llt</span> <span class='ocrx_word' id='word_1_462' title='bbox 725 3050 786 3090; x_wconf 85' lang='lat' dir='ltr'>cum</span> <span class='ocrx_word' id='word_1_463' title='bbox 804 3034 855 3090; x_wconf 91' lang='lat' dir='ltr'>lroe</span> <span class='ocrx_word' id='word_1_464' title='bbox 879 3035 969 3106; x_wconf 85' lang='lat' dir='ltr'>pruri-</span> <span class='ocrx_word' id='word_1_465' title='bbox 1021 3039 1082 3085; x_wconf 89' lang='lat' dir='ltr'>cato</span> <span class='ocrx_word' id='word_1_466' title='bbox 1095 3028 1137 3086; x_wconf 83' lang='lat' dir='ltr'>rel</span> <span class='ocrx_word' id='word_1_467' title='bbox 1151 3029 1268 3083; x_wconf 85' lang='lat' dir='ltr'>maxime</span> <span class='ocrx_word' id='word_1_468' title='bbox 1282 3028 1428 3101; x_wconf 85' lang='lat' dir='ltr'>premitur,</span> <span class='ocrx_word' id='word_1_469' title='bbox 1450 3041 1500 3084; x_wconf 88' lang='grc' dir='ltr'>ιιι</span> <span class='ocrx_word' id='word_1_470' title='bbox 1520 3043 1591 3084; x_wconf 89' lang='grc' dir='ltr'>ιιιι</span> <span class='ocrx_word' id='word_1_471' title='bbox 1612 3036 1654 3085; x_wconf 81' lang='grc' dir='ltr'>ιιι</span> <span class='ocrx_word' id='word_1_472' title='bbox 1677 3030 1809 3101; x_wconf 66' lang='lat' dir='ltr'>superbiae</span> 
     </span>
     <span class='ocr_line' id='line_1_32' title="bbox 178 3118 1810 3197; baseline -0.006 -13"><span class='ocrx_word' id='word_1_473' title='bbox 178 3131 242 3184; x_wconf 86' lang='lat' dir='ltr'>deut</span> <span class='ocrx_word' id='word_1_474' title='bbox 254 3127 325 3197; x_wconf 84' lang='lat' dir='ltr'>quod</span> <span class='ocrx_word' id='word_1_475' title='bbox 339 3127 384 3181; x_wconf 91' lang='lat' dir='ltr'>uni</span> <span class='ocrx_word' id='word_1_476' title='bbox 398 3126 569 3182; x_wconf 85' lang='lat' dir='ltr'>cotttmodum</span> <span class='ocrx_word' id='word_1_477' title='bbox 582 3124 724 3180; x_wconf 76' lang='lat' dir='ltr'>sittutulto</span> <span class='ocrx_word' id='word_1_478' title='bbox 739 3126 824 3197; x_wconf 81' lang='lat' dir='ltr'>tnagis</span> <span class='ocrx_word' id='word_1_479' title='bbox 836 3126 966 3195; x_wconf 82' lang='lat' dir='ltr'>providet,</span> <span class='ocrx_word' id='word_1_480' title='bbox 1020 3120 1128 3187; x_wconf 88' lang='lat' dir='ltr'>modus,</span> <span class='ocrx_word' id='word_1_481' title='bbox 1151 3118 1220 3174; x_wconf 88' lang='lat' dir='ltr'>alius</span> <span class='ocrx_word' id='word_1_482' title='bbox 1237 3119 1415 3175; x_wconf 81' lang='lat' dir='ltr'>irrationabili</span> <span class='ocrx_word' id='word_1_483' title='bbox 1427 3125 1456 3175; x_wconf 85' lang='grc' dir='ltr'>ιι</span> <span class='ocrx_word' id='word_1_484' title='bbox 1468 3119 1611 3176; x_wconf 86' lang='lat' dir='ltr'>stulteruu</span> <span class='ocrx_word' id='word_1_485' title='bbox 1628 3135 1713 3185; x_wconf 87' lang='lat' dir='ltr'>more,</span> <span class='ocrx_word' id='word_1_486' title='bbox 1728 3121 1756 3176; x_wconf 93' lang='lat' dir='ltr'>in</span> <span class='ocrx_word' id='word_1_487' title='bbox 1767 3120 1810 3177; x_wconf 88' lang='lat' dir='ltr'>ltis</span> 
     </span>
     <span class='ocr_line' id='line_1_33' title="bbox 178 3208 1810 3287; baseline -0.005 -15"><span class='ocrx_word' id='word_1_488' title='bbox 178 3217 245 3287; x_wconf 90' lang='lat' dir='ltr'>quid</span> <span class='ocrx_word' id='word_1_489' title='bbox 272 3216 320 3272; x_wconf 90' lang='lat' dir='ltr'>toti</span> <span class='ocrx_word' id='word_1_490' title='bbox 353 3220 453 3272; x_wconf 80' lang='lat' dir='ltr'>rutundo</span> <span class='ocrx_word' id='word_1_491' title='bbox 478 3217 558 3272; x_wconf 88' lang='lat' dir='ltr'>ducat</span> <span class='ocrx_word' id='word_1_492' title='bbox 588 3225 616 3271; x_wconf 91' lang='grc' dir='ltr'>ιι</span> <span class='ocrx_word' id='word_1_493' title='bbox 639 3215 791 3284; x_wconf 78' lang='lat' dir='ltr'>bominibus</span> <span class='ocrx_word' id='word_1_494' title='bbox 825 3216 965 3271; x_wconf 82' lang='lat' dir='ltr'>uniuersis.</span> <span class='ocrx_word' id='word_1_495' title='bbox 1020 3209 1215 3280; x_wconf 57' lang='lat' dir='ltr'>mortumque</span> <span class='ocrx_word' id='word_1_496' title='bbox 1233 3208 1318 3281; x_wconf 87' lang='lat' dir='ltr'>magis</span> <span class='ocrx_word' id='word_1_497' title='bbox 1337 3208 1441 3280; x_wconf 87' lang='lat' dir='ltr'>pudere</span> <span class='ocrx_word' id='word_1_498' title='bbox 1463 3208 1543 3281; x_wconf 87' lang='lat' dir='ltr'>dignu</span> <span class='ocrx_word' id='word_1_499' title='bbox 1569 3217 1643 3275; x_wconf 82' lang='lat' dir='ltr'>snut,</span> <span class='ocrx_word' id='word_1_500' title='bbox 1669 3218 1716 3265; x_wconf 86' lang='lat' dir='ltr'>aut</span> <span class='ocrx_word' id='word_1_501' title='bbox 1734 3219 1810 3266; x_wconf 89' lang='lat' dir='ltr'>certe</span> 
     </span>
     <span class='ocr_line' id='line_1_34' title="bbox 177 3299 1808 3377; baseline -0.004 -16"><span class='ocrx_word' id='word_1_502' title='bbox 177 3307 306 3362; x_wconf 69' lang='lat' dir='ltr'>l&#39;rouitlet</span> <span class='ocrx_word' id='word_1_503' title='bbox 322 3305 430 3377; x_wconf 88' lang='lat' dir='ltr'>quidem</span> <span class='ocrx_word' id='word_1_504' title='bbox 443 3314 471 3361; x_wconf 92' lang='lat' dir='ltr'>et</span> <span class='ocrx_word' id='word_1_505' title='bbox 483 3320 515 3361; x_wconf 91' lang='lat' dir='ltr'>ea</span> <span class='ocrx_word' id='word_1_506' title='bbox 528 3320 587 3375; x_wconf 75' lang='lat' dir='ltr'>quac</span> <span class='ocrx_word' id='word_1_507' title='bbox 600 3306 645 3359; x_wconf 94' lang='lat' dir='ltr'>nni</span> <span class='ocrx_word' id='word_1_508' title='bbox 660 3305 812 3377; x_wconf 84' lang='lat' dir='ltr'>expediunt,</span> <span class='ocrx_word' id='word_1_509' title='bbox 825 3320 918 3360; x_wconf 86' lang='lat' dir='ltr'>terum</span> <span class='ocrx_word' id='word_1_510' title='bbox 931 3305 967 3360; x_wconf 81' lang='lat' dir='ltr'>ia</span> <span class='ocrx_word' id='word_1_511' title='bbox 1020 3303 1127 3358; x_wconf 91' lang='lat' dir='ltr'>mudum</span> <span class='ocrx_word' id='word_1_512' title='bbox 1140 3301 1265 3358; x_wconf 88' lang='lat' dir='ltr'>elationis</span> <span class='ocrx_word' id='word_1_513' title='bbox 1277 3301 1425 3369; x_wconf 76' lang='lat' dir='ltr'>excedunt3</span> <span class='ocrx_word' id='word_1_514' title='bbox 1440 3299 1509 3356; x_wconf 89' lang='lat' dir='ltr'>alius</span> <span class='ocrx_word' id='word_1_515' title='bbox 1521 3301 1599 3372; x_wconf 78' lang='lat' dir='ltr'>quasi</span> <span class='ocrx_word' id='word_1_516' title='bbox 1611 3299 1751 3358; x_wconf 86' lang='lat' dir='ltr'>verisimili</span> <span class='ocrx_word' id='word_1_517' title='bbox 1765 3316 1808 3356; x_wconf 87' lang='lat' dir='ltr'>ra·</span> 
     </span>
     <span class='ocr_line' id='line_1_35' title="bbox 177 3390 1827 3468; baseline -0.003 -16"><span class='ocrx_word' id='word_1_518' title='bbox 177 3413 214 3453; x_wconf 90' lang='lat' dir='ltr'>ne</span> <span class='ocrx_word' id='word_1_519' title='bbox 228 3397 300 3452; x_wconf 91' lang='lat' dir='ltr'>illius</span> <span class='ocrx_word' id='word_1_520' title='bbox 314 3394 657 3452; x_wconf 87' lang='lat' dir='ltr'>utilitasomuiutudamno</span> <span class='ocrx_word' id='word_1_521' title='bbox 673 3395 717 3450; x_wconf 89' lang='lat' dir='ltr'>sit.</span> <span class='ocrx_word' id='word_1_522' title='bbox 742 3394 884 3451; x_wconf 87' lang='lat' dir='ltr'>ldeircoet</span> <span class='ocrx_word' id='word_1_523' title='bbox 898 3395 968 3466; x_wconf 86' lang='lat' dir='ltr'>ignis</span> <span class='ocrx_word' id='word_1_524' title='bbox 1021 3393 1093 3449; x_wconf 88' lang='lat' dir='ltr'>tione</span> <span class='ocrx_word' id='word_1_525' title='bbox 1109 3391 1236 3448; x_wconf 91' lang='lat' dir='ltr'>seductus</span> <span class='ocrx_word' id='word_1_526' title='bbox 1257 3406 1338 3462; x_wconf 89' lang='lat' dir='ltr'>super</span> <span class='ocrx_word' id='word_1_527' title='bbox 1359 3392 1401 3448; x_wconf 91' lang='lat' dir='ltr'>bis</span> <span class='ocrx_word' id='word_1_528' title='bbox 1421 3391 1552 3456; x_wconf 85' lang='lat' dir='ltr'>eleuatur,</span> <span class='ocrx_word' id='word_1_529' title='bbox 1576 3406 1637 3462; x_wconf 72' lang='grc' dir='ltr'>ιιι</span> <span class='ocrx_word' id='word_1_530' title='bbox 1660 3390 1712 3447; x_wconf 88' lang='lat' dir='ltr'>sibi</span> <span class='ocrx_word' id='word_1_531' title='bbox 1727 3390 1827 3468; x_wconf 61' lang='lat' dir='ltr'>digua,</span> 
     </span>
     <span class='ocr_line' id='line_1_36' title="bbox 177 3480 1810 3557; baseline -0.004 -13"><span class='ocrx_word' id='word_1_532' title='bbox 177 3495 298 3544; x_wconf 72' lang='lat' dir='ltr'>aternus</span> <span class='ocrx_word' id='word_1_533' title='bbox 311 3496 477 3557; x_wconf 75' lang='lat' dir='ltr'>preparatus</span> <span class='ocrx_word' id='word_1_534' title='bbox 487 3493 540 3551; x_wconf 90' lang='lat' dir='ltr'>est,</span> <span class='ocrx_word' id='word_1_535' title='bbox 554 3494 581 3540; x_wconf 92' lang='lat' dir='ltr'>et</span> <span class='ocrx_word' id='word_1_536' title='bbox 593 3485 723 3556; x_wconf 70' lang='lat' dir='ltr'>gebenna]</span> <span class='ocrx_word' id='word_1_537' title='bbox 734 3494 763 3543; x_wconf 93' lang='lat' dir='ltr'>et</span> <span class='ocrx_word' id='word_1_538' title='bbox 775 3488 892 3542; x_wconf 81' lang='lat' dir='ltr'>tenebrae</span> <span class='ocrx_word' id='word_1_539' title='bbox 915 3501 965 3542; x_wconf 84' lang='lat' dir='ltr'>et·</span> <span class='ocrx_word' id='word_1_540' title='bbox 1019 3483 1103 3555; x_wconf 86' lang='lat' dir='ltr'>gloria</span> <span class='ocrx_word' id='word_1_541' title='bbox 1123 3490 1210 3552; x_wconf 90' lang='lat' dir='ltr'>putat,</span> <span class='ocrx_word' id='word_1_542' title='bbox 1224 3496 1286 3538; x_wconf 88' lang='lat' dir='ltr'>cum</span> <span class='ocrx_word' id='word_1_543' title='bbox 1305 3489 1334 3537; x_wconf 90' lang='grc' dir='ltr'>ιι</span> <span class='ocrx_word' id='word_1_544' title='bbox 1344 3482 1373 3537; x_wconf 90' lang='lat' dir='ltr'>in</span> <span class='ocrx_word' id='word_1_545' title='bbox 1389 3480 1487 3537; x_wconf 89' lang='lat' dir='ltr'>talibus</span> <span class='ocrx_word' id='word_1_546' title='bbox 1501 3481 1683 3553; x_wconf 88' lang='lat' dir='ltr'>periculosum</span> <span class='ocrx_word' id='word_1_547' title='bbox 1703 3482 1739 3538; x_wconf 88' lang='lat' dir='ltr'>sit</span> <span class='ocrx_word' id='word_1_548' title='bbox 1752 3482 1810 3553; x_wconf 88' lang='lat' dir='ltr'>glu-</span> 
     </span>
     <span class='ocr_line' id='line_1_37' title="bbox 177 3570 1808 3647; baseline -0.001 -13"><span class='ocrx_word' id='word_1_549' title='bbox 177 3577 303 3634; x_wconf 77' lang='lat' dir='ltr'>teriones.</span> <span class='ocrx_word' id='word_1_550' title='bbox 315 3577 379 3644; x_wconf 73' lang='lat' dir='ltr'>Ques</span> <span class='ocrx_word' id='word_1_551' title='bbox 388 3576 477 3632; x_wconf 90' lang='lat' dir='ltr'>otuuia</span> <span class='ocrx_word' id='word_1_552' title='bbox 492 3590 545 3631; x_wconf 91' lang='lat' dir='ltr'>non</span> <span class='ocrx_word' id='word_1_553' title='bbox 559 3584 613 3630; x_wconf 82' lang='lat' dir='ltr'>tarn</span> <span class='ocrx_word' id='word_1_554' title='bbox 624 3577 659 3631; x_wconf 90' lang='lat' dir='ltr'>ub</span> <span class='ocrx_word' id='word_1_555' title='bbox 672 3591 744 3644; x_wconf 90' lang='lat' dir='ltr'>etun,</span> <span class='ocrx_word' id='word_1_556' title='bbox 756 3577 801 3645; x_wconf 93' lang='lat' dir='ltr'>qui</span> <span class='ocrx_word' id='word_1_557' title='bbox 816 3576 966 3647; x_wconf 85' lang='lat' dir='ltr'>puniendus</span> <span class='ocrx_word' id='word_1_558' title='bbox 1019 3572 1096 3628; x_wconf 79' lang='lat' dir='ltr'>uiuri.</span> <span class='ocrx_word' id='word_1_559' title='bbox 1124 3570 1281 3643; x_wconf 83' lang='lat' dir='ltr'>Exemplum</span> <span class='ocrx_word' id='word_1_560' title='bbox 1301 3586 1447 3638; x_wconf 87' lang='lat' dir='ltr'>assumam,</span> <span class='ocrx_word' id='word_1_561' title='bbox 1482 3587 1536 3643; x_wconf 86' lang='grc' dir='ltr'>ιιι</span> <span class='ocrx_word' id='word_1_562' title='bbox 1558 3572 1605 3627; x_wconf 81' lang='lat' dir='ltr'>ilat</span> <span class='ocrx_word' id='word_1_563' title='bbox 1626 3571 1808 3633; x_wconf 72' lang='lat' dir='ltr'>muniremus.</span> 
     </span>
     <span class='ocr_line' id='line_1_38' title="bbox 175 3663 1807 3738; baseline -0.001 -16"><span class='ocrx_word' id='word_1_564' title='bbox 175 3675 233 3732; x_wconf 87' lang='lat' dir='ltr'>est,</span> <span class='ocrx_word' id='word_1_565' title='bbox 246 3665 964 3738; x_wconf 79' lang='lat' dir='ltr'>qnampropteruniuersusbomiuesconstitulasunt.</span> <span class='ocrx_word' id='word_1_566' title='bbox 1019 3664 1089 3721; x_wconf 90' lang='lat' dir='ltr'>Sunt</span> <span class='ocrx_word' id='word_1_567' title='bbox 1109 3665 1220 3736; x_wconf 88' lang='lat' dir='ltr'>quidam</span> <span class='ocrx_word' id='word_1_568' title='bbox 1241 3665 1268 3719; x_wconf 91' lang='lat' dir='ltr'>in</span> <span class='ocrx_word' id='word_1_569' title='bbox 1286 3678 1323 3720; x_wconf 87' lang='lat' dir='ltr'>eo</span> <span class='ocrx_word' id='word_1_570' title='bbox 1345 3680 1375 3721; x_wconf 91' lang='lat' dir='ltr'>se</span> <span class='ocrx_word' id='word_1_571' title='bbox 1391 3663 1538 3735; x_wconf 78' lang='lat' dir='ltr'>jaentntes,</span> <span class='ocrx_word' id='word_1_572' title='bbox 1561 3664 1624 3737; x_wconf 90' lang='lat' dir='ltr'>qnia</span> <span class='ocrx_word' id='word_1_573' title='bbox 1639 3664 1687 3721; x_wconf 86' lang='lat' dir='ltr'>tilii</span> <span class='ocrx_word' id='word_1_574' title='bbox 1709 3664 1807 3722; x_wconf 89' lang='lat' dir='ltr'>dueum</span> 
     </span>
     <span class='ocr_line' id='line_1_39' title="bbox 178 3753 1809 3827; baseline -0.001 -15"><span class='ocrx_word' id='word_1_575' title='bbox 178 3758 209 3812; x_wconf 87' lang='lat' dir='ltr'>Si</span> <span class='ocrx_word' id='word_1_576' title='bbox 222 3766 313 3812; x_wconf 87' lang='lat' dir='ltr'>atttem</span> <span class='ocrx_word' id='word_1_577' title='bbox 326 3758 369 3814; x_wconf 81' lang='lat' dir='ltr'>ris</span> <span class='ocrx_word' id='word_1_578' title='bbox 384 3755 462 3825; x_wconf 76' lang='lat' dir='ltr'>buius</span> <span class='ocrx_word' id='word_1_579' title='bbox 475 3756 512 3812; x_wconf 91' lang='lat' dir='ltr'>rei</span> <span class='ocrx_word' id='word_1_580' title='bbox 528 3765 623 3812; x_wconf 88' lang='lat' dir='ltr'>testem</span> <span class='ocrx_word' id='word_1_581' title='bbox 641 3756 764 3825; x_wconf 90' lang='lat' dir='ltr'>accipere</span> <span class='ocrx_word' id='word_1_582' title='bbox 787 3756 964 3827; x_wconf 81' lang='lat' dir='ltr'>Scriptorum,</span> <span class='ocrx_word' id='word_1_583' title='bbox 1019 3764 1091 3822; x_wconf 87' lang='lat' dir='ltr'>sunt,</span> <span class='ocrx_word' id='word_1_584' title='bbox 1108 3762 1137 3810; x_wconf 92' lang='lat' dir='ltr'>et</span> <span class='ocrx_word' id='word_1_585' title='bbox 1150 3754 1232 3811; x_wconf 88' lang='lat' dir='ltr'>nubili</span> <span class='ocrx_word' id='word_1_586' title='bbox 1251 3754 1354 3810; x_wconf 78' lang='lat' dir='ltr'>familia</span> <span class='ocrx_word' id='word_1_587' title='bbox 1368 3754 1424 3808; x_wconf 89' lang='lat' dir='ltr'>nati</span> <span class='ocrx_word' id='word_1_588' title='bbox 1443 3771 1450 3807; x_wconf 74' lang='grc' dir='ltr'><strong><em>ε</em></strong></span> <span class='ocrx_word' id='word_1_589' title='bbox 1470 3753 1621 3809; x_wconf 86' lang='lat' dir='ltr'>istiusmodi</span> <span class='ocrx_word' id='word_1_590' title='bbox 1639 3754 1762 3811; x_wconf 89' lang='lat' dir='ltr'>bomines</span> <span class='ocrx_word' id='word_1_591' title='bbox 1774 3768 1809 3811; x_wconf 91' lang='lat' dir='ltr'>ne</span> 
     </span>
     <span class='ocr_line' id='line_1_40' title="bbox 175 3843 1810 3918; baseline -0.001 -18"><span class='ocrx_word' id='word_1_592' title='bbox 175 3848 250 3917; x_wconf 82' lang='lat' dir='ltr'>quod</span> <span class='ocrx_word' id='word_1_593' title='bbox 263 3848 290 3901; x_wconf 92' lang='lat' dir='ltr'>in</span> <span class='ocrx_word' id='word_1_594' title='bbox 304 3847 615 3911; x_wconf 84' lang='lat' dir='ltr'>aliut-toneruditionern,</span> <span class='ocrx_word' id='word_1_595' title='bbox 635 3847 698 3902; x_wconf 90' lang='lat' dir='ltr'>licet</span> <span class='ocrx_word' id='word_1_596' title='bbox 716 3847 773 3918; x_wconf 80' lang='lat' dir='ltr'>jam</span> <span class='ocrx_word' id='word_1_597' title='bbox 785 3848 967 3917; x_wconf 86' lang='lat' dir='ltr'>desperabiles</span> <span class='ocrx_word' id='word_1_598' title='bbox 1018 3846 1142 3901; x_wconf 89' lang='lat' dir='ltr'>umbram</span> <span class='ocrx_word' id='word_1_599' title='bbox 1162 3846 1270 3917; x_wconf 88' lang='lat' dir='ltr'>quidem</span> <span class='ocrx_word' id='word_1_600' title='bbox 1288 3853 1318 3900; x_wconf 89' lang='lat' dir='ltr'>et</span> <span class='ocrx_word' id='word_1_601' title='bbox 1329 3844 1473 3914; x_wconf 73' lang='lat' dir='ltr'>imaginem</span> <span class='ocrx_word' id='word_1_602' title='bbox 1490 3843 1616 3902; x_wconf 82' lang='grc' dir='ltr'>ιιιιίοιιίι</span> <span class='ocrx_word' id='word_1_603' title='bbox 1628 3858 1684 3900; x_wconf 78' lang='grc' dir='ltr'>ιιι</span> <span class='ocrx_word' id='word_1_604' title='bbox 1696 3851 1810 3914; x_wconf 89' lang='lat' dir='ltr'>possunt</span> 
     </span>
     <span class='ocr_line' id='line_1_41' title="bbox 178 3933 1809 4009; baseline -0.002 -17"><span class='ocrx_word' id='word_1_605' title='bbox 178 3943 234 3993; x_wconf 86' lang='lat' dir='ltr'>sint</span> <span class='ocrx_word' id='word_1_606' title='bbox 245 3947 412 4008; x_wconf 87' lang='lat' dir='ltr'>peccatores,</span> <span class='ocrx_word' id='word_1_607' title='bbox 438 3947 466 3994; x_wconf 90' lang='lat' dir='ltr'>et</span> <span class='ocrx_word' id='word_1_608' title='bbox 477 3953 493 3992; x_wconf 89' lang='lat' dir='ltr'>a</span> <span class='ocrx_word' id='word_1_609' title='bbox 504 3938 644 3993; x_wconf 87' lang='lat' dir='ltr'>curatione</span> <span class='ocrx_word' id='word_1_610' title='bbox 670 3938 777 4009; x_wconf 89' lang='lat' dir='ltr'>penitus</span> <span class='ocrx_word' id='word_1_611' title='bbox 794 3937 885 4003; x_wconf 90' lang='lat' dir='ltr'>alieni,</span> <span class='ocrx_word' id='word_1_612' title='bbox 914 3948 967 3993; x_wconf 89' lang='lat' dir='ltr'>tor·</span> <span class='ocrx_word' id='word_1_613' title='bbox 1018 3938 1171 3994; x_wconf 86' lang='lat' dir='ltr'>ostendere.</span> <span class='ocrx_word' id='word_1_614' title='bbox 1190 3937 1259 3992; x_wconf 88' lang='lat' dir='ltr'>Sunt</span> <span class='ocrx_word' id='word_1_615' title='bbox 1272 3935 1316 3991; x_wconf 87' lang='lat' dir='ltr'>alii</span> <span class='ocrx_word' id='word_1_616' title='bbox 1329 3935 1374 4006; x_wconf 93' lang='lat' dir='ltr'>qni</span> <span class='ocrx_word' id='word_1_617' title='bbox 1390 3934 1424 3990; x_wconf 91' lang='lat' dir='ltr'>dc</span> <span class='ocrx_word' id='word_1_618' title='bbox 1436 3949 1469 3991; x_wconf 92' lang='lat' dir='ltr'>eo</span> <span class='ocrx_word' id='word_1_619' title='bbox 1481 3934 1666 4000; x_wconf 74' lang='lat' dir='ltr'>sublevantur,</span> <span class='ocrx_word' id='word_1_620' title='bbox 1686 3933 1748 4006; x_wconf 90' lang='lat' dir='ltr'>quia</span> <span class='ocrx_word' id='word_1_621' title='bbox 1761 3948 1809 4006; x_wconf 90' lang='lat' dir='ltr'>po·</span> 
     </span>
     <span class='ocr_line' id='line_1_42' title="bbox 177 4023 1805 4100; baseline -0.001 -19"><span class='ocrx_word' id='word_1_622' title='bbox 177 4036 322 4100; x_wconf 85' lang='lat' dir='ltr'>qttenntttr,</span> <span class='ocrx_word' id='word_1_623' title='bbox 337 4029 398 4083; x_wconf 87' lang='lat' dir='ltr'>attdi</span> <span class='ocrx_word' id='word_1_624' title='bbox 414 4029 586 4086; x_wconf 86' lang='lat' dir='ltr'>Salomonem</span> <span class='ocrx_word' id='word_1_625' title='bbox 606 4030 632 4084; x_wconf 93' lang='lat' dir='ltr'>in</span> <span class='ocrx_word' id='word_1_626' title='bbox 646 4029 800 4085; x_wconf 80' lang='lat' dir='ltr'>Proverbiis</span> <span class='ocrx_word' id='word_1_627' title='bbox 813 4029 946 4085; x_wconf 88' lang='lat' dir='ltr'>dicentem</span> <span class='ocrx_word' id='word_1_628' title='bbox 958 4045 965 4083; x_wconf 77' lang='grc' dir='ltr'>ι</span> <span class='ocrx_word' id='word_1_629' title='bbox 1019 4036 1143 4083; x_wconf 83' lang='lat' dir='ltr'>testatem</span> <span class='ocrx_word' id='word_1_630' title='bbox 1160 4028 1260 4083; x_wconf 86' lang='lat' dir='ltr'>babent</span> <span class='ocrx_word' id='word_1_631' title='bbox 1274 4025 1413 4082; x_wconf 89' lang='lat' dir='ltr'>occidendi</span> <span class='ocrx_word' id='word_1_632' title='bbox 1431 4024 1578 4089; x_wconf 86' lang='lat' dir='ltr'>bominem,</span> <span class='ocrx_word' id='word_1_633' title='bbox 1592 4032 1631 4091; x_wconf 92' lang='lat' dir='ltr'>et,</span> <span class='ocrx_word' id='word_1_634' title='bbox 1645 4034 1677 4080; x_wconf 90' lang='grc' dir='ltr'>ιι</span> <span class='ocrx_word' id='word_1_635' title='bbox 1692 4023 1743 4096; x_wconf 90' lang='lat' dir='ltr'>ipsi</span> <span class='ocrx_word' id='word_1_636' title='bbox 1756 4039 1805 4096; x_wconf 93' lang='lat' dir='ltr'>pu-</span> 
     </span>
     <span class='ocr_line' id='line_1_43' title="bbox 179 4115 1807 4192; baseline -0.001 -20"><span class='ocrx_word' id='word_1_637' title='bbox 179 4143 189 4172; x_wconf 91' lang='lat' dir='ltr'>t</span> <span class='ocrx_word' id='word_1_638' title='bbox 204 4119 349 4176; x_wconf 74' lang='lat' dir='ltr'>l&#39;estileute</span> <span class='ocrx_word' id='word_1_639' title='bbox 365 4119 496 4192; x_wconf 77' lang='lat' dir='ltr'>flagellato</span> <span class='ocrx_word' id='word_1_640' title='bbox 512 4120 667 4191; x_wconf 82' lang='lat' dir='ltr'>imprudens</span> <span class='ocrx_word' id='word_1_641' title='bbox 676 4119 859 4175; x_wconf 87' lang='lat' dir='ltr'>callidiorerit</span> <span class='ocrx_word' id='word_1_642' title='bbox 874 4120 965 4190; x_wconf 79' lang='lat' dir='ltr'>(Pron.</span> <span class='ocrx_word' id='word_1_643' title='bbox 1020 4128 1089 4184; x_wconf 86' lang='lat' dir='ltr'>tant,</span> <span class='ocrx_word' id='word_1_644' title='bbox 1107 4118 1210 4176; x_wconf 82' lang='lat' dir='ltr'>cainiti</span> <span class='ocrx_word' id='word_1_645' title='bbox 1232 4126 1297 4175; x_wconf 85' lang='lat' dir='ltr'>sunt</span> <span class='ocrx_word' id='word_1_646' title='bbox 1316 4117 1455 4189; x_wconf 75' lang='lat' dir='ltr'>dignitate,</span> <span class='ocrx_word' id='word_1_647' title='bbox 1480 4125 1511 4172; x_wconf 93' lang='lat' dir='ltr'>ut</span> <span class='ocrx_word' id='word_1_648' title='bbox 1526 4130 1640 4187; x_wconf 88' lang='lat' dir='ltr'>quorum</span> <span class='ocrx_word' id='word_1_649' title='bbox 1662 4115 1745 4172; x_wconf 78' lang='lat' dir='ltr'>uelint</span> <span class='ocrx_word' id='word_1_650' title='bbox 1759 4130 1807 4171; x_wconf 87' lang='lat' dir='ltr'>ea·</span> 
     </span>
     <span class='ocr_line' id='line_1_44' title="bbox 176 4204 1804 4280; baseline -0.002 -17"><span class='ocrx_word' id='word_1_651' title='bbox 176 4217 235 4278; x_wconf 74' lang='lat' dir='ltr'>xrs)</span> <span class='ocrx_word' id='word_1_652' title='bbox 252 4227 259 4263; x_wconf 93' lang='lat'><strong>:</strong></span> <span class='ocrx_word' id='word_1_653' title='bbox 281 4226 358 4265; x_wconf 79' lang='lat' dir='ltr'>»trun</span> <span class='ocrx_word' id='word_1_654' title='bbox 371 4225 432 4264; x_wconf 88' lang='lat' dir='ltr'>eutn</span> <span class='ocrx_word' id='word_1_655' title='bbox 445 4210 490 4278; x_wconf 90' lang='lat' dir='ltr'>qni</span> <span class='ocrx_word' id='word_1_656' title='bbox 504 4208 652 4279; x_wconf 85' lang='lat' dir='ltr'>llagelbttur</span> <span class='ocrx_word' id='word_1_657' title='bbox 664 4209 732 4264; x_wconf 80' lang='lat' dir='ltr'>dixit</span> <span class='ocrx_word' id='word_1_658' title='bbox 751 4209 913 4265; x_wconf 83' lang='lat' dir='ltr'>callidiorem</span> <span class='ocrx_word' id='word_1_659' title='bbox 925 4210 968 4265; x_wconf 83' lang='lat' dir='ltr'>lu·</span> <span class='ocrx_word' id='word_1_660' title='bbox 1016 4210 1073 4280; x_wconf 91' lang='lat' dir='ltr'>pia</span> <span class='ocrx_word' id='word_1_661' title='bbox 1095 4217 1208 4265; x_wconf 87' lang='lat' dir='ltr'>secent:</span> <span class='ocrx_word' id='word_1_662' title='bbox 1224 4209 1320 4264; x_wconf 90' lang='lat' dir='ltr'>borum</span> <span class='ocrx_word' id='word_1_663' title='bbox 1340 4207 1424 4280; x_wconf 81' lang='lat' dir='ltr'>gloria</span> <span class='ocrx_word' id='word_1_664' title='bbox 1449 4209 1477 4263; x_wconf 93' lang='lat' dir='ltr'>in</span> <span class='ocrx_word' id='word_1_665' title='bbox 1500 4204 1657 4264; x_wconf 79' lang='lat' dir='ltr'>conluuione</span> <span class='ocrx_word' id='word_1_666' title='bbox 1680 4220 1729 4262; x_wconf 87' lang='lat' dir='ltr'>sua</span> <span class='ocrx_word' id='word_1_667' title='bbox 1753 4213 1804 4260; x_wconf 86' lang='lat' dir='ltr'>est.</span> 
     </span>
     <span class='ocr_line' id='line_1_45' title="bbox 178 4294 1808 4370; baseline -0.002 -17"><span class='ocrx_word' id='word_1_668' title='bbox 178 4310 270 4353; x_wconf 88' lang='lat' dir='ltr'>turum</span> <span class='ocrx_word' id='word_1_669' title='bbox 289 4308 318 4353; x_wconf 89' lang='lat' dir='ltr'>et</span> <span class='ocrx_word' id='word_1_670' title='bbox 331 4297 522 4368; x_wconf 89' lang='lat' dir='ltr'>sapientiorem</span> <span class='ocrx_word' id='word_1_671' title='bbox 536 4307 647 4368; x_wconf 89' lang='lat' dir='ltr'>propter</span> <span class='ocrx_word' id='word_1_672' title='bbox 659 4298 862 4370; x_wconf 78' lang='lat' dir='ltr'>castigationem</span> <span class='ocrx_word' id='word_1_673' title='bbox 879 4313 964 4361; x_wconf 89' lang='lat' dir='ltr'>snam,</span> <span class='ocrx_word' id='word_1_674' title='bbox 1018 4298 1070 4355; x_wconf 78' lang='lat' dir='ltr'>nbi</span> <span class='ocrx_word' id='word_1_675' title='bbox 1085 4313 1166 4369; x_wconf 90' lang='lat' dir='ltr'>super</span> <span class='ocrx_word' id='word_1_676' title='bbox 1183 4297 1290 4353; x_wconf 82' lang='lat' dir='ltr'>divitias</span> <span class='ocrx_word' id='word_1_677' title='bbox 1313 4296 1363 4353; x_wconf 91' lang='lat' dir='ltr'>sibi</span> <span class='ocrx_word' id='word_1_678' title='bbox 1383 4296 1560 4368; x_wconf 88' lang='lat' dir='ltr'>applaudant,</span> <span class='ocrx_word' id='word_1_679' title='bbox 1585 4311 1639 4350; x_wconf 90' lang='lat' dir='ltr'>nun</span> <span class='ocrx_word' id='word_1_680' title='bbox 1653 4294 1696 4350; x_wconf 93' lang='lat' dir='ltr'>bis</span> <span class='ocrx_word' id='word_1_681' title='bbox 1720 4294 1808 4359; x_wconf 85' lang='lat' dir='ltr'>reris,</span> 
     </span>
     <span class='ocr_line' id='line_1_46' title="bbox 175 4384 1807 4488; baseline -0.002 -44"><span class='ocrx_word' id='word_1_682' title='bbox 175 4391 225 4444; x_wconf 85' lang='lat' dir='ltr'>sed</span> <span class='ocrx_word' id='word_1_683' title='bbox 247 4388 416 4458; x_wconf 85' lang='lat' dir='ltr'>insipientem</span> <span class='ocrx_word' id='word_1_684' title='bbox 429 4403 444 4442; x_wconf 91' lang='lat' dir='ltr'>a</span> <span class='ocrx_word' id='word_1_685' title='bbox 457 4387 569 4443; x_wconf 87' lang='lat' dir='ltr'>stultitia</span> <span class='ocrx_word' id='word_1_686' title='bbox 591 4387 625 4442; x_wconf 92' lang='lat' dir='ltr'>ad</span> <span class='ocrx_word' id='word_1_687' title='bbox 644 4387 814 4458; x_wconf 84' lang='lat' dir='ltr'>prudentimn</span> <span class='ocrx_word' id='word_1_688' title='bbox 833 4388 963 4453; x_wconf 83' lang='lat' dir='ltr'>corrrerti,</span> <span class='ocrx_word' id='word_1_689' title='bbox 977 4425 1005 4488; x_wconf 67' lang='lat' dir='ltr'>D</span> <span class='ocrx_word' id='word_1_690' title='bbox 1019 4390 1065 4446; x_wconf 90' lang='lat' dir='ltr'>scd</span> <span class='ocrx_word' id='word_1_691' title='bbox 1079 4389 1122 4445; x_wconf 92' lang='lat' dir='ltr'>bis</span> <span class='ocrx_word' id='word_1_692' title='bbox 1146 4386 1246 4443; x_wconf 83' lang='lat' dir='ltr'>diuitiis</span> <span class='ocrx_word' id='word_1_693' title='bbox 1267 4402 1328 4457; x_wconf 78' lang='lat' dir='ltr'>quae</span> <span class='ocrx_word' id='word_1_694' title='bbox 1348 4387 1473 4443; x_wconf 87' lang='lat' dir='ltr'>deorsum</span> <span class='ocrx_word' id='word_1_695' title='bbox 1486 4394 1560 4442; x_wconf 89' lang='lat' dir='ltr'>sunt.</span> <span class='ocrx_word' id='word_1_696' title='bbox 1576 4384 1807 4457; x_wconf 82' lang='lat' dir='ltr'>Aliisuperbiunt</span> 
     </span>
     <span class='ocr_line' id='line_1_47' title="bbox 175 4475 1808 4552; baseline -0.001 -20"><span class='ocrx_word' id='word_1_697' title='bbox 175 4489 290 4551; x_wconf 89' lang='lat' dir='ltr'>propter</span> <span class='ocrx_word' id='word_1_698' title='bbox 312 4476 441 4548; x_wconf 91' lang='lat' dir='ltr'>supplicia</span> <span class='ocrx_word' id='word_1_699' title='bbox 467 4476 639 4548; x_wconf 87' lang='lat' dir='ltr'>pestilentis:</span> <span class='ocrx_word' id='word_1_700' title='bbox 661 4477 714 4532; x_wconf 91' lang='lat' dir='ltr'>boc</span> <span class='ocrx_word' id='word_1_701' title='bbox 732 4476 830 4548; x_wconf 87' lang='lat' dir='ltr'>quippe</span> <span class='ocrx_word' id='word_1_702' title='bbox 852 4494 885 4532; x_wconf 90' lang='lat' dir='ltr'>ex</span> <span class='ocrx_word' id='word_1_703' title='bbox 906 4479 965 4551; x_wconf 93' lang='lat' dir='ltr'>ipso</span> <span class='ocrx_word' id='word_1_704' title='bbox 1016 4496 1096 4552; x_wconf 90' lang='lat' dir='ltr'>super</span> <span class='ocrx_word' id='word_1_705' title='bbox 1120 4480 1215 4535; x_wconf 87' lang='lat' dir='ltr'>dumos</span> <span class='ocrx_word' id='word_1_706' title='bbox 1241 4477 1404 4548; x_wconf 86' lang='lat' dir='ltr'>splendidas,</span> <span class='ocrx_word' id='word_1_707' title='bbox 1430 4492 1510 4546; x_wconf 87' lang='lat' dir='ltr'>super</span> <span class='ocrx_word' id='word_1_708' title='bbox 1531 4476 1716 4549; x_wconf 88' lang='lat' dir='ltr'>possessiones</span> <span class='ocrx_word' id='word_1_709' title='bbox 1738 4475 1808 4533; x_wconf 86' lang='lat' dir='ltr'>mul-</span> 
     </span>
    </p>
   </div>
   <div class='ocr_carea' id='block_1_3' title="bbox 173 4565 965 5733">
    <p class='ocr_par' dir='ltr' id='par_1_3' title="bbox 173 4565 965 5733">
     <span class='ocr_line' id='line_1_48' title="bbox 175 4565 964 4637; baseline -0.004 -12"><span class='ocrx_word' id='word_1_710' title='bbox 175 4569 287 4625; x_wconf 90' lang='lat' dir='ltr'>nominc</span> <span class='ocrx_word' id='word_1_711' title='bbox 297 4567 450 4624; x_wconf 88' lang='lat' dir='ltr'>calliditatis</span> <span class='ocrx_word' id='word_1_712' title='bbox 467 4565 645 4637; x_wconf 78' lang='lat' dir='ltr'>significatur,</span> <span class='ocrx_word' id='word_1_713' title='bbox 671 4575 698 4622; x_wconf 88' lang='grc' dir='ltr'>ιι</span> <span class='ocrx_word' id='word_1_714' title='bbox 714 4566 835 4622; x_wconf 89' lang='lat' dir='ltr'>cuurerti</span> <span class='ocrx_word' id='word_1_715' title='bbox 850 4583 912 4622; x_wconf 92' lang='lat' dir='ltr'>euru</span> <span class='ocrx_word' id='word_1_716' title='bbox 930 4569 964 4623; x_wconf 91' lang='lat' dir='ltr'>ad</span> 
     </span>
     <span class='ocr_line' id='line_1_49' title="bbox 174 4656 965 4728; baseline -0.004 -11"><span class='ocrx_word' id='word_1_717' title='bbox 174 4659 350 4717; x_wconf 84' lang='lat' dir='ltr'>calliditatem</span> <span class='ocrx_word' id='word_1_718' title='bbox 361 4676 367 4712; x_wconf 94' lang='lat'>:</span> <span class='ocrx_word' id='word_1_719' title='bbox 380 4656 521 4712; x_wconf 84' lang='lat' dir='ltr'>dumalias</span> <span class='ocrx_word' id='word_1_720' title='bbox 532 4657 628 4721; x_wconf 88' lang='lat' dir='ltr'>cernit,</span> <span class='ocrx_word' id='word_1_721' title='bbox 642 4665 788 4726; x_wconf 88' lang='lat' dir='ltr'>propterea</span> <span class='ocrx_word' id='word_1_722' title='bbox 798 4658 895 4727; x_wconf 88' lang='lat' dir='ltr'>quibus</span> <span class='ocrx_word' id='word_1_723' title='bbox 908 4659 965 4728; x_wconf 85' lang='lat' dir='ltr'>ipse</span> 
     </span>
     <span class='ocr_line' id='line_1_50' title="bbox 173 4745 962 4819; baseline -0.005 -13"><span class='ocrx_word' id='word_1_724' title='bbox 173 4749 311 4806; x_wconf 84' lang='lat' dir='ltr'>ubntrrius</span> <span class='ocrx_word' id='word_1_725' title='bbox 323 4755 376 4813; x_wconf 85' lang='lat' dir='ltr'>est,</span> <span class='ocrx_word' id='word_1_726' title='bbox 392 4755 502 4819; x_wconf 86' lang='lat' dir='ltr'>peccata</span> <span class='ocrx_word' id='word_1_727' title='bbox 515 4745 641 4801; x_wconf 88' lang='lat' dir='ltr'>eruciari.</span> <span class='ocrx_word' id='word_1_728' title='bbox 657 4746 742 4818; x_wconf 82' lang='lat' dir='ltr'>igitur</span> <span class='ocrx_word' id='word_1_729' title='bbox 750 4748 862 4818; x_wconf 85' lang='lat' dir='ltr'>prodest</span> <span class='ocrx_word' id='word_1_730' title='bbox 874 4749 962 4814; x_wconf 86' lang='lat' dir='ltr'>trabis,</span> 
     </span>
     <span class='ocr_line' id='line_1_51' title="bbox 175 4837 964 4909; baseline -0.003 -13"><span class='ocrx_word' id='word_1_731' title='bbox 175 4840 198 4896; x_wconf 81' lang='lat' dir='ltr'>si</span> <span class='ocrx_word' id='word_1_732' title='bbox 213 4849 266 4894; x_wconf 90' lang='lat' dir='ltr'>taut</span> <span class='ocrx_word' id='word_1_733' title='bbox 282 4839 353 4909; x_wconf 82' lang='lat' dir='ltr'>digni</span> <span class='ocrx_word' id='word_1_734' title='bbox 366 4853 459 4894; x_wconf 89' lang='lat' dir='ltr'>sumus</span> <span class='ocrx_word' id='word_1_735' title='bbox 475 4837 571 4902; x_wconf 90' lang='lat' dir='ltr'>salute,</span> <span class='ocrx_word' id='word_1_736' title='bbox 587 4845 617 4892; x_wconf 92' lang='grc' dir='ltr'>ιι</span> <span class='ocrx_word' id='word_1_737' title='bbox 630 4837 676 4892; x_wconf 88' lang='lat' dir='ltr'>aiii</span> <span class='ocrx_word' id='word_1_738' title='bbox 698 4837 725 4893; x_wconf 88' lang='lat' dir='ltr'>iu</span> <span class='ocrx_word' id='word_1_739' title='bbox 750 4838 892 4894; x_wconf 87' lang='lat' dir='ltr'>utilitatem</span> <span class='ocrx_word' id='word_1_740' title='bbox 915 4854 964 4894; x_wconf 90' lang='lat' dir='ltr'>uo-</span> 
     </span>
     <span class='ocr_line' id='line_1_52' title="bbox 175 4927 963 5000; baseline -0.001 -15"><span class='ocrx_word' id='word_1_741' title='bbox 175 4940 262 4985; x_wconf 86' lang='lat' dir='ltr'>stram</span> <span class='ocrx_word' id='word_1_742' title='bbox 277 4936 462 5000; x_wconf 76' lang='lat' dir='ltr'>torqueantur.</span> <span class='ocrx_word' id='word_1_743' title='bbox 474 4928 648 4998; x_wconf 80' lang='lat' dir='ltr'>thuomodo</span> <span class='ocrx_word' id='word_1_744' title='bbox 664 4927 729 4982; x_wconf 91' lang='lat' dir='ltr'>utile</span> <span class='ocrx_word' id='word_1_745' title='bbox 745 4928 796 4982; x_wconf 85' lang='lat' dir='ltr'>luit</span> <span class='ocrx_word' id='word_1_746' title='bbox 822 4938 963 4999; x_wconf 88' lang='lat' dir='ltr'>peccatum</span> 
     </span>
     <span class='ocr_line' id='line_1_53' title="bbox 174 5018 963 5090; baseline 0 -15"><span class='ocrx_word' id='word_1_747' title='bbox 174 5020 258 5077; x_wconf 86' lang='lat' dir='ltr'>lsrael</span> <span class='ocrx_word' id='word_1_748' title='bbox 275 5021 302 5075; x_wconf 92' lang='lat' dir='ltr'>in</span> <span class='ocrx_word' id='word_1_749' title='bbox 316 5019 428 5074; x_wconf 89' lang='lat' dir='ltr'>salntem</span> <span class='ocrx_word' id='word_1_750' title='bbox 441 5020 571 5090; x_wconf 83' lang='lat' dir='ltr'>gentiunt,</span> <span class='ocrx_word' id='word_1_751' title='bbox 586 5018 626 5073; x_wconf 88' lang='lat' dir='ltr'>sie</span> <span class='ocrx_word' id='word_1_752' title='bbox 643 5019 715 5074; x_wconf 91' lang='lat' dir='ltr'>utilis</span> <span class='ocrx_word' id='word_1_753' title='bbox 728 5028 770 5074; x_wconf 89' lang='lat' dir='ltr'>est</span> <span class='ocrx_word' id='word_1_754' title='bbox 787 5021 963 5089; x_wconf 88' lang='lat' dir='ltr'>quorumdam</span> 
     </span>
     <span class='ocr_line' id='line_1_54' title="bbox 175 5108 962 5182; baseline -0.004 -16"><span class='ocrx_word' id='word_1_755' title='bbox 175 5125 257 5182; x_wconf 76' lang='lat' dir='ltr'>pinna</span> <span class='ocrx_word' id='word_1_756' title='bbox 269 5111 382 5165; x_wconf 88' lang='lat' dir='ltr'>aliorum</span> <span class='ocrx_word' id='word_1_757' title='bbox 396 5108 496 5164; x_wconf 89' lang='lat' dir='ltr'>saluti:</span> <span class='ocrx_word' id='word_1_758' title='bbox 510 5109 571 5164; x_wconf 88' lang='lat' dir='ltr'>idco</span> <span class='ocrx_word' id='word_1_759' title='bbox 589 5109 676 5163; x_wconf 89' lang='lat' dir='ltr'>bonus</span> <span class='ocrx_word' id='word_1_760' title='bbox 700 5117 728 5163; x_wconf 90' lang='grc' dir='ltr'>ιι</span> <span class='ocrx_word' id='word_1_761' title='bbox 748 5108 866 5164; x_wconf 88' lang='grc' dir='ltr'>ιΙιιιιιι</span> <span class='ocrx_word' id='word_1_762' title='bbox 881 5109 962 5164; x_wconf 84' lang='lat' dir='ltr'>Deus.</span> 
     </span>
     <span class='ocr_line' id='line_1_55' title="bbox 175 5196 964 5270; baseline -0.003 -14"><span class='ocrx_word' id='word_1_763' title='bbox 175 5202 235 5256; x_wconf 83' lang='lat' dir='ltr'>b&#39;on</span> <span class='ocrx_word' id='word_1_764' title='bbox 248 5216 369 5270; x_wconf 85' lang='lat' dir='ltr'>parcam,</span> <span class='ocrx_word' id='word_1_765' title='bbox 380 5198 478 5268; x_wconf 89' lang='lat' dir='ltr'>inquit,</span> <span class='ocrx_word' id='word_1_766' title='bbox 489 5208 515 5252; x_wconf 90' lang='lat' dir='ltr'>et</span> <span class='ocrx_word' id='word_1_767' title='bbox 528 5214 580 5253; x_wconf 91' lang='lat' dir='ltr'>non</span> <span class='ocrx_word' id='word_1_768' title='bbox 592 5198 740 5254; x_wconf 89' lang='lat' dir='ltr'>miserebor</span> <span class='ocrx_word' id='word_1_769' title='bbox 752 5197 786 5252; x_wconf 88' lang='lat' dir='ltr'>ab</span> <span class='ocrx_word' id='word_1_770' title='bbox 797 5196 907 5253; x_wconf 87' lang='lat' dir='ltr'>interitu</span> <span class='ocrx_word' id='word_1_771' title='bbox 917 5214 964 5254; x_wconf 89' lang='lat' dir='ltr'>eo-</span> 
     </span>
     <span class='ocr_line' id='line_1_56' title="bbox 177 5286 960 5358; baseline 0 -15"><span class='ocrx_word' id='word_1_772' title='bbox 177 5305 238 5343; x_wconf 92' lang='lat' dir='ltr'>ruur</span> <span class='ocrx_word' id='word_1_773' title='bbox 255 5308 261 5342; x_wconf 91' lang='lat'>:</span> <span class='ocrx_word' id='word_1_774' title='bbox 278 5303 329 5342; x_wconf 92' lang='lat' dir='ltr'>uon</span> <span class='ocrx_word' id='word_1_775' title='bbox 342 5287 502 5343; x_wconf 86' lang='lat' dir='ltr'>crudelitate</span> <span class='ocrx_word' id='word_1_776' title='bbox 512 5286 663 5351; x_wconf 76' lang='lat' dir='ltr'>sententiae,</span> <span class='ocrx_word' id='word_1_777' title='bbox 675 5287 721 5342; x_wconf 89' lang='lat' dir='ltr'>sed</span> <span class='ocrx_word' id='word_1_778' title='bbox 733 5288 846 5343; x_wconf 86' lang='lat' dir='ltr'>ueritate</span> <span class='ocrx_word' id='word_1_779' title='bbox 855 5288 960 5358; x_wconf 83' lang='lat' dir='ltr'>judicii.</span> 
     </span>
     <span class='ocr_line' id='line_1_57' title="bbox 176 5376 961 5453; baseline 0.006 -19"><span class='ocrx_word' id='word_1_780' title='bbox 176 5379 313 5453; x_wconf 81' lang='lat' dir='ltr'>(llicrou.)</span> <span class='ocrx_word' id='word_1_781' title='bbox 339 5379 389 5448; x_wconf 78' lang='lat' dir='ltr'>bnt</span> <span class='ocrx_word' id='word_1_782' title='bbox 405 5379 476 5435; x_wconf 90' lang='lat' dir='ltr'>enim</span> <span class='ocrx_word' id='word_1_783' title='bbox 488 5394 534 5433; x_wconf 85' lang='lat' dir='ltr'>eos·</span> <span class='ocrx_word' id='word_1_784' title='bbox 547 5376 659 5449; x_wconf 88' lang='lat' dir='ltr'>populos</span> <span class='ocrx_word' id='word_1_785' title='bbox 670 5378 848 5448; x_wconf 91' lang='lat' dir='ltr'>trucidarunt,</span> <span class='ocrx_word' id='word_1_786' title='bbox 863 5381 913 5451; x_wconf 90' lang='lat' dir='ltr'>ipsi</span> <span class='ocrx_word' id='word_1_787' title='bbox 933 5382 961 5439; x_wconf 92' lang='lat' dir='ltr'>iu</span> 
     </span>
     <span class='ocr_line' id='line_1_58' title="bbox 175 5468 960 5543; baseline -0.003 -14"><span class='ocrx_word' id='word_1_788' title='bbox 175 5483 307 5530; x_wconf 70' lang='lat' dir='ltr'>eternum</span> <span class='ocrx_word' id='word_1_789' title='bbox 319 5473 455 5543; x_wconf 89' lang='lat' dir='ltr'>peribunt.</span> <span class='ocrx_word' id='word_1_790' title='bbox 476 5470 568 5526; x_wconf 89' lang='lat' dir='ltr'>Potest</span> <span class='ocrx_word' id='word_1_791' title='bbox 592 5477 620 5525; x_wconf 87' lang='lat' dir='ltr'>et</span> <span class='ocrx_word' id='word_1_792' title='bbox 643 5470 694 5524; x_wconf 91' lang='lat' dir='ltr'>boc</span> <span class='ocrx_word' id='word_1_793' title='bbox 714 5468 792 5541; x_wconf 84' lang='lat' dir='ltr'>juxta</span> <span class='ocrx_word' id='word_1_794' title='bbox 820 5470 960 5528; x_wconf 83' lang='lat' dir='ltr'>bistorintn</span> 
     </span>
     <span class='ocr_line' id='line_1_59' title="bbox 177 5562 961 5637; baseline -0.003 -15"><span class='ocrx_word' id='word_1_795' title='bbox 177 5566 337 5637; x_wconf 86' lang='lat' dir='ltr'>simpliciter</span> <span class='ocrx_word' id='word_1_796' title='bbox 349 5565 446 5634; x_wconf 89' lang='lat' dir='ltr'>accipi,</span> <span class='ocrx_word' id='word_1_797' title='bbox 464 5563 533 5635; x_wconf 91' lang='lat' dir='ltr'>quod</span> <span class='ocrx_word' id='word_1_798' title='bbox 545 5571 572 5618; x_wconf 91' lang='lat' dir='ltr'>et</span> <span class='ocrx_word' id='word_1_799' title='bbox 590 5577 677 5634; x_wconf 80' lang='lat' dir='ltr'>reges,</span> <span class='ocrx_word' id='word_1_800' title='bbox 700 5570 728 5616; x_wconf 93' lang='lat' dir='ltr'>et</span> <span class='ocrx_word' id='word_1_801' title='bbox 752 5562 914 5628; x_wconf 85' lang='lat' dir='ltr'>sacerdotes,</span> <span class='ocrx_word' id='word_1_802' title='bbox 932 5574 961 5620; x_wconf 87' lang='grc' dir='ltr'>ιι</span> 
     </span>
     <span class='ocr_line' id='line_1_60' title="bbox 178 5655 960 5733; baseline 0.001 -19"><span class='ocrx_word' id='word_1_803' title='bbox 178 5661 325 5733; x_wconf 71' lang='lat' dir='ltr'>propbeta,</span> <span class='ocrx_word' id='word_1_804' title='bbox 346 5660 471 5715; x_wconf 88' lang='lat' dir='ltr'>etuntuis</span> <span class='ocrx_word' id='word_1_805' title='bbox 491 5655 603 5727; x_wconf 88' lang='lat' dir='ltr'>populus</span> <span class='ocrx_word' id='word_1_806' title='bbox 617 5655 765 5711; x_wconf 82' lang='lat' dir='ltr'>iurttsulcnt</span> <span class='ocrx_word' id='word_1_807' title='bbox 789 5657 960 5715; x_wconf 87' lang='lat' dir='ltr'>inebriandus</span> 
     </span>
    </p>
   </div>
   <div class='ocr_carea' id='block_1_4' title="bbox 1015 4566 1807 5273">
    <p class='ocr_par' dir='ltr' id='par_1_4' title="bbox 1015 4566 1807 5273">
     <span class='ocr_line' id='line_1_61' title="bbox 1017 4566 1804 4640; baseline -0.005 -14"><span class='ocrx_word' id='word_1_808' title='bbox 1017 4581 1058 4628; x_wconf 86' lang='lat' dir='ltr'>tas</span> <span class='ocrx_word' id='word_1_809' title='bbox 1073 4588 1080 4626; x_wconf 73' lang='grc' dir='ltr'>ι</span> <span class='ocrx_word' id='word_1_810' title='bbox 1095 4570 1122 4626; x_wconf 93' lang='lat' dir='ltr'>in</span> <span class='ocrx_word' id='word_1_811' title='bbox 1145 4569 1244 4640; x_wconf 89' lang='lat' dir='ltr'>quibus</span> <span class='ocrx_word' id='word_1_812' title='bbox 1260 4567 1406 4633; x_wconf 79' lang='lat' dir='ltr'>uniuersis,</span> <span class='ocrx_word' id='word_1_813' title='bbox 1431 4583 1486 4623; x_wconf 91' lang='lat' dir='ltr'>uun</span> <span class='ocrx_word' id='word_1_814' title='bbox 1507 4575 1549 4623; x_wconf 90' lang='lat' dir='ltr'>est</span> <span class='ocrx_word' id='word_1_815' title='bbox 1559 4567 1666 4639; x_wconf 88' lang='lat' dir='ltr'>penitus</span> <span class='ocrx_word' id='word_1_816' title='bbox 1685 4566 1804 4639; x_wconf 85' lang='lat' dir='ltr'>glorian-</span> 
     </span>
     <span class='ocr_line' id='line_1_62' title="bbox 1015 4658 1804 4731; baseline -0.005 -14"><span class='ocrx_word' id='word_1_817' title='bbox 1015 4661 1089 4717; x_wconf 89' lang='lat' dir='ltr'>dum.</span> <span class='ocrx_word' id='word_1_818' title='bbox 1115 4659 1192 4728; x_wconf 84' lang='lat' dir='ltr'>Quod</span> <span class='ocrx_word' id='word_1_819' title='bbox 1213 4667 1307 4715; x_wconf 89' lang='lat' dir='ltr'>autern</span> <span class='ocrx_word' id='word_1_820' title='bbox 1328 4658 1483 4725; x_wconf 85' lang='lat' dir='ltr'>uerisimile,</span> <span class='ocrx_word' id='word_1_821' title='bbox 1504 4668 1532 4715; x_wconf 93' lang='lat' dir='ltr'>et</span> <span class='ocrx_word' id='word_1_822' title='bbox 1555 4660 1664 4731; x_wconf 82' lang='lat' dir='ltr'>dignum</span> <span class='ocrx_word' id='word_1_823' title='bbox 1688 4659 1804 4725; x_wconf 85' lang='lat' dir='ltr'>ridetur,</span> 
     </span>
     <span class='ocr_line' id='line_1_63' title="bbox 1015 4747 1805 4824; baseline -0.005 -18"><span class='ocrx_word' id='word_1_824' title='bbox 1015 4763 1046 4806; x_wconf 89' lang='lat' dir='ltr'>ut</span> <span class='ocrx_word' id='word_1_825' title='bbox 1058 4751 1167 4824; x_wconf 89' lang='lat' dir='ltr'>quidam</span> <span class='ocrx_word' id='word_1_826' title='bbox 1189 4758 1293 4821; x_wconf 86' lang='lat' dir='ltr'>putant,</span> <span class='ocrx_word' id='word_1_827' title='bbox 1313 4749 1410 4821; x_wconf 88' lang='lat' dir='ltr'>gloria,</span> <span class='ocrx_word' id='word_1_828' title='bbox 1432 4748 1561 4816; x_wconf 82' lang='lat' dir='ltr'>illudest,</span> <span class='ocrx_word' id='word_1_829' title='bbox 1579 4764 1642 4805; x_wconf 87' lang='lat' dir='ltr'>etun</span> <span class='ocrx_word' id='word_1_830' title='bbox 1663 4747 1805 4818; x_wconf 84' lang='lat' dir='ltr'>aliquisett</span> 
     </span>
     <span class='ocr_line' id='line_1_64' title="bbox 1017 4840 1805 4916; baseline -0.008 -18"><span class='ocrx_word' id='word_1_831' title='bbox 1017 4843 1146 4916; x_wconf 88' lang='lat' dir='ltr'>supientia</span> <span class='ocrx_word' id='word_1_832' title='bbox 1160 4857 1210 4897; x_wconf 89' lang='lat' dir='ltr'>sua</span> <span class='ocrx_word' id='word_1_833' title='bbox 1232 4840 1362 4906; x_wconf 82' lang='lat' dir='ltr'>elevatur,</span> <span class='ocrx_word' id='word_1_834' title='bbox 1389 4850 1437 4896; x_wconf 91' lang='lat' dir='ltr'>aut</span> <span class='ocrx_word' id='word_1_835' title='bbox 1454 4841 1578 4897; x_wconf 89' lang='lat' dir='ltr'>conscius</span> <span class='ocrx_word' id='word_1_836' title='bbox 1602 4840 1654 4897; x_wconf 91' lang='lat' dir='ltr'>sibi</span> <span class='ocrx_word' id='word_1_837' title='bbox 1676 4840 1805 4909; x_wconf 74' lang='lat' dir='ltr'>estquis</span> 
     </span>
     <span class='ocr_line' id='line_1_65' title="bbox 1018 4929 1806 5004; baseline -0.009 -14"><span class='ocrx_word' id='word_1_838' title='bbox 1018 4935 1110 4990; x_wconf 89' lang='lat' dir='ltr'>decern</span> <span class='ocrx_word' id='word_1_839' title='bbox 1120 4932 1177 5002; x_wconf 87' lang='lat' dir='ltr'>jum</span> <span class='ocrx_word' id='word_1_840' title='bbox 1191 4933 1270 4989; x_wconf 91' lang='lat' dir='ltr'>annis</span> <span class='ocrx_word' id='word_1_841' title='bbox 1285 4933 1413 4989; x_wconf 90' lang='lat' dir='ltr'>mulieres</span> <span class='ocrx_word' id='word_1_842' title='bbox 1424 4948 1478 4989; x_wconf 92' lang='lat' dir='ltr'>non</span> <span class='ocrx_word' id='word_1_843' title='bbox 1491 4932 1621 5004; x_wconf 83' lang='lat' dir='ltr'>tetigerit,</span> <span class='ocrx_word' id='word_1_844' title='bbox 1642 4930 1700 4986; x_wconf 89' lang='lat' dir='ltr'>sivo</span> <span class='ocrx_word' id='word_1_845' title='bbox 1717 4930 1751 4984; x_wconf 89' lang='lat' dir='ltr'>ab</span> <span class='ocrx_word' id='word_1_846' title='bbox 1764 4929 1806 4984; x_wconf 94' lang='lat' dir='ltr'>in·</span> 
     </span>
     <span class='ocr_line' id='line_1_66' title="bbox 1018 5019 1807 5096; baseline -0.006 -17"><span class='ocrx_word' id='word_1_847' title='bbox 1018 5023 1101 5080; x_wconf 75' lang='lat' dir='ltr'>latitia</span> <span class='ocrx_word' id='word_1_848' title='bbox 1127 5025 1231 5096; x_wconf 78' lang='lat' dir='ltr'>integer</span> <span class='ocrx_word' id='word_1_849' title='bbox 1251 5031 1395 5094; x_wconf 88' lang='lat' dir='ltr'>castusque</span> <span class='ocrx_word' id='word_1_850' title='bbox 1421 5021 1609 5095; x_wconf 86' lang='lat' dir='ltr'>permanserit.</span> <span class='ocrx_word' id='word_1_851' title='bbox 1636 5019 1807 5089; x_wconf 86' lang='lat' dir='ltr'>llursutnqne</span> 
     </span>
     <span class='ocr_line' id='line_1_67' title="bbox 1017 5109 1803 5184; baseline -0.008 -16"><span class='ocrx_word' id='word_1_852' title='bbox 1017 5113 1086 5168; x_wconf 88' lang='lat' dir='ltr'>alius</span> <span class='ocrx_word' id='word_1_853' title='bbox 1103 5112 1225 5184; x_wconf 89' lang='lat' dir='ltr'>erigitur,</span> <span class='ocrx_word' id='word_1_854' title='bbox 1247 5114 1310 5183; x_wconf 90' lang='lat' dir='ltr'>quin</span> <span class='ocrx_word' id='word_1_855' title='bbox 1329 5112 1435 5168; x_wconf 77' lang='lat' dir='ltr'>vincula</span> <span class='ocrx_word' id='word_1_856' title='bbox 1450 5126 1501 5184; x_wconf 93' lang='lat' dir='ltr'>pro</span> <span class='ocrx_word' id='word_1_857' title='bbox 1521 5110 1629 5166; x_wconf 83' lang='lat' dir='ltr'>Christo</span> <span class='ocrx_word' id='word_1_858' title='bbox 1643 5109 1803 5179; x_wconf 79' lang='lat' dir='ltr'>portaverit.</span> 
     </span>
     <span class='ocr_line' id='line_1_68' title="bbox 1017 5194 1806 5273; baseline -0.006 -17"><span class='ocrx_word' id='word_1_859' title='bbox 1017 5202 1101 5258; x_wconf 83' lang='lat' dir='ltr'>Recta</span> <span class='ocrx_word' id='word_1_860' title='bbox 1124 5202 1231 5273; x_wconf 91' lang='lat' dir='ltr'>quidem</span> <span class='ocrx_word' id='word_1_861' title='bbox 1249 5201 1374 5257; x_wconf 85' lang='lat' dir='ltr'>ridentur</span> <span class='ocrx_word' id='word_1_862' title='bbox 1389 5202 1447 5257; x_wconf 84' lang='lat' dir='ltr'>baec</span> <span class='ocrx_word' id='word_1_863' title='bbox 1467 5197 1566 5260; x_wconf 87' lang='lat' dir='ltr'>omnia,</span> <span class='ocrx_word' id='word_1_864' title='bbox 1590 5205 1618 5253; x_wconf 90' lang='lat' dir='ltr'>et</span> <span class='ocrx_word' id='word_1_865' title='bbox 1637 5194 1806 5266; x_wconf 85' lang='lat' dir='ltr'>subjicientia</span> 
     </span>
    </p>
   </div>
   <div class='ocr_carea' id='block_1_5' title="bbox 1013 5282 1809 5728">
    <p class='ocr_par' dir='ltr' id='par_1_5' title="bbox 1013 5282 1809 5728">
     <span class='ocr_line' id='line_1_69' title="bbox 1016 5282 1807 5362; baseline -0.008 -16"><span class='ocrx_word' id='word_1_866' title='bbox 1016 5292 1160 5362; x_wconf 86' lang='lat' dir='ltr'>quamdam</span> <span class='ocrx_word' id='word_1_867' title='bbox 1182 5292 1383 5362; x_wconf 85' lang='lat' dir='ltr'>persuasionem</span> <span class='ocrx_word' id='word_1_868' title='bbox 1398 5290 1431 5344; x_wconf 92' lang='lat' dir='ltr'>ad</span> <span class='ocrx_word' id='word_1_869' title='bbox 1454 5286 1631 5360; x_wconf 83' lang='lat' dir='ltr'>gloriandum.</span> <span class='ocrx_word' id='word_1_870' title='bbox 1656 5282 1710 5341; x_wconf 87' lang='lat' dir='ltr'>Sed</span> <span class='ocrx_word' id='word_1_871' title='bbox 1732 5283 1807 5341; x_wconf 90' lang='lat' dir='ltr'>neln</span> 
     </span>
     <span class='ocr_line' id='line_1_70' title="bbox 1015 5376 1807 5453; baseline -0.009 -17"><span class='ocrx_word' id='word_1_872' title='bbox 1015 5382 1057 5436; x_wconf 89' lang='lat' dir='ltr'>bis</span> <span class='ocrx_word' id='word_1_873' title='bbox 1077 5383 1195 5453; x_wconf 88' lang='lat' dir='ltr'>quidem,</span> <span class='ocrx_word' id='word_1_874' title='bbox 1215 5381 1237 5435; x_wconf 85' lang='lat' dir='ltr'>si</span> <span class='ocrx_word' id='word_1_875' title='bbox 1259 5390 1347 5436; x_wconf 88' lang='lat' dir='ltr'>tamen</span> <span class='ocrx_word' id='word_1_876' title='bbox 1370 5382 1507 5450; x_wconf 89' lang='lat' dir='ltr'>sequimur</span> <span class='ocrx_word' id='word_1_877' title='bbox 1519 5379 1674 5444; x_wconf 81' lang='lat' dir='ltr'>ueritatem,</span> <span class='ocrx_word' id='word_1_878' title='bbox 1691 5376 1807 5431; x_wconf 85' lang='lat' dir='ltr'>rationu·</span> 
     </span>
     <span class='ocr_line' id='line_1_71' title="bbox 1013 5465 1807 5545; baseline -0.011 -14"><span class='ocrx_word' id='word_1_879' title='bbox 1013 5476 1103 5532; x_wconf 87' lang='lat' dir='ltr'>biliter</span> <span class='ocrx_word' id='word_1_880' title='bbox 1123 5475 1183 5545; x_wconf 90' lang='lat' dir='ltr'>quis</span> <span class='ocrx_word' id='word_1_881' title='bbox 1208 5472 1417 5542; x_wconf 75' lang='lat' dir='ltr'>efferturzquia</span> <span class='ocrx_word' id='word_1_882' title='bbox 1441 5481 1469 5528; x_wconf 89' lang='lat' dir='ltr'>et</span> <span class='ocrx_word' id='word_1_883' title='bbox 1492 5472 1520 5528; x_wconf 94' lang='lat' dir='ltr'>in</span> <span class='ocrx_word' id='word_1_884' title='bbox 1548 5470 1629 5527; x_wconf 89' lang='lat' dir='ltr'>rebus</span> <span class='ocrx_word' id='word_1_885' title='bbox 1653 5468 1732 5525; x_wconf 91' lang='lat' dir='ltr'>bonis</span> <span class='ocrx_word' id='word_1_886' title='bbox 1752 5465 1807 5538; x_wconf 83' lang='lat' dir='ltr'>glo·</span> 
     </span>
     <span class='ocr_line' id='line_1_72' title="bbox 1015 5557 1806 5621; baseline -0.015 0"><span class='ocrx_word' id='word_1_887' title='bbox 1015 5566 1078 5621; x_wconf 91' lang='lat' dir='ltr'>riari</span> <span class='ocrx_word' id='word_1_888' title='bbox 1101 5581 1153 5621; x_wconf 94' lang='lat' dir='ltr'>non</span> <span class='ocrx_word' id='word_1_889' title='bbox 1165 5574 1207 5620; x_wconf 90' lang='grc' dir='ltr'>ιιι</span> <span class='ocrx_word' id='word_1_890' title='bbox 1226 5562 1283 5620; x_wconf 90' lang='lat' dir='ltr'>sine</span> <span class='ocrx_word' id='word_1_891' title='bbox 1298 5563 1463 5618; x_wconf 89' lang='lat' dir='ltr'>discrimine.</span> <span class='ocrx_word' id='word_1_892' title='bbox 1489 5561 1589 5618; x_wconf 82' lang='lat' dir='ltr'>Paulus</span> <span class='ocrx_word' id='word_1_893' title='bbox 1611 5557 1704 5615; x_wconf 91' lang='lat' dir='ltr'>babuit</span> <span class='ocrx_word' id='word_1_894' title='bbox 1720 5565 1806 5612; x_wconf 87' lang='lat' dir='ltr'>mute·</span> 
     </span>
     <span class='ocr_line' id='line_1_73' title="bbox 1013 5648 1809 5728; baseline -0.011 -13"><span class='ocrx_word' id='word_1_895' title='bbox 1013 5660 1081 5715; x_wconf 88' lang='lat' dir='ltr'>riam</span> <span class='ocrx_word' id='word_1_896' title='bbox 1096 5655 1273 5728; x_wconf 84' lang='lat' dir='ltr'>gloriationis,</span> <span class='ocrx_word' id='word_1_897' title='bbox 1291 5656 1394 5712; x_wconf 80' lang='lat' dir='ltr'>babens</span> <span class='ocrx_word' id='word_1_898' title='bbox 1417 5654 1444 5710; x_wconf 92' lang='lat' dir='ltr'>in</span> <span class='ocrx_word' id='word_1_899' title='bbox 1465 5671 1494 5711; x_wconf 89' lang='grc' dir='ltr'>ιι</span> <span class='ocrx_word' id='word_1_900' title='bbox 1515 5652 1641 5717; x_wconf 74' lang='lat' dir='ltr'>visiones,</span> <span class='ocrx_word' id='word_1_901' title='bbox 1663 5648 1809 5707; x_wconf 66' lang='lat' dir='ltr'>revelatiu-⁴</span> 
     </span>
    </p>
   </div>
   <div class='ocr_carea' id='block_1_6' title="bbox 0 0 2026 6198">
    <p class='ocr_par' dir='ltr' id='par_1_6' title="bbox 0 0 2026 6198">
     <span class='ocr_line' id='line_1_74' title="bbox 0 0 2026 6198; baseline 0 0"><span class='ocrx_word' id='word_1_902' title='bbox 0 0 2026 6198; x_wconf 95' lang='lat' dir='ltr'> </span> 
     </span>
    </p>
   </div>
  </div>
 </body>
</html>
