4042 6200
239 351 292 409 sm
557 352 587 407 b.
609 353 735 409 lethum
754 353 863 411 habnt
882 355 1045 412 attentae.
1066 358 1220 415 ltddtdt.
1241 362 1382 419 behltbtt
1401 364 1490 419 alhs
1509 364 1550 420 ΙΙΙ.
1637 420 1645 435 ,
1817 371 1867 426 hhl

240 462 292 515 ritu
312 460 476 532 praecinehm
501 459 608 534 ttoyses
634 463 660 518 io
676 464 785 520 cantico
809 464 1009 523 lientemoomii
1023 483 1030 497 ·
1046 471 1070 528 Α
1086 487 1096 520 ι
1118 478 1265 526 retrorsum
1288 482 1317 528 et
1333 489 1386 529 non
1401 475 1427 529 in
1442 484 1515 541 anm,
1536 476 1607 532 adie
1621 492 1674 547 quta
1686 482 1789 547 egressi
1806 493 1868 537 sunt

242 552 446 607 rlrritaserunt
461 566 504 607 me
527 552 552 606 in
571 552 622 607 diis
640 554 787 619 eliminet
805 555 832 610 iu
848 556 1028 613 abominatio-
1084 577 1096 613 r
1116 571 1207 629 patres
1228 578 1323 619 eorum
1345 566 1379 621 de
1402 574 1475 621 terra
1496 565 1606 638 AEggpti
1627 583 1713 638 usqne
1740 572 1775 625 ad
1797 571 1866 627 diem

239 643 320 698 nibus
333 643 390 697 sois
401 643 434 696 ad
448 643 616 699 iracundiam
630 654 857 714 provocaverunt.
872 646 1030 703 immolare
1083 666 1094 699 ι
1116 650 1194 706 hanc.
1219 670 1229 704 r
1256 651 1299 709 lle
1311 654 1440 710 dicente:
1461 674 1471 708 ι
1490 656 1589 713 Audite
1610 673 1705 714 uocem
1727 669 1866 716 atram.et

240 743 303 807 root
316 726 481 788 botrionibus
494 742 522 788 et
543 749 595 788 rron
610 735 666 789 heo
677 735 767 805 (bem.
779 751 843 790 mr
858 746 881 789 et
897 737 994 808 xxxii),
1015 756 1026 789 a
1079 755 1127 795 ero
1138 742 1215 798 voltis
1225 741 1305 810 Deus,
1323 754 1411 810 rete,
1430 761 1483 800 noo
1495 747 1640 805 audierunt
1655 763 1705 804 nec
1719 748 1867 806 inchoare-

240 835 267 880 ει
293 828 343 880 hoe
362 824 483 879 lecerunt
505 827 615 896 propria
630 826 777 891 voluntate,
797 828 860 899 quia
886 829 914 883 in
936 840 1030 885 nostro
1081 841 1142 887 runt
1155 850 1248 891 aurem
1261 851 1353 904 suam,
1376 838 1425 893 sed
1442 839 1482 893 sui
1499 840 1589 895 cordis
1609 839 1696 895 iecere
1715 841 1866 909 desideria,

240 913 592 968 consistitarbitriohonom
605 914 879 988 velmolonchgere,
892 915 1028 989 (Hieron.)
1079 934 1107 980 ct
1136 935 1231 982 contra
1254 929 1375 1001 apostoli
1402 932 1576 999 sementiam,
1600 933 1646 1003 qui
1667 935 1866 1004 praeteritorun

240 1006 373 1077 eridquid
382 1006 462 1077 igitur
475 1005 601 1071 iacimus,
613 1021 666 1060 non
678 1006 761 1061 Deum
770 1005 900 1073 tedium,
915 1007 1029 1077 unitedi
1079 1016 1289 1075 obliviscebatur
1302 1028 1330 1076 et
1341 1021 1367 1076 in
1383 1023 1471 1093 pn'ora
1482 1038 1512 1078 se
1521 1024 1693 1089 extendebat,
1707 1024 1799 1080 iecere
1808 1041 1867 1081 ron·

239 1118 378 1173 nunntmm
398 1111 496 1172 potest,
519 1102 566 1156 sed
589 1100 666 1156 nohis
681 1102 820 1157 interitum
834 1118 1027 1174 praeparamus,
1080 1107 1175 1174 truria,
1192 1120 1220 1164 ut
1242 1112 1379 1180 praeterita
1398 1124 1538 1183 cuperem,
1561 1122 1589 1169 ει
1602 1112 1692 1169 lutura
1713 1124 1867 1172 contemne·

238 1195 455 1251 thesaurizantes
472 1195 580 1250 immin
603 1194 647 1248 die
662 1195 718 1250 irae.
735 1194 798 1249 ldeo
813 1204 903 1251 autern
922 1195 1029 1251 dirersa
1079 1207 1150 1253 rent.
1166 1199 1297 1271 Quodque
1312 1203 1394 1259 dicit:
1410 1224 1419 1255 r
1436 1204 1514 1261 hdie
1524 1221 1578 1275 qna
1590 1206 1690 1277 egressi
1704 1216 1770 1261 sunt
1780 1216 1867 1278 patres

238 1286 323 1341 udicis
339 1286 455 1340 liliorum
471 1296 632 1356 patrumque
643 1295 670 1341 et
680 1294 797 1342 matrum
808 1287 898 1357 posuit
908 1286 950 1343 uel
962 1303 1030 1343 uro-
1079 1304 1172 1345 eorarn
1183 1291 1216 1347 de
1228 1301 1300 1348 terra
1316 1295 1423 1367 AEgypti
1435 1312 1520 1369 usqne
1534 1300 1569 1354 ad
1584 1300 1654 1356 diem
1668 1301 1749 1366 banc,
1768 1318 1868 1360 sumas

239 1391 308 1438 rum,
324 1383 354 1437 ut
373 1373 444 1429 nnfla
459 1381 526 1429 aetas
539 1376 574 1428 sit
588 1390 648 1443 qum
661 1375 695 1429 ab
710 1374 848 1445 impietate
860 1374 1027 1431 dissenserit.
1080 1390 1187 1453 tempus
1215 1385 1242 1439 in
1267 1388 1357 1442 medin
1373 1389 1439 1444 dicit
1463 1406 1511 1446 eos
1531 1407 1581 1462 per
1606 1391 1738 1449 offensam
1762 1394 1866 1451 homini

276 1487 285 1518 r
302 1467 363 1522 ldeo
375 1467 432 1523 hmo
442 1466 510 1521 dicit
520 1465 650 1521 Dominus
665 1465 735 1523 Deus
750 1467 840 1522 :Ecce
854 1465 931 1522 furor
942 1482 1027 1534 meus,
1079 1474 1251 1545 transegisse.
1267 1474 1341 1532 Unde
1351 1484 1380 1532 ct
1393 1481 1547 1535 necessaria
1561 1481 1611 1537 luit
1623 1483 1761 1554 Evangelii
1771 1486 1864 1556 gratis,

241 1576 251 1609 r
269 1566 296 1611 et
313 1557 462 1628 indignatio
479 1571 539 1611 uren
555 1556 687 1612 conflator
709 1555 779 1627 (siue
802 1557 930 1630 stillavit)
947 1573 1030 1629 super
1078 1578 1139 1633 qore
1159 1563 1219 1620 illos
1237 1579 1291 1620 non
1304 1582 1354 1624 suo
1372 1569 1483 1634 merito,
1500 1572 1548 1626 scd
1561 1571 1666 1627 honuni
1684 1574 1866 1631 misericordia

241 1671 250 1701 r
268 1649 356 1707 lucum
370 1651 462 1714 istum,
476 1665 559 1720 super
580 1650 654 1705 uiros
668 1658 695 1704 et
706 1648 930 1719 superiumenta,
940 1657 969 1704 et
983 1665 1029 1705 so·
1079 1656 1260 1711 conservarit.

240 1762 250 1795 r
269 1759 318 1814 per
330 1742 431 1814 lignum
448 1743 575 1814 regionis,
586 1750 614 1797 et
626 1756 709 1812 super
719 1740 811 1813 lrogcs
823 1749 912 1806 terrae,
928 1752 956 1798 et
967 1758 1030 1798 suc·

241 1856 250 1888 r
267 1835 396 1891 cendetur
417 1843 444 1890 et
458 1850 511 1890 non
527 1832 750 1917 exstinguetur.»
766 1833 835 1899 Quia
851 1848 933 1903 supra
951 1834 1029 1890 dire·
1045 1831 1068 1890 h

237 1936 302 1983 rat:
325 1926 480 1996 ‹Nrrnquid
506 1940 549 1982 me
572 1926 606 1981 ad
626 1925 795 1981 iracundiam
825 1926 1025 1996 prouocanti»

239 2020 373 2090 quomodo
388 2034 460 2075 nune
473 2018 557 2074 dicit:
575 2037 585 2070 ι
600 2018 671 2074 Εεεε
688 2018 764 2072 lnror
775 2032 852 2073 meus
862 2025 891 2072 et
902 2017 1028 2089 indigna·

238 2112 277 2167 tio
293 2126 352 2167 mea
365 2110 476 2166 stillavit
485 2124 566 2180 super
580 2109 668 2170 locum
682 2109 774 2165 istum.
788 2128 797 2160 r
811 2108 845 2164 Et
855 2121 895 2165 est
908 2124 1003 2165 sensus
1019 2126 1027 2164 ι

238 2201 294 2274 Ego
318 2200 426 2272 quidem
447 2199 608 2255 naturaliter
634 2215 688 2254 non
713 2199 828 2265 irascor,
850 2198 898 2254 sed
923 2198 964 2254 illi
991 2200 1029 2255 ita

238 2300 331 2364 agunt,
341 2298 371 2347 ut
383 2306 426 2346 me
440 2288 474 2345 ad
489 2290 656 2345 iracundiam
667 2297 826 2360 provocent,
841 2297 870 2345 et
884 2305 973 2345 meam
988 2290 1030 2346 vi·

238 2381 305 2438 dear
316 2390 424 2437 mutare
435 2391 571 2437 naturam.
586 2380 713 2436 Sentiant
735 2381 817 2454 igitur
830 2382 942 2448 iratum,
956 2381 1029 2453 quod

237 2482 368 2544 orientum
381 2474 407 2528 in
418 2488 449 2529 se
464 2480 507 2529 est
519 2472 610 2528 lacere
629 2482 772 2529 conamur.
787 2472 959 2543 Pulchreque
973 2487 1028 2529 non

238 2566 287 2631 ait,
304 2564 411 2621 Ebusus
425 2571 468 2620 est
482 2563 557 2618 iuror
570 2579 647 2620 ineos
664 2579 746 2634 super
769 2564 858 2620 locum
874 2566 967 2629 istum,
980 2565 1029 2621 sed

238 2654 357 2720 stillarit,
372 2664 402 2709 ut
413 2654 580 2709 moderatam
594 2668 701 2724 poenam
717 2652 863 2724 signille'et.
879 2654 927 2709 Sin
938 2663 1028 2710 autem

239 2746 347 2802 instilla
366 2744 465 2800 luroris
477 2752 552 2800 tanta
564 2745 664 2800 duritia
684 2754 736 2809 est,
753 2744 818 2816 quiid
836 2745 883 2801 fiet
901 2746 923 2801 si
939 2746 1029 2803 omnis

193 2860 198 2869 ·
238 2837 326 2892 imber
340 2836 422 2892 luerit
445 2836 565 2893 effusus?
590 2837 637 2892 sed
653 2845 682 2892 et
694 2836 821 2893 condano
844 2835 970 2910 [conflata
984 2838 1028 2893 in-

239 2927 370 2999 dignatio]
386 2928 425 2984 sic
441 2927 555 3000 intelligi
568 2936 670 2999 potest,
687 2937 717 2983 ot
730 2929 802 2999 qood
817 2927 863 2984 diu
877 2928 967 2985 lacere
979 2945 1029 2986 no·

239 3019 297 3085 luit,
324 3030 498 3090 peecatorum
524 3020 696 3075 multitudiue
721 3020 811 3079 lacere
838 3020 1026 3092 compellatur.

238 3109 306 3166 Cum
319 3120 411 3166 autem
422 3112 493 3166 heus
508 3111 593 3167 iratus
609 3111 699 3176 luerit,
711 3121 739 3167 et
752 3112 876 3168 homiues
887 3119 914 3167 et
924 3128 956 3167 ea
966 3127 1028 3182 qum

238 3201 378 3255 homiuum
393 3208 455 3255 sont
470 3200 586 3255 similem
600 3202 740 3256 interitum
757 3202 886 3256 sentient.
904 3220 913 3252 ι
928 3175 1065 3256 [troc-G

239 3290 379 3356 cendetur,
396 3309 405 3342 ι
422 3291 521 3360 inquit,
535 3290 605 3345 haud
622 3291 808 3361 dubiumquin
821 3290 1026 3355 lurorDomini,

241 3403 251 3435 ι
269 3390 298 3437 et
315 3398 368 3436 non
383 3382 580 3452 exstinguetur,
599 3382 686 3452 rqrria
705 3396 759 3436 non
779 3382 835 3453 agit
847 3379 962 3453 populus
980 3397 1031 3452 per

239 3486 301 3543 quae
316 3471 401 3542 possit
411 3471 557 3541 exstingui.

275 3580 285 3615 r
308 3562 372 3617 lime
385 3560 451 3616 dicit
473 3560 604 3615 Donrinus
624 3559 803 3626 exercituum,
828 3559 899 3626 Deus
917 3559 1026 3617 lsrael:

240 3674 250 3707 r
271 3652 507 3709 Holocaustomata
530 3659 618 3706 restra
633 3651 723 3705 aldite
735 3650 853 3707 uictimis
868 3651 986 3716 vestris,
1001 3660 1031 3708 et

241 3765 251 3798 r
274 3744 407 3801 comedite
421 3757 527 3797 carries.
553 3742 621 3810 Quia
637 3759 689 3798 non
704 3758 764 3797 sum
785 3741 890 3798 iuratus
903 3758 965 3798 eum
981 3758 1031 3814 pa·

241 3854 251 3888 r
274 3835 359 3890 trihus
373 3833 481 3896 restris,
495 3841 523 3889 et
536 3848 589 3889 non
603 3834 719 3906 praecepi
732 3833 772 3889 eis
786 3834 813 3888 in
827 3834 870 3889 die
882 3849 935 3904 qua
947 3832 1029 3889 eduxi

241 3951 251 3984 r
273 3946 321 3987 eos
338 3929 372 3985 de
390 3938 462 3984 terra
477 3928 604 4001 AEgypti,
619 3929 653 3986 de
672 3930 754 3985 terho
770 3928 1030 3985 holocaustomatum

241 4043 250 4076 ι
274 4032 301 4080 ει
316 4023 486 4078 victimarum
514 4040 521 4076 :
542 4021 587 4077 sed
601 4022 653 4077 hoc
667 4021 779 4076 rcrhom
794 4021 908 4091 praecepi
922 4020 970 4084 eis,
989 4021 1031 4076 di-

241 4132 251 4166 r
274 4129 361 4169 cens:
378 4112 476 4168 hodite
487 4126 582 4168 rocem
600 4126 699 4176 meam,
713 4120 800 4167 etero
812 4111 888 4165 uobis
904 4110 984 4174 heus,
1002 4119 1031 4166 et

241 4223 251 4256 r
272 4220 321 4261 ros
342 4204 420 4259 eritis
442 4202 507 4259 mihi
519 4202 642 4273 populus,
657 4211 685 4257 et
705 4200 840 4257 ambulate
853 4201 963 4258 inomni
977 4202 1030 4268 ria,

241 4317 251 4350 ι
273 4312 354 4367 qnam
367 4297 494 4352 mandari
508 4296 598 4360 uobis,
613 4302 642 4349 ut
652 4296 721 4351 hene
731 4293 767 4350 sit
780 4295 865 4351 vobis.
885 4313 894 4347 i
910 4294 1032 4362 Quorum

239 4385 540 4459 reprobarittemplnm,
550 4395 748 4457 consequenter
760 4386 888 4456 reprobat
901 4393 930 4440 et
944 4385 1030 4441 sacri·

240 4478 311 4545 hcia,
322 4473 349 4536 'et
359 4479 467 4551 oblique
480 4478 569 4551 arguit
579 4471 627 4535 eos
637 4478 708 4549 qood
721 4494 774 4534 uon
786 4478 960 4533 ueneratione
974 4477 1028 4543 sui,

237 4568 286 4625 sed
309 4571 449 4641 epularum
472 4570 606 4626 desiderio
630 4568 771 4648 immolent
792 4568 927 4625 victimas.
951 4568 1028 4636 Quod

238 4673 329 4722 autem
345 4667 403 4721 alt:
422 4684 432 4718 r
449 4665 507 4721 Non
519 4683 578 4722 sum
592 4665 698 4721 locutus
707 4679 768 4720 eum
780 4662 903 4734 patribus
919 4664 1028 4729 vestris,

1119 1787 1129 1821 ι
1152 1771 1185 1825 Ει
1199 1771 1261 1828 misi
1285 1774 1318 1828 ad
1338 1789 1386 1831 vos
1407 1786 1502 1831 omnes
1522 1791 1615 1833 serras
1634 1793 1710 1833 meos
1725 1779 1867 1848 prophetas

1085 1877 1094 1910 ι
1116 1874 1165 1929 per
1178 1861 1260 1927 diem,
1273 1878 1438 1934 consurgens
1450 1865 1613 1930 diluculo,et
1623 1868 1733 1923 mittens
1749 1887 1756 1921 ε
1771 1868 1805 1923 Ει
1816 1884 1867 1922 nnn

1085 1966 1095 2000 r
1117 1949 1261 2006 audierunt
1271 1968 1324 2018 me,
1341 1969 1390 2009 nec
1401 1954 1600 2014 inclinaverunt
1612 1975 1706 2015 aurem
1722 1976 1810 2025 suam,
1823 1961 1867 2015 sed

1084 2058 1094 2092 r
1115 2039 1310 2097 induraremnt
1334 2045 1467 2101 ceruicem
1491 2062 1586 2114 suam,
1612 2057 1641 2104 et
1664 2050 1742 2121 pejus
1767 2051 1867 2120 operati

1084 2149 1094 2183 r
1116 2141 1178 2188 sum
1189 2149 1269 2204 qrram
1280 2145 1486 2206 patreseomm.
1506 2160 1515 2193 r
1532 2142 1607 2198 iusta
1629 2157 1694 2213 ergo
1707 2144 1749 2198 ira
1766 2144 1867 2199 homini

1081 2237 1141 2294 quae
1163 2226 1276 2282 enudata
1298 2237 1349 2296 est,
1373 2238 1402 2287 et
1424 2231 1535 2287 stillavit
1558 2249 1640 2304 super
1662 2236 1791 2307 populum
1807 2254 1868 2294 con·

1082 2324 1243 2387 temptorcm
1261 2318 1390 2389 duraque
1410 2323 1539 2389 cervicis,
1559 2325 1653 2380 ethei
1673 2327 1756 2381 rerba
1780 2329 1869 2383 audire

1081 2408 1228 2464 nolentem.
1254 2406 1395 2476 Quomodo
1413 2422 1503 2467 autem
1525 2414 1596 2470 Deus
1614 2416 1656 2470 rel
1679 2416 1713 2471 de
1735 2428 1815 2473 nocte
1830 2418 1869 2473 rel

1081 2501 1209 2569 diluculo,
1225 2510 1252 2560 et
1267 2504 1294 2558 in
1310 2504 1354 2560 die
1369 2506 1459 2562 mittat
1475 2509 1620 2579 prophetas
1633 2511 1852 2581 supradiximus.

1120 2633 1129 2667 ι
1151 2615 1185 2670 Ει
1201 2615 1320 2687 loqueris
1331 2618 1365 2672 ad
1377 2633 1425 2674 eos
1437 2620 1527 2675 omnia
1542 2622 1625 2676 rerba
1640 2622 1708 2687 hec,
1723 2631 1752 2678 et
1764 2640 1868 2679 norian-

1084 2724 1095 2760 r
1116 2708 1189 2763 diem
1197 2717 1231 2771 te,
1244 2716 1273 2762 et
1282 2709 1393 2765 vocabis
1403 2719 1553 2777 eos,etnou
1562 2713 1764 2783 respondebunt
1772 2714 1869 2769 tibiht

1084 2816 1094 2850 ι
1114 2799 1187 2854 dices
1198 2799 1231 2853 ad
1245 2814 1291 2855 eos
1303 2816 1310 2854 ι
1321 2792 1385 2855 'llaec
1399 2809 1441 2856 est
1450 2816 1516 2873 gens
1527 2818 1587 2873 quae
1599 2819 1653 2858 non
1663 2804 1767 2859 audiris
1779 2820 1868 2859 rocem

1083 2909 1093 2941 ι
1116 2888 1222 2944 bomini
1250 2889 1296 2946 hei
1319 2891 1372 2956 sui,
1394 2906 1443 2948 nec
1468 2893 1570 2964 recepit
1590 2892 1771 2965 disciplinam.
1788 2895 1871 2951 Periit

1084 2999 1094 3034 r
1117 2980 1200 3050 hdcs,
1225 2991 1253 3039 et
1275 2983 1366 3038 ablata
1381 2991 1422 3039 est
1441 2982 1474 3040 dc
1491 3000 1539 3040 ore
1552 2999 1656 3040 eorum.
1674 3006 1684 3039 r
1705 2986 1746 3042 Ne
1765 2987 1869 3043 dubites

1081 3089 1139 3142 eos,
1157 3073 1257 3146 inquit,
1280 3075 1422 3131 indurasse
1442 3076 1586 3142 ceruicem,
1605 3087 1632 3131 et
1643 3073 1738 3148 pejora
1749 3078 1870 3148 patribus

1081 3167 1136 3222 suis
1151 3178 1288 3236 operatos.
1304 3166 1374 3222 Ecce
1387 3167 1421 3222 do
1434 3166 1522 3222 locum
1541 3170 1726 3239 poenitentioe,
1745 3185 1794 3225 nec
1812 3169 1870 3224 ideo

1080 3257 1177 3328 loquor
1195 3257 1326 3325 otham,
1349 3257 1396 3313 sed
1418 3258 1481 3328 quia
1505 3258 1594 3314 lotura
1608 3268 1671 3314 som
1688 3259 1791 3316 idcirco
1807 3275 1871 3331 prac-

1080 3351 1151 3407 dioo.
1174 3351 1276 3409 Saltem
1291 3367 1363 3407 nunc
1375 3351 1488 3422 loquere
1508 3353 1549 3408 eis
1559 3353 1650 3408 verbis
1668 3353 1749 3417 meis,
1764 3362 1793 3408 et
1808 3361 1869 3408 tunc

1080 3459 1134 3499 non
1148 3444 1258 3500 audient
1270 3452 1305 3509 te,
1324 3452 1352 3498 ει
1367 3444 1477 3500 rumbis
1490 3460 1547 3508 eos,
1561 3451 1589 3499 et
1602 3460 1656 3500 nnn
1668 3445 1870 3515 respondebunt

1081 3535 1140 3592 tibi.
1156 3537 1248 3592 Tantae
1262 3536 1334 3591 enim
1347 3544 1428 3591 erunt
1440 3536 1582 3606 superbiat.
1603 3546 1633 3591 ut
1653 3553 1715 3594 cum
1728 3537 1868 3593 rocamm

1081 3644 1128 3684 eos
1149 3628 1184 3684 ad
1210 3628 1372 3683 audiendum
1388 3625 1478 3682 nullus
1492 3627 1657 3699 respondere
1673 3627 1811 3699 dignetur.
1839 3628 1870 3683 Et

1081 3721 1154 3777 dices
1166 3720 1200 3775 ad
1212 3735 1276 3774 ens:
1293 3739 1302 3770 r
1319 3718 1381 3775 llaec
1393 3727 1435 3774 est
1448 3733 1514 3790 gens
1525 3735 1585 3790 grim
1598 3735 1649 3775 non
1664 3720 1767 3774 audiuit
1778 3735 1868 3777 rocem

1081 3809 1187 3868 Domini
1202 3810 1250 3866 Dei
1264 3811 1326 3875 sui,
1344 3823 1395 3866 nec
1408 3810 1511 3881 recepit
1521 3810 1701 3881 disciplinam.
1719 3810 1867 3873 »Pulchre

1081 3903 1177 3975 atjarn
1198 3909 1261 3956 ante
1278 3901 1344 3967 dixi,
1373 3916 1540 3971 nequaquam
1559 3898 1685 3971 populum
1709 3915 1799 3963 snum,
1824 3899 1868 3954 sed

1081 4003 1189 4067 gentem
1206 4001 1294 4049 rocat.
1314 3992 1391 4060 Quod
1405 3992 1469 4048 licet
1487 4001 1514 4047 et
1527 3993 1561 4047 'in
1582 4002 1702 4063 tempore
1723 3993 1867 4063 propheta·

1082 4102 1142 4141 rum
1157 4099 1190 4141 er
1206 4093 1282 4154 parte
1293 4085 1328 4139 sit
1340 4081 1450 4148 iactum,
1464 4091 1492 4139 et
1509 4083 1536 4138 in
1552 4083 1644 4138 umbra
1658 4084 1827 4153 processerit
1842 4088 1868 4138 ct

1082 4177 1108 4233 in
1134 4175 1261 4246 imagine,
1279 4182 1368 4230 tamen
1395 4173 1502 4246 plenius
1528 4176 1677 4244 completur
1699 4174 1726 4229 in
1751 4175 1865 4239 Christo,

1081 4267 1339 4339 quandonoluerunt
1350 4266 1470 4336 recipere
1487 4263 1666 4336 disciplinam,
1679 4272 1707 4319 et
1720 4280 1814 4321 rocem
1828 4267 1867 4320 sui

1082 4358 1188 4415 homiui
1209 4365 1442 4429 contempserunt.
1463 4354 1540 4411 Unde
1564 4353 1701 4425 eleganter
1725 4355 1864 4411 insertur:

1085 4468 1094 4502 ι
1116 4448 1201 4504 Periit
1224 4448 1330 4513 lidos»
1355 4462 1416 4519 qum
1436 4446 1543 4518 proprie
1567 4444 1784 4502 Christianorum
1809 4456 1865 4512 est;

1043 4533 1069 4593 h
1084 4560 1094 4593 r
1115 4547 1142 4595 et
1156 4539 1243 4595 ablata
1262 4550 1304 4594 εει
1318 4539 1352 4594 de
1364 4553 1412 4594 ore
1427 4551 1531 4603 eorum,
1555 4555 1564 4588 r
1580 4536 1670 4592 omnis
1685 4536 1810 4592 uidelicet
1824 4536 1866 4591 hlii

1080 4630 1139 4698 Dei,
1158 4630 1275 4700 fideique
1288 4629 1432 4685 confessio.

237 4769 266 4815 ct
289 4774 342 4814 non
365 4758 480 4829 praecepi
501 4757 540 4814 eis
561 4759 587 4812 in
611 4758 654 4813 die
676 4756 820 4826 quaedum
841 4770 889 4811 eos
905 4756 938 4812 dc
953 4764 1033 4811 terra
1119 4759 1129 4793 ι
1151 4740 1379 4811 Τθῃΰθῦθῡῑῐῗΰῐΰ
1392 4746 1468 4794 ¹⁰¹¹¹¹¹
1482 4747 1509 4794 θῑ
1525 4736 1637 4809 imilco»
1654 4744 1682 4792 θῑ
1701 4736 1866 4793 ὅῑῑωθῑῐιᾱῑ·

238 4846 366 4919 AEgppti,
386 4860 468 4916 snper
493 4845 576 4901 uerbo
596 4845 745 4902 holocausti
758 4854 786 4899 et
819 4844 1027 4910 uictimarum»
1083 4850 1093 4883 ι
1114 4839 1217 4888 lelium
1232 4830 1295 4904 (⁸ill
1310 4828 1483 4900 ⁸¹¹P0f¹³bi³i
1498 4828 1633 4900 9¹³⁰⁰¹¹¹¹¹¹
1654 4845 1660 4881 ²
1680 4825 1865 4899 (luilllml‘eli‘

239 4938 381 4996 manifeste
396 4935 557 5006 intelligitur
570 4934 643 5005 quod
664 4935 781 5006 primum
798 4933 956 5006 decalogum
982 4934 1028 4989 dc·
1084 4944 1094 4979 t
1116 4923 1258 4988 ὓῡιῐιὶῐιῑιὸ,
1280 4928 1310 4976 θῑ
1330 4920 1439 4989 reliquii
1455 4919 1656 4992 lentillifflleffl
1669 4915 1773 4974 sumtis
1785 4918 1835 4973 sui·
1853 4937 1863 4971 t

238 5035 309 5089 dent
321 5034 347 5087 tn
362 5031 461 5087 ranulis
476 5029 589 5102 lapideis
601 5030 730 5100 scriptun
750 5028 833 5100 digito
845 5027 904 5084 hei.
921 5029 953 5083 m
966 5038 1029 5100 post
1081 5013 1186 5077 atton,
1208 5012 1300 5066 andita
1325 5009 1439 5066 ultorum
1453 5016 1481 5066 er
1499 5007 1616 5063 tiliarum
1633 5016 1731 5072 nonu,
1755 5005 1865 5077 rapidos

238 5128 366 5184 oliensam
394 5124 554 5181 idololatriae
574 5130 709 5193 caputque
726 5120 802 5178 rituli
816 5120 914 5195 (huod.
939 5122 1027 5195 xxxi),
1080 5107 1194 5178 lssblmlss
1215 5102 1366 5160 l⁰¹⁰¹¹l¹¹⁵ffl
1389 5099 1461 5173 (Ιοῦ·
1480 5100 1512 5170 Ι),
1540 5108 1567 5153 el
1580 5097 1659 5202 'apud
1678 5107 1789 5153 veheres
1811 5098 1865 5152 haec

239 5229 331 5287 postea
340 5217 454 5286 jusserit
466 5215 517 5272 sibi
530 5215 616 5286 magis
629 5213 687 5269 heri
699 5227 779 5292 guam
791 5212 968 5278 daemonibus,
983 5228 1030 5266 an·
1078 5209 1139 5256 θιθῑ
1161 5197 1281 5254 ⁰¹¹¹¹¹i⁰¹⁰
1299 5194 1465 5251 ⁰⁰¹¹⁵l¹fl¹⁰d0
1487 5192 1634 5262 lugentium
1657 5189 1770 5292 ‘findere
1785 5205 1864 5245 tw·

239 5308 327 5364 furens
341 5324 436 5379 puram
454 5307 611 5379 religionem
632 5306 822 5360 mandatmum
841 5301 900 5368 Dei,
921 5311 949 5358 et
963 5319 1029 5367 con·
1079 5291 1164 5355 riem;
1181 5297 1207 5344 at
1222 5303 1294 5343 nrrnc
1310 5284 1473 5343 econtrario
1487 5298 1591 5339 comam
1606 5281 1762 5346 demittere,
1781 5280 1865 5378 luctus

238 5401 337 5456 cedens
359 5400 516 5471 sanguinem
535 5398 707 5453 victimarum
730 5393 907 5465 carniumque
920 5393 1027 5448 (reside.
1079 5380 1208 5435 iudicium
1229 5385 1281 5433 cst.
1299 5375 1394 5432 Omnis
1414 5383 1503 5429 autern
1525 5371 1651 5441 planctus
1664 5379 1692 5426 et
1711 5370 1863 5426 lamentatio

239 5488 319 5543 rium.
1078 5470 1244 5549 prophetalis
1264 5469 1364 5525 idcirco
1383 5466 1550 5523 assumitur:
1581 5481 1591 5515 r
1614 5462 1676 5535 quia
1689 5462 1804 5534 projecit
1816 5460 1864 5516 Dn-

276 5595 286 5629 r
311 5577 346 5632 Et
372 5595 426 5634 noo
457 5577 602 5633 andierunt
629 5593 679 5633 nec
704 5576 906 5632 inclinaverunt
933 5589 1027 5629 aorem
1079 5568 1177 5630 miurus,
1196 5575 1224 5621 et
1238 5563 1347 5634 reliquit
1360 5559 1558 5634 generationem
1582 5554 1747 5610 lurorissui.
1768 5549 1862 5606 illaad

241 5681 251 5716 r
274 5680 362 5729 suam,
385 5667 432 5721 sed
447 5665 574 5720 abierunt
596 5665 623 5720 in
644 5666 828 5721 voluntatibus
843 5665 908 5737 (siue
923 5663 1029 5719 deside·
1080 5657 1190 5713 dubium
1210 5654 1275 5725 quin
1290 5652 1419 5724 populum
1437 5646 1590 5703 irrdmorurn
1605 5643 1754 5715 significet,
1769 5651 1794 5696 et
1806 5655 1862 5712 pro·

243 5770 252 5805 ι
273 5751 342 5822 riis),
359 5761 385 5806 et
397 5753 424 5806 in
437 5753 570 5822 prat-imre
588 5755 677 5811 cordis
697 5756 738 5811 soi
754 5754 826 5821 unali,
839 5753 954 5826 laetique
966 5763 1029 5810 sunt
1079 5752 1138 5825 pris
1155 5750 1206 5806 boc
1225 5748 1258 5804 ad
1281 5744 1382 5802 Christi
1398 5752 1517 5814 tempora
1541 5738 1735 5804 referendum,
1760 5731 1860 5807 qnando
