4042 6200
214 373 279 433 test
510 373 541 428 b.
561 370 686 427 adnant
704 368 812 427 ttbbtu
830 365 989 423 ARCHIEP.
1008 365 1165 424 trudunt.
1185 365 1326 425 orbabat
1343 366 1433 423 Pons
1452 365 1495 423 tlt,
1763 369 1838 433 {Dii-

212 481 372 552 Beniamin:
393 497 508 553 qnorum
528 481 603 550 prius
628 478 821 541 obedientiam,
846 475 994 532 seeundum
1008 479 1035 536 Α
1047 475 1240 547 interpretatur
1252 476 1360 531 decemo
1374 493 1442 543 nea,
1467 476 1734 549 dieentepropbetu:
1751 499 1762 533 ι
1781 480 1836 538 lm-

212 575 295 630 tlliom
316 575 433 630 dexterae
456 584 541 630 soant.
562 574 596 629 Et
609 580 805 642 consequenter
822 571 880 640 eius
893 571 996 641 appetit
1046 580 1128 621 cerna
1145 567 1259 637 perbbus
1275 567 1343 622 meis
1364 568 1476 625 verbum
1499 576 1586 635 tuum,
1613 576 1642 623 et
1664 569 1712 624 lux
1729 573 1833 627 maltis

211 665 383 735 emptionem,
398 666 426 719 in
438 660 891 735 quoobedientiaetvirtusbomioi
902 675 996 716 versa·
1045 656 1221 713 meissrdeos
1246 655 1333 729 (Ptol.
1350 657 1455 728 ιιιιιι).
1482 676 1492 709 ι
1522 656 1587 715 Neri
1605 673 1714 729 quoque
1726 658 1833 717 Dsnrcb

211 756 324 822 bamur,
339 771 389 828 pro
401 771 455 826 quo
468 754 642 826 Septuaginta
651 754 836 827 qpmsspupm,
856 750 883 806 id
896 761 995 806 estse-
1046 744 1116 801 filius
1127 744 1244 811 „³³le
1258 745 1286 801 id
1304 746 1610 818 ffll,sssclflfoed0pefi⁹8
1623 749 1740 805 omini·-
1765 749 1833 804 Alli·

212 841 782 915 arioromioterpretatisuntquodlocobuic
795 855 848 895 non
859 838 995 895 convenit.
1046 836 1245 891 madvertamus
1266 850 1332 908 erqo
1349 837 1458 908 quantis
1475 838 1606 893 virtutum
1628 839 1780 911 privilegiis
1794 841 1835 896 di·

249 934 395 991 «intellexi
411 942 501 991 autem
526 932 719 1004 quodrerbum
733 930 839 985 Domini
861 938 934 986 esset
947 946 954 982 ε
969 935 997 983 et
1046 924 1165 995 selpulus
1199 925 1305 982 Darucb
1334 924 1459 982 ieremias
1490 926 1699 993 ministraverit,
1727 929 1835 985 dicente

213 1025 299 1080 aemi
318 1039 413 1096 agrum
434 1025 468 1079 ab
484 1020 694 1079 Anamebellllio
713 1019 802 1088 patrui
815 1018 880 1084 mei,
895 1016 942 1087 qni
955 1023 997 1072 est
1046 1013 1130 1070 David
1146 1032 1181 1071 :r
1210 1014 1358 1071 Ambulans
1387 1016 1415 1071 in
1435 1016 1478 1072 ria
1501 1017 1674 1072 immaculata
1696 1019 1741 1074 hie
1768 1020 1835 1075 milti

213 1133 222 1166 r
245 1114 273 1168 in
286 1113 414 1169 Anatbot
439 1112 473 1167 Et
485 1109 600 1182 appendi
613 1108 639 1164 ei
651 1116 804 1180 argentum,
825 1115 942 1163 stateres
953 1120 997 1160 se-
1047 1103 1217 1159 ministrabat
1231 1102 1323 1176 (Prot.
1337 1104 1380 1178 o).
1406 1123 1417 1158 t
1446 1104 1522 1160 Unde
1539 1114 1568 1160 et
1585 1106 1698 1162 Elisaeus
1710 1107 1835 1163 minister

213 1211 318 1272 «ptem
341 1209 368 1257 et
385 1201 478 1257 decem
503 1205 654 1268 argenteos.
670 1196 704 1250 Et
720 1194 816 1265 scripsi
838 1193 947 1247 inlibro
968 1201 997 1248 et
1045 1192 1111 1249 Elia
1139 1193 1167 1249 in
1181 1201 1285 1249 tantum
1299 1194 1399 1265 placuit
1418 1195 1484 1260 Deo,
1507 1205 1537 1250 ut
1552 1206 1616 1266 post
1631 1198 1835 1253 translationem

213 1308 222 1341 ι
245 1290 358 1359 signavi,
383 1287 532 1344 etadbibui
554 1293 647 1342 testes.
671 1284 705 1339 Et
723 1282 837 1354 appendi
855 1289 995 1353 argentum
1046 1281 1166 1350 magistri
1187 1282 1269 1336 etiam
1284 1282 1418 1353 duplicem
1430 1284 1555 1354 spiritum
1584 1293 1739 1342 mereretur
1764 1289 1837 1343 acei-

213 1396 222 1430 ι
246 1378 272 1432 in
284 1385 396 1442 statera,
410 1384 438 1431 et
448 1375 541 1445 accepi
554 1374 651 1429 librum
661 1372 838 1443 possessionis
852 1371 995 1440 signatum.
1046 1391 1111 1445 perc
1133 1374 1186 1448 (lt
1204 1375 1271 1447 Req.
1289 1376 1332 1450 n).
1351 1395 1362 1430 t
1388 1377 1517 1435 Docdico
1541 1379 1577 1433 ad
1598 1379 1837 1436 commonitionem

214 1487 223 1519 a
247 1467 433 1538 stipulationes
458 1473 486 1521 et
506 1471 565 1519 rata
590 1473 617 1519 et
636 1452 712 1534 signa
727 1460 887 1517 forinsecus.
909 1479 918 1512 t
942 1459 996 1513 Du·
1046 1480 1139 1519 eorum
1148 1465 1195 1535 qui
1208 1466 1340 1522 malorum
1352 1465 1490 1521 bominum
1503 1467 1653 1523 abutuntur
1664 1469 1834 1534 ministeriis,

133 1610 137 1617 ,
214 1573 273 1612 runa
288 1556 396 1626 quidem
410 1562 479 1621 erat,
504 1560 532 1609 et
551 1566 634 1624 prope
655 1553 861 1621 inconsequens,
886 1548 996 1618 risuque
1046 1564 1074 1609 et
1087 1570 1140 1610 non
1155 1555 1255 1610 audent
1271 1553 1389 1623 abiicere
1401 1570 1459 1621 eos,
1488 1571 1556 1627 qnos
1569 1557 1648 1611 malae
1663 1558 1837 1613 conscientia

211 1644 322 1717 dignum
346 1659 407 1701 euna
426 1643 473 1713 qui
487 1640 653 1712 iamiamque
665 1638 823 1710 capiendam
849 1637 995 1707 propbeta·
1046 1653 1147 1700 nomnt
1166 1645 1217 1701 sibi
1231 1644 1333 1715 glutino
1349 1645 1497 1714 copulatos.
1514 1645 1641 1701 Traditur
1660 1658 1752 1701 autem
1769 1646 1837 1702 liber

211 1733 257 1787 11111
269 1731 429 1796 Jerusalem,
454 1740 482 1786 11
495 1744 589 1786 01111111
602 1727 771 1785 (1111111101
788 1741 848 1783 0⁸⁵0
865 1725 994 1796 Cibum,
1048 1733 1153 1789 Barueb
1162 1742 1237 1790 tanto
1248 1744 1276 1790 et
1286 1732 1332 1790 tali
1345 1735 1413 1801 viro,
1425 1734 1532 1790 sidente
1542 1734 1704 1799 Anamebel,
1715 1737 1761 1805 qui
1774 1752 1836 1792 ven·

212 1822 254 1878 vel
266 1822 366 1895 gladio,
388 1822 468 1889 lame,
482 1831 510 1879 et
522 1830 597 1893 peste
610 1822 757 1893 perituros,
770 1836 865 1892 agrum
878 1821 906 1875 in
920 1820 994 1874 Ana·
1010 1816 1034 1876 B
1048 1823 1162 1889 diderat,
1199 1831 1228 1879 et
1238 1823 1350 1879 testibus
1373 1824 1420 1894 qui
1434 1824 1632 1894 suscripserant
1647 1842 1654 1877 ε
1679 1833 1709 1878 et
1721 1840 1836 1894 quorum

211 1914 269 1968 tbot
280 1928 380 1979 emere,
395 1929 475 1983 quem
493 1928 547 1968 non
561 1921 620 1968 erat
633 1927 816 1982 possessurus.
840 1910 894 1967 Sed
915 1912 995 1967 intel·
1044 1910 1152 1965 nomina
1165 1910 1192 1966 in
1206 1911 1350 1983 emptionis
1371 1911 1506 1968 volumine
1521 1912 1693 1967 tenebantur.
1721 1933 1731 1965 ι
1762 1914 1794 1967 lit
1808 1916 1837 1968 in

211 2003 274 2071 lori,
302 2005 398 2075 inquit,
417 2004 528 2060 verbum
540 2018 610 2071 esse,
631 2010 659 2059 et
673 2003 836 2074 emptionem
847 2018 935 2058 meam
951 2017 995 2056 ar·
1045 2007 1201 2068 corrspectu,
1218 1999 1317 2069 inquit,
1340 2000 1461 2055 omnium
1473 1997 1627 2055 ludaeorum
1645 2001 1692 2070 qui
1707 2002 1838 2056 sedebant

211 2102 337 2164 qumeoto
356 2102 383 2149 et
399 2095 526 2150 vaticinio
541 2093 646 2150 Domini
666 2094 855 2165 coaptandam,
880 2100 908 2147 et
934 2093 994 2149 ideo
1045 2089 1074 2144 in
1086 2091 1156 2147 atrio
1173 2091 1302 2146 carceris.
1328 2109 1339 2144 t
1367 2091 1418 2159 Qui
1432 2090 1557 2146 videlicet
1576 2090 1618 2146 sel
1632 2094 1667 2147 ad
1678 2094 1837 2163 prophetam

211 2183 342 2254 acquisivi
356 2192 491 2256 praeopto
509 2183 568 2254 ejus
580 2193 608 2239 ut
623 2198 742 2240 emerem
759 2202 766 2239 ι
782 2200 833 2241 nee
848 2183 949 2240 frustra
961 2184 996 2239 ad
1044 2190 1174 2236 venerant
1187 2180 1391 2247 consolandum,
1415 2181 1458 2236 ael
1470 2181 1559 2237 studio
1574 2181 1680 2237 timoris
1698 2182 1756 2250 Dei,
1782 2184 1837 2239 Do·

210 2289 253 2330 nte
267 2289 348 2346 super
362 2274 548 2344 huiuscemodi
568 2289 599 2330 re
621 2274 670 2330 Dei
687 2272 790 2330 lactum
810 2289 870 2330 esse
891 2288 996 2330 sermo-
1046 2269 1112 2324 mini
1124 2270 1205 2324 rerba
1215 2269 1309 2325 audire
1321 2269 1476 2340 cupiebant.

212 2379 283 2420 nem.
307 2365 340 2420 Et
352 2366 466 2436 appendi
482 2365 587 2438 argenti
608 2364 703 2420 decem
728 2373 757 2419 et
775 2371 878 2437 septem
904 2362 994 2428 siclos,
1084 2378 1094 2411 ι
1118 2360 1152 2414 Et
1167 2360 1283 2432 proeocpi
1296 2361 1400 2416 Barnun
1412 2376 1503 2417 coram
1515 2361 1555 2418 eis
1565 2362 1659 2419 dicens
1673 2382 1679 2418 ε
1694 2362 1758 2420 llaec
1772 2364 1839 2420 dicit

212 2469 280 2524 quos
294 2469 344 2511 nos
358 2455 385 2510 in
402 2463 517 2513 stateres
529 2454 668 2511 vertimus.
693 2454 882 2511 Sielusautena
903 2454 997 2526 viginti
1050 2468 1060 2501 t
1082 2450 1212 2506 Dominus
1231 2451 1408 2515 exercituum,
1437 2450 1508 2507 Deus
1521 2450 1626 2507 lsrael:
1649 2450 1733 2509 Sume
1754 2453 1840 2510 libros

211 2546 305 2603 obmos
331 2548 423 2615 babet,
450 2556 479 2604 ot
501 2548 529 2603 io
550 2547 701 2605 Ezechielis
719 2557 840 2604 extremo
863 2547 998 2603 volumine
1050 2562 1059 2595 ι
1081 2543 1156 2608 istos,
1178 2543 1276 2599 librum
1288 2542 1433 2613 emptionis
1445 2543 1517 2600 hunc
1531 2543 1679 2616 signatum,
1697 2543 1837 2602 etlibmm

210 2637 336 2693 scribitur
362 2637 476 2711 (Daecla
500 2637 578 2710 xcv).
602 2638 728 2709 Emitque
751 2638 881 2709 propbeta
904 2638 996 2693 decem
1050 2653 1060 2687 ι
1081 2636 1153 2692 hunc
1165 2635 1211 2707 qui
1221 2645 1331 2707 apertus
1348 2645 1402 2703 est,
1429 2645 1458 2692 ct
1471 2651 1541 2707 pone
1552 2637 1613 2693 illos
1625 2638 1652 2692 in
1670 2652 1735 2693 vase
1748 2637 1835 2699 lictib,

209 2737 238 2781 et
261 2737 363 2799 septem
386 2728 460 2786 siclis
483 2743 492 2785 ι
518 2729 546 2784 in
572 2744 626 2801 quo
654 2744 766 2785 numero
792 2730 912 2785 cantauit
931 2744 998 2800 puer
1050 2734 1283 2798 ‹otpermaoere
1300 2729 1406 2800 possint
1425 2728 1520 2784 diebus
1540 2727 1641 2783 moltis.
1674 2727 1737 2783 lloec
1763 2730 1835 2784 enim

211 2815 315 2870 Domini
334 2816 433 2884 David,
459 2817 488 2873 in
510 2817 553 2873 die
574 2833 627 2889 qua
645 2819 716 2874 eruit
736 2832 798 2874 eurn
816 2817 945 2874 Dominus
964 2819 997 2874 de
1050 2838 1060 2871 ι
1082 2820 1149 2875 dicit
1164 2819 1293 2877 Dominus
1311 2820 1488 2886 exercituum,
1511 2819 1583 2876 Deus
1607 2819 1713 2874 lsrael:
1740 2819 1839 2875 Adbuc

211 2920 292 2962 ruatm
313 2908 434 2963 omniurn
454 2907 705 2981 inimicorumeius,
725 2918 753 2965 et
771 2910 805 2965 de
821 2923 902 2964 manu
922 2908 997 2975 Saul,
1050 2930 1061 2963 ι
1082 2911 1290 2983 possidebuntur
1306 2913 1413 2978 domus,
1437 2923 1466 2970 ct
1477 2912 1546 2986 agri,
1569 2921 1598 2969 et
1607 2914 1694 2968 uineae
1720 2914 1838 2969 interra

209 3002 238 3048 et
249 2994 317 3050 dixit
332 3013 339 3050 :
355 2995 488 3068 ‹Diligam
502 3005 537 3062 te,
550 2995 673 3064 Domine,
683 2995 811 3052 lortitudo
823 3011 893 3063 mea,
905 2998 998 3053 Domi·
1051 3020 1065 3054 a
1081 3002 1143 3058 ista.
1163 3022 1174 3056 t
1198 3001 1310 3059 Caucis
1329 3020 1397 3074 quos
1420 3004 1574 3076 preteritas
1601 3019 1693 3062 sermo
1715 3007 1838 3060 narrarit

211 3101 261 3140 rms
276 3084 472 3143 firmamentum
486 3103 575 3144 meum
589 3095 616 3145 el
630 3087 762 3161 reluqium
774 3105 873 3154 meum,
892 3096 920 3144 et
931 3087 998 3145 libe-
1048 3095 1236 3163 praesentibus*
1247 3095 1448 3164 stridentibus,
1473 3095 1579 3153 Darucb
1597 3097 1722 3154 ministro
1745 3099 1839 3168 praej.

213 3185 288 3232 rator
300 3192 386 3233 meus.
409 3179 480 3233 Deus
499 3193 575 3236 meus
587 3178 704 3250 adjutor
722 3194 808 3245 meus,
835 3179 950 3249 sperabo
969 3178 998 3235 in
1011 3155 1034 3218 c
1048 3184 1132 3254 pitur,
1146 3193 1174 3239 et
1183 3185 1324 3256 discipulo,
1342 3202 1396 3242 non
1410 3189 1579 3244 sermonibus
1592 3190 1779 3259 praeceptoris,
1791 3189 1839 3245 sed

211 3279 273 3319 enm
289 3274 444 3335 :protector
460 3282 537 3322 meus
553 3274 581 3322 et
600 3282 685 3322 eornu
700 3268 794 3323 salutis
809 3276 999 3332 meae,etsus·
1049 3272 1224 3343 Deijubentis
1238 3273 1360 3346 imperio,
1393 3283 1423 3331 ut
1435 3285 1555 3332 assumat
1569 3275 1675 3332 libros:
1696 3292 1779 3331 unum
1803 3277 1839 3330 si·

211 3362 304 3424 ceptor
333 3369 410 3409 meus
424 3354 510 3427 (Paul.
527 3355 604 3428 xvn).
632 3375 641 3408 t
676 3357 818 3412 Denariurn
831 3371 892 3413 esse
906 3373 999 3414 nume·
1049 3373 1170 3436 quatum,
1186 3363 1300 3419 alterum
1313 3374 1447 3436 apertum.
1470 3367 1536 3434 Quae
1549 3367 1714 3440 emptionum
1726 3381 1839 3422 consue-

214 3460 273 3499 ram
290 3444 431 3515 mysticum
456 3445 573 3501 ostendit
585 3445 733 3518 Decalogus
754 3448 800 3519 qui
819 3447 934 3518 scriptus
949 3447 999 3504 luit
1050 3456 1114 3511 tudo
1124 3456 1178 3511 buc
1189 3469 1274 3526 usqne
1286 3465 1434 3513 servatura
1457 3467 1488 3514 ut
1499 3458 1570 3528 quod
1582 3458 1747 3515 intrinsecus
1761 3459 1837 3514 elan·

213 3536 240 3591 in
260 3535 356 3591 tabulis
372 3535 484 3608 lapideis
507 3537 591 3608 digito
612 3538 703 3596 Deir«
729 3537 832 3594 Etdies
857 3536 951 3610 jejunii
972 3548 1000 3595 et
1049 3559 1109 3599 sum
1137 3544 1275 3617 signacula
1293 3547 1444 3613 continent,
1470 3549 1521 3604 boe
1542 3549 1633 3619 legere
1657 3549 1837 3618 cupientibus,
1946 3547 1953 3561 ⁶

212 3625 410 3698 bwblllalifflfiss
434 3625 534 3682 1111111111
562 3626 669 3697 septimi
690 3624 787 3699 (5111·
803 3628 864 3699 1111)
883 3646 891 3682 ²
912 3635 1000 3699 111111-
1049 3645 1172 3710 apermm
1196 3638 1320 3695 volumen
1341 3639 1486 3695 exbibeat:
1502 3649 1646 3710 utrumque
1665 3640 1692 3694 io
1715 3655 1780 3695 vase
1793 3640 1841 3695 lie·

212 3718 304 3774 narius
326 3732 433 3788 quoque
446 3716 474 3772 in
485 3733 539 3789 quo
555 3734 634 3774 verns
646 3727 689 3776 est
702 3718 891 3786 sabbatismus,
906 3727 934 3774 et
955 3735 999 3776 re·
1052 3727 1139 3792 rilint
1150 3743 1309 3798 pemtanere
1319 3731 1423 3800 possint
1437 3730 1642 3787 diebusmultis.
1652 3729 1744 3786 Firma
1760 3732 1838 3803 igimr

215 3813 292 3882 quies
304 3826 364 3868 esse
374 3819 507 3878 sanctum,
522 3811 614 3867 multis
629 3811 828 3882 scripturarum
840 3810 1000 3868 testimoniis
1050 3825 1120 3883 erat,
1140 3825 1168 3874 ot
1181 3817 1260 3889 longo
1271 3827 1332 3889 post
1344 3828 1463 3891 tempore
1486 3820 1577 3875 lutura
1603 3820 1752 3889 possessio,
1780 3835 1839 3890 quae

212 3902 438 3972 comprobamus:
453 3903 596 3973 dequibus
613 3903 707 3960 saltem
732 3917 818 3973 pauca
839 3903 999 3975 potuissem,
1051 3915 1126 3962 tanta
1146 3908 1266 3964 eustoaba
1295 3911 1464 3976 serrabamr,
1485 3926 1519 3966 ne
1540 3911 1584 3966 vel
1605 3909 1672 3965 ioris
1696 3911 1839 3981 emptionis

213 3996 264 4052 nisi
282 3995 398 4051 otiosum
416 4003 488 4050 esset
510 3996 617 4060 dooere,
639 4009 699 4065 quae
716 4001 865 4050 notasuot.
891 3993 921 4049 ln
949 3995 1001 4051 boo
1051 3994 1112 4049 libri
1126 3997 1206 4066 positi
1232 4005 1355 4067 paterent
1369 3999 1479 4069 rapine,
1502 3999 1546 4054 rel
1566 4000 1648 4055 bomo
1662 4000 1763 4054 conditi
1791 4000 1839 4053 bu·

217 4086 299 4157 igitur
314 4100 426 4141 numero
441 4085 596 4156 apropbeta
616 4092 644 4141 et
656 4083 796 4141 sacerdote
817 4083 917 4138 emitur
936 4099 1001 4155 pos·
1051 4101 1126 4142 more
1149 4094 1228 4143 terrae
1253 4088 1432 4146 solverentur.
1465 4090 1522 4145 lloc
1538 4101 1628 4146 autem
1654 4099 1741 4145 totum
1761 4089 1792 4143 dt
1812 4097 1840 4142 ut

212 4178 306 4245 sessio,
325 4176 505 4247 scribiturque
517 4176 544 4231 in
563 4175 632 4231 libro
647 4181 729 4245 atque
739 4172 871 4244 signatur,
884 4183 912 4229 et
922 4174 999 4229 adbi-
1051 4178 1199 4251 intelligant
1218 4179 1265 4249 qui
1283 4181 1420 4247 sidebant,
1435 4195 1541 4236 narsum
1564 4180 1740 4236 habitandam
1761 4178 1837 4234 Jeru-

212 4268 310 4323 bentur
327 4274 419 4332 testes,
434 4274 627 4337 argentumque
636 4265 778 4337 diligenter
790 4265 958 4336 appenditur,
971 4273 1002 4320 ιιι
1050 4268 1147 4332 salem,
1165 4279 1193 4325 et
1203 4268 1377 4339 possidendos
1391 4286 1482 4344 agros,
1497 4285 1565 4341 quos
1575 4269 1639 4325 licet
1662 4270 1763 4339 absque
1783 4283 1839 4322 ser·

212 4357 304 4412 omnia
328 4356 490 4412 venditionis
515 4366 543 4411 et
560 4354 704 4427 emptionis
716 4354 778 4425 iura
799 4363 950 4421 serventur,
973 4364 1001 4411 et
1052 4375 1133 4416 mone
1149 4359 1273 4416 ieremias
1287 4360 1437 4418 debuerant
1458 4375 1506 4432 per
1521 4375 1551 4416 se
1565 4360 1725 4432 intelligere,
1752 4368 1839 4414 tamen

213 4448 249 4500 sit
272 4453 345 4502 certa
366 4447 500 4517 possessio
522 4446 738 4517 stipulationibus
761 4455 789 4503 et
812 4448 1002 4518 sponsionibus
1017 4449 1159 4559 DDomini
1171 4451 1342 4506 sermonibus
1351 4460 1564 4514 commonentur,
1576 4459 1605 4504 et
1615 4449 1715 4505 dicitur
1724 4448 1760 4504 ad
1772 4461 1838 4503 eos:
1858 4508 1866 4532 Ι

214 4537 350 4592 roborata.
375 4536 424 4594 llel
442 4537 493 4593 boe
509 4539 618 4594 audiant
636 4540 683 4610 qui
696 4539 762 4594 laisa
777 4547 950 4606 testamenta,
973 4549 1002 4595 et
1056 4535 1150 4595 ibaeo
1177 4540 1242 4595 dicit
1264 4540 1395 4595 Dominus
1421 4541 1599 4602 exercituum,
1635 4539 1707 4594 Deos
1737 4536 1837 4593 lsrael:

214 4627 348 4683 interdum
362 4641 396 4682 ne
417 4635 578 4684 testamenta
595 4629 703 4698 quidem
727 4629 1003 4687 sibiadbibitistesti·
1053 4631 1141 4686 adhuc
1170 4630 1378 4699 possidebuntur
1409 4629 1505 4685 domus
1527 4637 1555 4683 et
1578 4628 1634 4697 agri
1654 4635 1681 4682 et
1706 4628 1791 4682 sirica
1815 4626 1841 4682 iu

214 4721 264 4777 bus
280 4719 419 4776 vindicare
431 4729 573 4777 conantur.
1052 4727 1124 4775 terra
1140 4718 1200 4773 ista.
1229 4738 1239 4772 t
1274 4718 1330 4774 lloc
1351 4727 1392 4774 est
1418 4716 1481 4773 illud
1502 4718 1574 4788 quod
1585 4716 1718 4774 ieremias
1742 4716 1840 4772 dudum

251 4827 262 4860 ι
285 4808 319 4865 Et
335 4808 396 4865 dedi
417 4808 515 4865 librum
533 4811 712 4882 possessionis
722 4810 829 4869 Barueb
843 4812 898 4870 lilio
916 4812 1000 4880 Neri,
1053 4810 1159 4865 dixerat
1173 4823 1209 4864 :a
1234 4809 1354 4866 intellexi
1369 4808 1481 4864 verbum
1495 4824 1555 4865 esse
1578 4806 1697 4871 Domini,
1719 4826 1728 4859 t
1750 4815 1779 4861 et
1803 4807 1843 4861 id·

217 4920 226 4952 ι
248 4900 295 4955 blii
323 4898 443 4966 blaasiae,
469 4898 497 4956 in
520 4899 605 4957 oeulis
622 4901 770 4958 Anamebcl
791 4902 919 4974 patruelis
938 4904 1001 4969 mei,
1054 4901 1127 4957 circo
1145 4900 1211 4957 emit
1223 4915 1317 4971 agrum
1330 4915 1409 4970 qoem
1426 4913 1601 4969 possessurus
1612 4913 1665 4952 non
1680 4904 1748 4952 erat.

217 5013 225 5043 ι
249 4999 277 5046 et
290 4991 316 5046 in
326 4989 412 5047 ocobs
426 4988 534 5046 testium
558 4990 604 5061 qui
616 4991 710 5062 scripti
723 5001 810 5060 erant,
825 4991 851 5047 in
864 4992 934 5049 libro
946 5009 1003 5050 cm·
1094 5012 1104 5044 a
1130 4992 1165 5048 Et
1177 4992 1294 5047 oraviad
1308 4991 1462 5054 Dominum,
1483 4999 1625 5060 postquam
1638 4988 1735 5041 tradidi
1746 4987 1844 5041 librunr

220 5097 228 5134 ι
251 5081 360 5149 ptionis,
374 5080 401 5135 io
416 5078 502 5136 oeulis
516 5079 636 5135 omniurn
645 5078 797 5137 tansorna
810 5081 856 5151 qui
872 5083 1003 5139 sedebant
1058 5103 1068 5137 r
1089 5085 1267 5156 possessionis
1281 5083 1386 5139 Darucb
1400 5083 1455 5138 lilio
1475 5083 1548 5148 Neri,
1570 5082 1662 5137 dicens
1676 5096 1684 5135 ι
1697 5080 1761 5141 lren,
1782 5077 1843 5138 ben,

219 5188 229 5224 ι
252 5170 359 5226 inatrio
372 5169 501 5226 carueris.
523 5188 533 5223 ι
559 5167 719 5240 Quanquam
741 5170 832 5226 statim
851 5180 925 5227 esset
941 5185 1003 5241 pos-
1058 5193 1068 5226 ‹
1091 5175 1153 5241 beu,
1175 5174 1287 5230 Domine
1308 5173 1380 5229 Deus
1403 5173 1466 5246 (sire
1484 5173 1530 5242 qui
1543 5187 1584 5237 es,
1606 5170 1729 5234 Domine,
1752 5169 1843 5238 Deus).

215 5261 301 5317 sessio
315 5259 501 5329 relinquenda,
520 5260 575 5314 imo
595 5258 708 5316 emenda
729 5260 854 5331 posteris,
875 5270 903 5316 et
923 5262 957 5316 ab
970 5277 1004 5316 eo
1058 5281 1068 5313 ι
1089 5278 1153 5318 ecoe
1171 5272 1200 5317 tu
1213 5261 1301 5317 iecisti
1314 5261 1411 5318 coelorn
1423 5271 1451 5317 et
1464 5270 1564 5317 terram
1587 5260 1614 5315 io
1629 5258 1787 5314 lorntodine
1801 5266 1845 5310 tua

216 5350 338 5416 eruenda,
369 5349 417 5418 qui
432 5349 501 5406 lilios
513 5365 565 5405 non
581 5349 719 5405 babebat:
735 5351 906 5421 nequeenim
932 5366 999 5406 uxo·
1058 5374 1068 5406 t
1097 5369 1206 5426 magna,
1235 5363 1263 5410 et
1276 5354 1304 5409 in
1315 5353 1426 5410 brachio
1447 5363 1493 5408 tuo
1511 5359 1621 5407 extento
1639 5349 1702 5422 (sive
1716 5345 1844 5416 excelso).

218 5454 273 5494 reat
285 5446 445 5510 acceperat:
462 5447 550 5494 mmeo
564 5438 692 5496 obediens
703 5440 816 5512 imperio
830 5442 934 5497 Domini
944 5457 1003 5496 om·
1059 5462 1069 5496 ι
1091 5459 1145 5499 non
1158 5444 1210 5499 erit
1224 5443 1271 5498 tibi
1285 5442 1391 5499 difficile
1418 5442 1480 5513 (sire
1497 5439 1672 5513 impossibile)
1693 5454 1772 5494 omne
1783 5453 1845 5491 scr·

219 5525 262 5580 nia
280 5528 332 5583 rite
350 5527 488 5582 celebrat:
513 5527 702 5598 signatumque
719 5527 816 5583 librum
826 5530 1003 5599 possessionis
1059 5552 1068 5585 a
1092 5532 1154 5586 bum
1177 5531 1227 5602 (uel
1243 5532 1324 5601 juata
1346 5529 1548 5601 Septooqintoiz
1580 5527 1651 5583 Nihil
1667 5527 1739 5599 apud
1759 5534 1784 5580 te
1804 5533 1846 5578 est

220 5613 266 5668 dut
278 5613 383 5688 baruch
398 5613 451 5669 litio
462 5613 536 5680 Neri,
548 5613 604 5669 lilio
623 5616 738 5673 blansiae.
755 5617 860 5674 Baruclt
872 5619 901 5674 in
914 5619 1003 5691 lingna
1061 5642 1070 5674 ι
1090 5620 1285 5685 absconditam,
1309 5620 1354 5690 qni
1368 5621 1434 5675 lacis
1450 5618 1663 5676 misericordiam
1674 5615 1702 5669 in
1722 5614 1844 5673 millibus,

217 5708 311 5763 bostra
335 5702 481 5757 benedictus
503 5702 611 5769 dicitur,
634 5708 753 5776 quierat
771 5707 842 5764 sslius
858 5708 932 5776 Neri,
959 5712 1004 5780 qul
1062 5721 1119 5768 ‹ct
1142 5712 1231 5767 reddis
1254 5710 1423 5779 iniquitatem
1457 5718 1564 5780 patrum
1592 5724 1618 5762 ιιι
1645 5707 1704 5760 sinu
1732 5703 1845 5758 Dliormo
