4042 6200
168 375 238 434 tica
615 381 795 441 expositio
814 384 928 442 SUPER
946 383 1130 447 tuhhitistt.
1150 422 1185 432 -
1204 391 1267 446 biit.
1288 389 1345 446 xi.
1724 392 1795 448 lite

166 504 276 545 carmen
287 488 503 564 ejus(itu.1tv).
519 493 710 551 »Philistbtcos
724 504 825 562 autem,
836 505 956 567 utsupra
971 498 995 559 A
1008 500 1036 554 in
1048 501 1147 557 coelum
1161 501 1347 556 ascensionem
1359 516 1457 565 meant,
1476 500 1521 570 qui
1538 516 1603 556 roco
1618 516 1702 570 aquas
1713 503 1797 557 maris

166 580 284 636 diximus
299 581 458 640 Palaestinos
473 584 618 655 signiticat,
633 601 700 656 quos
714 586 879 656 alienigenas
898 589 958 642 vui·
1007 601 1035 645 ct
1045 590 1153 647 eiinndo
1171 605 1217 645 cas
1232 606 1314 659 snper
1334 590 1430 644 iacicm
1445 600 1533 655 terne,
1553 590 1629 659 ertjos
1644 607 1740 645 notiaco
1754 601 1797 646 cst

165 680 226 739 gata
250 671 345 727 scribit
366 674 459 747 editio,
481 689 543 730 eum
557 672 610 731 hoc
630 691 683 731 non
705 676 786 732 unius
799 676 896 747 gentis,
909 675 956 732 scd
1007 680 1146 747 Dominus,
1160 681 1204 751 qui
1225 689 1332 735 creator
1346 695 1406 734 snm
1426 680 1556 744 omnium,
1573 689 1684 735 cunctas
1703 690 1796 752 gentes

165 761 287 816 omnium
308 771 483 818 externarum
509 766 627 834 gentium
652 765 813 821 vocabulum
836 764 882 820 sii.
906 764 955 828 Ne.
1007 771 1041 826 de
1055 773 1149 827 colem
1162 771 1226 825 irrisi
1241 771 1308 834 luto,
1330 780 1357 824 et
1369 770 1464 841 aquai
1478 779 1551 825 sorte
1564 770 1700 840 generavi.
1717 771 1796 825 iloni·

166 851 263 922 inquit,
277 852 379 910 leteris
391 870 408 911 o
420 856 586 922 Philistina,
599 872 633 912 ne
648 857 760 913 insultes
771 858 870 928 populo
884 872 956 923 meo,
1007 876 1060 930 qne
1086 858 1240 929 AEtbiopes‚
1266 858 1435 925 Palaestinos,
1456 857 1550 931 Syros,
1573 868 1654 928 atque
1676 857 1795 921 iudaeos,

165 943 238 1012 quod
252 945 420 1013 percussoris
435 947 474 1002 tui
489 945 666 1019 Acbazrirga
680 946 817 1003 confracta
828 947 873 1011 sit,
886 947 957 1018 quod
1007 949 1139 1004 distantes
1165 949 1232 1004 locis
1253 956 1333 1019 atque
1358 950 1517 1019 corporibus
1542 949 1712 1006 mortaiitatis
1738 949 1796 1019 iege

167 1033 289 1100 hacuios,
312 1035 358 1106 qui
380 1044 407 1093 te
429 1034 512 1093 lerire
533 1037 629 1094 solitus
640 1046 710 1105 erat,
728 1038 851 1093 rideatur
871 1046 958 1094 morte
1007 1040 1121 1105 sociavi,
1138 1049 1165 1096 et
1185 1055 1236 1111 pro
1251 1040 1364 1095 arbitrio
1379 1055 1439 1095 meo
1457 1055 1550 1097 servos
1564 1055 1638 1095 uicos
1653 1041 1705 1095 hnc
1720 1039 1795 1093 ilinc·

166 1125 311 1194 contritus,
336 1129 408 1198 quod
432 1128 543 1185 coluber
565 1128 736 1194 interiectus,
756 1144 805 1199 pro
819 1129 871 1184 boc
884 1128 957 1184 enirn
1007 1144 1061 1200 que
1073 1139 1219 1194 commuto,
1229 1136 1257 1183 et
1268 1128 1409 1183 universas
1419 1129 1572 1198 provincias
1585 1128 1731 1194 transiero,
1747 1143 1797 1181 occ

167 1215 311 1272 nocentior
331 1218 455 1273 nascitur
475 1219 606 1275 Ezechias
628 1218 747 1290 regulus,
770 1234 849 1289 qoem
870 1218 957 1275 Graeci
1007 1218 1143 1291 erigimini
1159 1218 1186 1272 in
1200 1217 1364 1288 superbiam,
1382 1217 1453 1288 quod
1468 1232 1516 1272 ros
1528 1215 1686 1289 deAEgypto
1698 1218 1796 1272 edure-

167 1314 267 1360 vocant
277 1306 437 1378 βασῡίσκον,
458 1309 503 1379 qni
519 1317 546 1364 te
559 1324 608 1364 suo
621 1318 731 1379 aspectu
752 1308 908 1374 interliciat,
929 1317 958 1365 et
1007 1308 1073 1372 rim,
1094 1316 1121 1363 et
1134 1307 1211 1376 quasi
1224 1305 1388 1377 peculiarem
1410 1304 1537 1378 populum
1553 1321 1642 1361 meum
1660 1305 1796 1361 Pharaoni

166 1394 265 1465 spiritu
288 1395 344 1450 oris
369 1397 485 1452 occidat.
512 1395 620 1453 Portam
634 1405 714 1451 vocat
727 1411 776 1467 pro
795 1397 848 1462 his,
861 1397 907 1466 qui
928 1397 956 1452 in
1007 1398 1110 1455 servire
1132 1413 1185 1453 non
1200 1412 1296 1468 passus
1309 1413 1368 1453 sum
1387 1398 1462 1453 :hoc
1475 1397 1546 1451 idem
1566 1396 1617 1452 leci
1630 1404 1659 1451 et
1675 1396 1796 1451 Palaesti-

166 1494 247 1556 porta
261 1495 334 1552 sunt,
351 1494 379 1542 et
401 1487 537 1544 civitatem
557 1503 607 1559 pro
620 1486 817 1542 habitatoribus
827 1487 955 1551 civitatis,
1006 1490 1061 1555 nis,
1076 1504 1145 1559 quos
1159 1488 1335 1560 Septuaginta
1351 1487 1511 1559 alienigenos
1526 1486 1737 1550 transtulerunt,
1750 1486 1799 1555 qui

167 1589 376 1646 sermonemque
397 1576 491 1648 dirigit
514 1577 548 1633 ad
568 1576 649 1633 urbes
667 1576 872 1632 Palestinorum
886 1575 958 1646 quod
1007 1578 1139 1635 Hebraico
1158 1579 1328 1650 appellantur
1340 1588 1439 1645 πιτιι),
1462 1587 1492 1634 ιιι
1509 1578 1684 1634 transferrem
1698 1593 1745 1633 eos
1763 1580 1798 1632 de

166 1659 269 1729 ejulate
291 1663 416 1733 dssbfflssh
428 1673 456 1720 θῑ
473 1664 565 1735 lilim
586 1665 737 1721 lessiessissm
759 1663 956 1730 Sennacherib,
1006 1670 1176 1743 Cappadocia
1190 1678 1218 1726 ct
1239 1671 1265 1725 in
1282 1670 1432 1725 Palaestinae
1447 1669 1602 1741 regionibus
1622 1668 1795 1724 collocarem.

166 1760 195 1809 et
209 1753 338 1809 torrentis
348 1754 428 1810 modo
441 1764 537 1811 cuncta
552 1764 713 1811 vastantem.
729 1754 785 1811 Sub
804 1769 869 1826 rege
884 1755 955 1810 eninr
1008 1743 1222 1840 Syros‘qnoqoe,
1242 1766 1269 1821 id
1280 1774 1332 1832 est,
1345 1773 1433 1826 :atti
1448 1763 1571 1820 transtuli
1585 1764 1619 1819 de
1631 1761 1747 1835 Cyrene,
1762 1777 1795 1816 ex

166 1843 284 1898 Etecbia
305 1844 381 1899 venit
401 1843 529 1918 Assyrius
552 1846 625 1902 inter
649 1855 762 1902 ceteras
787 1845 910 1900 nationes
930 1852 957 1900 et
970 1839 993 1899 B
1007 1874 1060 1928 qno
1075 1859 1136 1928 quia
1151 1857 1248 1927 aequali
1263 1856 1416 1912 conditione
1426 1863 1489 1911 sunt
1500 1854 1575 1921 lacti,
1585 1853 1680 1923 aeqoaii
1693 1851 1798 1922 judicio

166 1936 283 1991 iisiiiii
299 1935 480 2003 Philistbiim,
496 1938 530 1992 id
549 1953 618 2009 (1⁰⁰⁵
636 1953 708 1992 ¹¹¹¹¹i0
726 1935 857 1992 'eremias
869 1934 957 2006 Ῑθιιῑιῑ·
1007 1962 1067 2000 mca
1087 1945 1219 2000 sententia
1236 1946 1390 2014 punientur,
1410 1951 1436 1998 ct
1460 1944 1551 1998 omnia
1570 1943 1673 2013 absque
1691 1942 1796 1997 discre-

167 2036 235 2083 tur:
261 2047 271 2081 ι
286 2028 358 2086 Ecce
373 2044 451 2100 aque
467 2031 615 2086 ascendent
632 2031 666 2086 ah
680 2029 816 2102 aquilone,
829 2038 857 2086 et
875 2036 957 2085 erunt
1007 2037 1080 2092 tione
1095 2050 1273 2107 personarum
1287 2036 1368 2105 impia
1383 2050 1465 2106 regna
1480 2035 1648 2090 subvertam.

166 2116 245 2187 iliis}
260 2125 367 2173 ῑθῐῐθῐιῦ
384 2117 530 2185 inundans»
544 2127 571 2174 θῑ
581 2119 704 2190 operient
716 2129 815 2173 terram
832 2126 861 2173 0²
871 2117 958 2188 Pleni·
1045 2146 1055 2178 ι
1073 2125 1152 2181 Venit
1175 2124 1311 2182 calvitium
1331 2140 1412 2196 snper
1434 2123 1546 2190 Gazam,
1566 2123 1697 2180 conticuit
1709 2124 1797 2179 Asca·

169 2210 292 2267 tudinem
320 2210 398 2283 ejus,
416 2211 512 2267 urbem
535 2219 564 2266 et
585 2211 751 2266 habitatores
776 2209 857 2264 iilius.
884 2207 957 2264 »Ab
1009 2235 1019 2267 ι
1041 2215 1098 2283 ion,
1120 2224 1146 2270 et
1160 2214 1367 2286 reliquerahes
1381 2230 1485 2270 earum.
1505 2214 1605 2271 »Gaza
1627 2226 1656 2269 et
1678 2214 1796 2271 Ascalon

167 2301 295 2373 aquiline
317 2303 390 2359 essim
414 2303 488 2358 Vinii
509 2302 655 2374 Asillius,
677 2309 704 2356 ei
722 2302 756 2358 de
781 2299 841 2371 ejus
859 2299 958 2356 ardore
1006 2307 1142 2378 quondam
1164 2307 1246 2361 urbes
1263 2304 1338 2361 lucre
1353 2305 1515 2370 Palaestinae,
1538 2305 1571 2360 de
1585 2304 1704 2375 quinque
1721 2305 1797 2359 urbi·

166 2394 343 2464 egredientur
352 2392 466 2449 Niniven
476 2404 505 2449 et
518 2394 641 2449 nationes
650 2401 763 2450 caeteras
771 2392 955 2464 subjugantes.
1006 2397 1056 2452 bus
1066 2394 1288 2450 Philisthiuonrm
1299 2394 1452 2465 praecipuis.
1463 2393 1537 2450 Gaza
1548 2394 1689 2449 eninrerat
1699 2393 1803 2449 civitas

167 2484 208 2540 Eo
225 2493 346 2555 tempore
358 2500 413 2555 quo
425 2485 483 2541 haec
497 2487 675 2552 canebantur,
691 2485 781 2541 lomus
794 2485 957 2541 ascendebat
1006 2485 1182 2552 Heraeorum,
1200 2485 1295 2556 inqua
1315 2486 1471 2541 habitavere
1486 2483 1658 2555 Cappadoces
1675 2484 1798 2555 pristinis

165 2576 353 2645 inexcclsum,
366 2578 393 2633 id
406 2586 460 2645 cst,
474 2593 567 2633 rumor
578 2579 605 2634 io
619 2577 725 2650 populis
736 2578 887 2650 vagabatur
907 2592 956 2648 per
1006 2575 1154 2631 cultoribus
1171 2574 1331 2631 interiectis.
1354 2575 1432 2645 Apud
1452 2583 1560 2630 veteres
1581 2582 1641 2630 erat
1663 2575 1800 2631 terminos

164 2667 288 2725 ordinent
313 2678 472 2725 cunctarum
495 2670 614 2734 urbium,
634 2669 776 2725 Phoenices
802 2684 908 2740 quoque
928 2675 958 2723 ct
1006 2664 1219 2721 chananaeorum
1230 2662 1307 2732 juxta
1322 2662 1478 2733 AEgyptom,
1490 2663 1642 2734 ceciditque
1654 2663 1680 2718 in
1696 2672 1799 2720 sortctn

164 2758 323 2817 Palestinos
345 2777 406 2817 esse
422 2760 577 2817 vastandos.
597 2760 661 2816 Sive
674 2776 751 2831 aquae
774 2760 956 2816 ascendebant
998 2757 1094 2827 ,trihus
1106 2754 1192 2821 iudae,
1208 2755 1326 2810 sedeam
1343 2762 1436 2810 tenere
1454 2770 1507 2810 non
1525 2755 1623 2825 potuit,
1647 2756 1710 2825 qnia
1726 2755 1797 2811 Ena·

166 2852 244 2923 quasi
276 2860 384 2908 torrens
412 2851 566 2917 inundans,
597 2859 625 2908 et
647 2851 806 2922 operiebant
830 2858 955 2913 terram,
1007 2844 1126 2909 cbim,id
1136 2851 1179 2899 est
1189 2844 1310 2916 gigantes
1321 2843 1524 2916 Aiiophyiorum
1534 2844 1680 2900 lortissime
1689 2845 1798 2902 restite·

167 2941 276 3012 quando
292 2942 382 3014 popuii
401 2940 575 3012 Assyriorum
589 2948 722 2997 eteorum
733 2940 780 3011 qui
794 2954 885 2996 sccunr
897 2938 955 2994 iae-
1007 2945 1081 2992 rnnt.
1096 2937 1129 2991 Et
1144 2946 1283 3007 estusque
1301 2937 1381 2992 hodie
1396 2937 1508 3009 insignis
1520 2937 1618 2993 civitas
1634 2935 1796 2992 Palaestine.

168 3040 240 3099 rant,
255 3031 354 3104 impetu
371 3032 460 3088 valido
477 3031 695 3103 conquassabant
715 3040 817 3088 terram
837 3030 957 3086 Palesti·
1007 3027 1539 3099 Queritoramemquomoioinqiiouam
1551 3027 1681 3099 propbeta
1693 3028 1799 3083 dicatur

168 3139 284 3178 norum:
301 3123 376 3180 iinde
387 3133 415 3180 et
429 3124 563 3194 sequitur.
905 3107 912 3119 ’
1007 3121 1080 3178 Gaza
1094 3121 1183 3178 sutura
1195 3122 1222 3177 in
1232 3119 1366 3176 tumulum
1376 3120 1581 3192 sempiternum.
1594 3117 1671 3187 Quod
1683 3118 1799 3175 solvitur

206 3232 217 3267 ι
238 3213 397 3272 Clamabunt
412 3214 545 3282 homines,
558 3214 808 3272 ctuiulahitomnis
820 3181 993 3272 habitatorC
1008 3213 1045 3270 ita
1068 3231 1075 3269 z
1096 3213 1221 3282 Antiquae
1243 3211 1362 3267 civitatis
1382 3210 1473 3267 iocum
1491 3211 1536 3265 rix
1560 3209 1797 3265 londanreutonrm

171 3326 181 3359 ι
205 3317 284 3362 terrae
299 3322 313 3361 a
333 3307 447 3376 strepitu
469 3321 573 3377 pompa
586 3321 724 3363 armorum
747 3316 775 3362 ct
795 3306 957 3363 bellatorum
1008 3305 1130 3377 praebere
1142 3304 1257 3375 vestigia
1272 3320 1279 3357 :
1295 3302 1366 3358 hanc
1378 3293 1467 3358 autem
1480 3317 1541 3372 quae
1553 3315 1625 3356 nune
1638 3301 1759 3356 cernitur
1770 3301 1798 3356 in

171 3418 181 3450 ι
203 3397 271 3469 ejus,
289 3412 306 3454 a
327 3397 509 3456 commotione
522 3396 714 3469 quadrigarum
733 3396 802 3468 ejus,
818 3405 873 3456 eta
888 3397 958 3452 mul·
1007 3396 1061 3451 aiio
1082 3394 1142 3451 loeo
1163 3410 1213 3466 pro
1231 3393 1286 3458 iiia,
1302 3407 1363 3463 quse
1383 3394 1496 3459 corruit,
1515 3391 1686 3448 ediileatam.
1701 3389 1754 3446 Sed
1771 3398 1800 3446 et

171 3508 181 3539 ι
204 3488 317 3544 titudine
340 3496 461 3543 rotarum
485 3487 567 3543 iliius.
582 3486 641 3543 Nou
665 3495 843 3558 respexerunt
865 3497 956 3559 patres
1007 3485 1122 3542 Ascalon
1143 3487 1208 3541 urbs
1227 3485 1326 3541 nobilis
1347 3483 1507 3549 Palestinae,
1526 3499 1587 3555 quae
1605 3491 1633 3540 et
1651 3484 1710 3554 ipsa
1729 3484 1799 3538 anti-

173 3597 182 3629 ι
205 3576 274 3632 filios
286 3577 411 3638 manibus
423 3575 570 3641 dissolutis,
587 3591 637 3646 pro
652 3577 769 3632 adventu
784 3576 848 3642 diei,
864 3576 890 3632 in
904 3592 957 3646 quo
1007 3581 1099 3649 quitus
1115 3595 1168 3634 una
1184 3578 1236 3634 luit
1253 3578 1287 3633 de
1308 3578 1427 3649 quinque
1447 3577 1564 3648 satrapis
1583 3576 1796 3649 Aliopbyiorom,

171 3685 181 3718 ι
204 3666 354 3722 vastabitur
363 3666 450 3722 omnis
460 3664 635 3732 Philistbiim,
646 3673 674 3721 et
684 3664 860 3736 dissipabitur
870 3664 957 3738 Tyrus
1007 3678 1132 3741 separata
1142 3670 1250 3741 quidem
1262 3684 1311 3741 per
1323 3680 1423 3726 sortem
1438 3670 1518 3726 tribui
1541 3667 1626 3735 lude,
1642 3684 1692 3725 nec
1706 3680 1796 3724 tarrren

171 3763 230 3811 iet
254 3755 336 3813 Sidon
361 3771 423 3812 cum
445 3756 571 3813 omnibus
593 3756 705 3827 reliquis
725 3756 833 3812 auxiliis
862 3757 954 3812 suis.»
1007 3771 1114 3819 retenta
1137 3764 1170 3817 ab
1190 3777 1232 3827 ea,
1258 3762 1321 3832 quia
1335 3762 1503 3817 habitatores
1526 3759 1585 3830 ejus
1599 3775 1728 3831 superare
1743 3776 1798 3814 troo

167 3847 293 3920 (bannos
305 3847 315 3920 )
329 3847 444 3904 Grandis
467 3849 539 3905 enim
553 3847 671 3905 ululatus
694 3859 773 3905 terrae
793 3849 956 3906 Philistbiim
1006 3854 1104 3924 potuit.
1122 3853 1209 3925 Super
1221 3854 1271 3910 has
1294 3854 1420 3909 civitates
1434 3852 1509 3908 venit
1520 3851 1660 3926 calvitium
1686 3861 1714 3907 et
1733 3852 1799 3905 taci-

167 3936 260 4006 iuerit,
273 3939 382 4009 quando
398 3939 544 4011 unicuique
561 3955 634 3997 mors
653 3940 824 4007 imminebat,
844 3956 895 3997 nec
908 3940 957 3996 uili
1008 3946 1125 4000 turnitas
1148 3946 1282 4011 maxima,
1307 3946 1371 4016 quia
1395 3942 1517 4015 spoliatae
1539 3952 1604 3998 sunt
1621 3943 1749 4013 operibns
1772 3952 1801 3998 et

166 4029 245 4085 licuit
260 4029 371 4086 alterius
383 4043 477 4085 curam
491 4044 595 4102 gerere,
609 4046 671 4087 curn
690 4029 777 4087 hostis
791 4030 818 4085 in
836 4030 958 4103 singulo-
1007 4034 1187 4091 roborevirili
1209 4036 1331 4107 private.
1352 4034 1469 4105 ideoque
1488 4034 1606 4094 cessavit
1629 4032 1664 4088 ah
1684 4033 1725 4091 eis
1748 4048 1801 4088 rox

166 4136 227 4175 runt
237 4135 304 4178 neec
314 4122 498 4194 grassabatur,
511 4130 539 4176 et
550 4122 677 4193 strepitus
689 4137 826 4177 armornm
837 4129 863 4177 ct
875 4120 957 4177 belia·
1007 4126 1108 4199 gaudii,
1123 4133 1150 4181 et
1163 4142 1214 4182 vox
1230 4126 1338 4190 laetitiae,
1351 4126 1589 4197 perseveravitque
1601 4141 1663 4181 cum
1676 4125 1716 4181 eis
1731 4140 1800 4180 mcc·

167 4221 257 4267 torum
270 4210 329 4282 ejus
343 4219 425 4282 atque
443 4211 634 4285 quadrigarum
658 4213 763 4269 sonitus
785 4227 878 4268 vocem
898 4211 958 4282 pio-
1007 4231 1054 4271 ror
1066 4216 1220 4273 continuus.
1236 4216 1264 4271 in
1282 4216 1481 4273 uitioncautem
1494 4233 1575 4289 quam
1589 4218 1720 4288 propheta
1733 4231 1803 4289 prte-

166 4304 284 4360 rantiunt
307 4312 449 4376 superaret
469 4305 497 4360 in
518 4305 634 4360 adventu
655 4304 707 4360 diei
725 4320 778 4377 quo
800 4304 957 4360 vastabatur
1008 4305 1076 4361 dixit
1093 4323 1175 4378 super
1197 4307 1355 4363 Palaestinos
1368 4316 1396 4363 ct
1416 4308 1496 4364 orbes
1518 4308 1588 4379 ejus,
1609 4307 1726 4362 loturam
1741 4307 1800 4379 pia·

165 4394 958 4467 omnisPhilisthiitn.QtrodautemdicitziyrumctSido-
1007 4413 1069 4469 garn
1100 4396 1254 4468 signifieat,
1283 4413 1343 4468 que
1369 4407 1564 4469 superventura
1598 4407 1640 4456 est
1663 4399 1799 4455 haereticis

167 4505 229 4545 nent
243 4489 269 4545 in
282 4488 375 4544 cadent
390 4486 467 4543 clade
476 4486 620 4557 dissipatas
633 4501 641 4539 t
658 4485 776 4541 ostendit
790 4485 862 4556 ipsas
874 4485 956 4541 urbes
1008 4496 1090 4559 atque
1111 4487 1301 4552 schismaticis,
1317 4497 1346 4544 ct
1364 4489 1469 4544 ermetis
1490 4488 1614 4545 hostibus
1635 4494 1735 4544 sancte
1749 4488 1798 4543 ilci

165 4580 201 4635 ad
215 4578 418 4633 Palestinorum
433 4577 568 4648 pertinere
584 4576 749 4631 consortium
766 4594 773 4629 ι
788 4574 852 4631 iicet
868 4575 956 4649 'igrus
1008 4574 1147 4641 Ecclesiae,
1160 4576 1205 4646 qui
1217 4591 1266 4647 pro
1278 4591 1311 4631 eo
1325 4575 1397 4646 quod
1410 4563 1535 4632 lldciibirs
1544 4575 1645 4632 Christi
1659 4576 1799 4632 confesso·

165 4670 194 4725 in
211 4676 312 4725 sortem
326 4668 551 4725 ceciderittrihus
563 4665 746 4736 Nephthaiim,
761 4674 789 4722 et
805 4665 888 4722 Sidon
898 4675 955 4722 ter·
1009 4668 1085 4724 ribus
1106 4676 1325 4738 praeparaverunt
1345 4667 1469 4735 insidias,
1484 4667 1655 4740 ingesserunt
1672 4667 1753 4734 bella,
1771 4676 1801 4723 et

165 4759 256 4814 minus
278 4759 491 4814 chananaeorum
514 4759 548 4813 ad
574 4765 675 4812 sortem
699 4757 847 4826 pertineret
869 4757 957 4813 tribus
1005 4761 1150 4816 incentore
1170 4760 1276 4816 diabolo
1302 4761 1386 4816 muita
1405 4760 1555 4817 intulerunt
1578 4762 1797 4833 persecutionum

165 4849 244 4914 Aser,
257 4848 304 4904 sed
318 4864 371 4904 non
384 4863 444 4904 earn
459 4848 590 4919 possedit,
605 4846 670 4918 quia
680 4847 774 4903 hostes
784 4861 955 4919 nequaquam
1009 4866 1119 4924 genera,
1133 4851 1166 4907 ad
1179 4859 1331 4907 extremum
1346 4852 1395 4922 ipsi
1410 4852 1532 4910 hostibus
1550 4854 1692 4909 tradentur
1706 4852 1799 4908 sacris·

166 4936 251 4992 valuit
265 4937 409 5007 expellere.
1009 4941 1096 5006 simis,
1109 4949 1137 4997 et
1150 4943 1240 5012 potius
1258 4942 1436 5013 subjicientur
1454 4945 1600 5015 perpetuis.
1615 4943 1799 5015 iuterpretan·

206 5043 216 5077 ·
238 5025 419 5098 Beronibus
432 5027 556 5083 ostentm
570 5025 699 5082 hominus
709 5023 877 5091 Palaestinos,
894 5026 958 5082 rei-
1006 5041 1052 5088 tur
1063 5034 1135 5088 emm
1145 5033 1292 5090 Puttrsmaet
1303 5036 1438 5102 canentes,
1452 5036 1540 5107 Tyros
1556 5035 1697 5107 angustia,
1712 5033 1797 5091 sinon

168 5115 247 5186 quias
262 5116 356 5172 insulas
371 5115 555 5188 cappadocie.
576 5115 803 5172 ›Palaestinosde
816 5116 959 5188 Cappado-
1005 5121 1124 5187 venatio,
1147 5122 1264 5179 Ascalon
1286 5124 1369 5196 ignis,
1390 5122 1463 5179 Gaza
1484 5123 1615 5180 lortitudo
1637 5123 1706 5195 ejus.
1731 5123 1798 5193 Quae

168 5207 212 5263 cia
222 5208 329 5265 venisse
341 5207 424 5265 Amos
444 5210 574 5279 propbeta
589 5216 712 5273 testatur,
726 5208 819 5264 dicens
831 5222 839 5262 ε
859 5225 869 5259 ι
883 5206 958 5263 Nun·
1006 5212 1099 5267 ornnia
1109 5213 1179 5269 hene
1191 5215 1354 5269 conveniunt
1368 5213 1529 5269 antichristo
1545 5223 1573 5268 et
1584 5214 1714 5269 membris
1726 5213 1797 5284 ejus,

168 5296 234 5367 quid
244 5312 298 5353 non
308 5306 339 5352 ut
351 5297 411 5354 flliae
421 5298 578 5370 AEtbiopum
589 5313 637 5353 vos
646 5297 712 5353 estis
722 5297 788 5352 mihi
800 5296 847 5351 hlii
861 5296 955 5363 israel,
1007 5301 1053 5374 qoi
1062 5316 1111 5372 per
1122 5302 1274 5372 superbiam
1285 5303 1313 5357 in
1331 5303 1499 5373 apostasiam
1508 5302 1619 5368 cadens,
1632 5303 1660 5358 in
1672 5302 1797 5374 angustia

169 5391 209 5446 ait
228 5391 378 5449 bominusi
394 5393 513 5464 uunquid
527 5407 580 5448 non
595 5389 677 5447 lsrael
689 5390 835 5446 ascendere
857 5388 909 5446 leci
923 5390 958 5446 dc
1009 5393 1109 5447 mentis
1132 5394 1271 5448 estuando
1294 5393 1464 5448 venationem
1488 5402 1597 5449 exercet
1622 5394 1650 5449 in
1672 5393 1795 5449 mondo:

170 5489 243 5539 terra
255 5483 364 5556 AEgypti
376 5502 383 5539 :
396 5492 423 5541 et
434 5483 592 5540 Palaestinos
601 5483 635 5538 de
644 5480 825 5551 Cappadocia,
836 5489 864 5537 et
875 5481 960 5553 Syrus
1010 5489 1144 5551 quatenos
1157 5496 1333 5553 quoscunque
1346 5482 1433 5552 possit
1448 5483 1481 5538 dc
1502 5482 1623 5539 Ecclesia
1637 5482 1737 5540 Christi
1754 5498 1798 5537 ra-

170 5569 355 5653 deGyreneix
370 5571 471 5644 (Amor.
488 5572 539 5646 tx.)
554 5572 637 5644 Cujus
648 5571 700 5628 ioci
713 5570 774 5626 talis
785 5578 826 5625 est
836 5586 932 5627 sensus
949 5589 957 5626 ι
1009 5572 1103 5644 piatct
1113 5570 1268 5626 interliciat.
1285 5570 1367 5641 Cujus
1390 5570 1519 5628 lortitndo
1533 5572 1604 5645 iguis
1621 5581 1663 5629 est
1678 5570 1798 5638 infantis,

172 5656 229 5730 Ego
252 5660 382 5718 hominus
402 5663 473 5718 ileos
493 5663 662 5733 omnipotens
684 5676 764 5732 quent
788 5660 871 5716 colari
891 5660 960 5717 nihil
1010 5661 1062 5716 hoe
1074 5665 1126 5724 est,
1143 5657 1364 5728 eoncupiscentia
1377 5659 1504 5715 carnaiis.
1518 5658 1596 5716 Unde
1608 5659 1637 5714 in
1660 5657 1728 5713 libro
1748 5659 1799 5712 ioh

173 5757 272 5818 potest,
290 5750 335 5820 qui
350 5762 431 5822 tango
451 5760 550 5808 terram
570 5763 597 5808 et
613 5752 774 5817 movebitur,
790 5752 835 5821 qui
855 5751 959 5810 anvico
1011 5753 1048 5808 ita
1061 5751 1179 5824 iegitur:
1199 5769 1208 5803 ι
1227 5748 1426 5824 iiirtnscjusin
1441 5751 1541 5808 lumbis
1553 5750 1621 5823 eius,
1635 5758 1663 5807 et
1680 5759 1799 5821 potestas
