4042 6200
153 371 227 428 aura
601 368 782 428 usenstmo
802 370 915 428 sonan
933 370 1118 428 ιειιιιιιιιιι.
1137 353 1253 427 -ἰιιι,
1275 370 1342 426 ιιιι.
1714 368 1788 424 sors
1831 343 1835 350 “

151 485 256 541 nubum
272 480 462 539 nenessitatem
476 489 637 537 tmctutunm
653 482 696 537 uel
717 470 855 554 penuriam
868 472 940 553 passi
955 489 978 548 Α
992 483 1063 554 ignis
1085 482 1229 538 studebant
1259 494 1420 537 consumere
1455 479 1589 535 banrma:
1623 481 1732 550 iusuper
1754 493 1789 538 er

151 583 219 632 sunt
234 573 388 637 verborum,
404 571 453 627 sed
464 570 566 637 omnia,
581 578 611 627 nt
624 572 765 642 oportebat
781 581 904 642 prompte
917 580 946 627 et
995 572 1170 643 prophetam,
1185 585 1266 641 poem
1281 584 1330 640 per
1348 570 1463 637 aratiam
1481 569 1610 625 doctrinae
1624 580 1707 640 atque
1723 586 1785 627 εοι·

152 664 236 722 facile
244 677 337 719 noram
352 661 520 717 auditoribus
534 662 601 726 suis,
624 661 742 733 Spiritus
760 663 845 718 mucii
858 662 944 733 pratia
995 663 1126 733 ruptionis
1149 662 1247 719 merito
1272 661 1405 717 bonorare
1429 660 1588 726 debuerant,
1620 660 1788 718 contumelia

152 755 302 817 tribuente,
320 750 445 823 proferre
466 758 602 821 poterant.
627 750 703 808 Unde
716 750 773 821 ipsa
794 750 901 807 Veritus
917 748 945 803 itt
995 752 1102 809 allicere
1113 752 1323 809 contendebant.
1339 752 1373 806 Et
1383 751 1454 807 unde
1468 751 1541 807 honi
1555 752 1606 807 nisi
1622 751 1686 822 quia
1701 753 1787 823 spiri·

151 842 302 916 Evangelio
314 838 453 913 discipulis
479 840 538 896 ait:
557 859 566 892 ι
584 841 652 896 llum
668 840 799 896 steteritis
819 847 883 893 ante
901 851 945 893 re-
994 852 1039 899 tns
1057 858 1184 914 nequam,
1199 842 1245 912 qui
1258 856 1364 912 εειιιρει
1378 842 1484 913 spiritui
1505 844 1599 913 gratiae
1612 843 1784 909 adversator,

152 951 204 1008 ges
215 943 243 992 ει
259 933 399 1006 presides,
419 931 504 989 nolite
518 932 648 1003 cogitare,
669 932 804 1001 quomodo
822 938 868 985 aut
880 929 946 1000 qnid
995 932 1022 988 in
1037 919 1165 989 cordibus
1178 947 1272 989 eorum
1288 932 1395 987 duritiae
1414 932 1587 1004 asperitatem
1610 948 1663 989 oon
1687 934 1785 990 leuita-

153 1025 303 1099 loquamini
316 1042 323 1079 ι
335 1023 443 1080 dabitur
453 1022 525 1078 enirn
540 1021 617 1078 uobis
636 1022 663 1077 in
684 1021 729 1076 illa
744 1020 811 1076 bura
827 1019 892 1090 qnid
906 1018 945 1074 lo
994 1033 1050 1080 tem
1068 1024 1227 1080 ohadiemiae
1239 1022 1455 1087 machinabatur,
1477 1037 1511 1078 ne
1524 1024 1666 1080 credentes
1679 1031 1707 1079 et
1724 1039 1783 1095 pm·

152 1116 287 1189 qoamini.
301 1113 357 1171 Non
369 1114 442 1170 enim
451 1129 500 1169 uos
509 1113 587 1178 estis,
600 1111 647 1183 qni
658 1110 809 1181 loquimini,
823 1110 869 1165 secl
879 1107 944 1180 Spi-
993 1115 1135 1171 pitanciam
1154 1122 1265 1186 agentes
1279 1112 1346 1169 salvi
1368 1112 1482 1168 derenci
1512 1186 1516 1194 ἱ

153 1208 228 1265 ritus
248 1205 337 1263 Patris
353 1204 452 1269 vestri,
472 1204 518 1274 qui
538 1204 659 1275 loquitur
673 1204 700 1257 in
717 1202 794 1258 vobis
813 1199 889 1271 (Luc.
919 1215 943 1265 ι,
1033 1205 1294 1276 (Ειριεεεριιιειι
1315 1202 1441 1259 deremiel
1466 1203 1521 1259 lllio
1540 1204 1678 1267 Amalech,
1694 1212 1721 1258 ει
1735 1203 1784 1257 Sa·

152 1297 305 1369 luitha).
324 1297 382 1353 »lit
403 1296 489 1353 item:
508 1316 518 1348 ι
536 1294 662 1367 Spiritus,
677 1292 774 1364 inquit,
786 1292 942 1363 paraclitus,
997 1312 1007 1347 ι
1027 1294 1091 1350 raim
1123 1293 1179 1349 illio
1205 1293 1308 1359 Eumol,
1335 1300 1365 1347 et
1390 1292 1514 1349 Selemiae
1542 1294 1598 1349 lilio
1622 1293 1741 1358 abdeel,
1757 1305 1783 1347 ιιι

152 1406 237 1463 qoem
250 1390 339 1445 mittet
355 1388 437 1444 Pater
458 1387 485 1442 in
507 1385 616 1441 nominc
639 1399 700 1441 meo
715 1383 761 1439 ille
775 1398 823 1439 ros
837 1381 946 1439 docebit
996 1383 1285 1454 «comprehenderent
1320 1382 1425 1437 Barncli
1448 1384 1566 1440 scribam
1587 1391 1616 1439 et
1638 1382 1783 1438 lercmiam

152 1481 248 1539 omniu
267 1490 295 1538 et
316 1478 527 1553 suggeretunbis
546 1478 637 1535 omniu
661 1491 828 1547 numenque
851 1474 946 1531 dixero
997 1491 1008 1528 ι
1024 1473 1183 1546 prophetam
1194 1490 1200 1527 :
1212 1473 1353 1529 abscondit
1367 1481 1459 1528 antem
1471 1489 1518 1529 eos
1530 1473 1670 1529 dominius.
1689 1492 1698 1525 t
1714 1472 1781 1528 Fro-

151 1571 234 1629 uobis
245 1570 335 1643 (loun.
350 1569 418 1642 xm).
434 1587 443 1621 t
459 1567 570 1638 lloequc
583 1566 732 1633 sciendum,
745 1566 817 1636 quod
833 1579 887 1621 non
901 1577 946 1620 so·
994 1570 1051 1620 stra
1076 1564 1156 1634 igitur
1180 1562 1283 1632 aliquid
1309 1576 1390 1633 agere
1406 1562 1502 1618 nititur
1523 1564 1642 1618 hnmana
1655 1578 1785 1634 praesum-

152 1661 213 1717 lnm
227 1660 391 1727 doctoribus,
415 1660 463 1716 sed
487 1659 569 1715 etiam
596 1655 765 1713 auditoribus
792 1653 944 1712 necessaria
993 1656 1062 1728 ptio,
1076 1653 1385 1711 ubircsisterevolnerit
1403 1653 1493 1708 diuina
1507 1653 1665 1709 dominatio.
1678 1654 1784 1711 Praec-

151 1761 198 1808 est
213 1751 299 1825 gratia
323 1750 440 1823 Spiritus
460 1749 641 1820 sanctinum,
660 1755 783 1818 utsupra
803 1744 860 1816 jam
874 1744 945 1802 disl-
994 1747 1100 1817 pitres
1127 1753 1260 1809 terrenus,
1286 1753 1317 1798 ιιι
1336 1744 1629 1813 comprehenderentur
1654 1745 1785 1816 propheta

152 1860 230 1910 runs,
250 1844 301 1901 nisi
319 1844 390 1900 idem
410 1843 522 1915 spiritus
536 1842 611 1899 cordi
632 1841 704 1898 adsit
717 1840 862 1905 audientis,
876 1839 945 1895 otio·
958 1834 981 1894 B
995 1845 1023 1893 et
1048 1837 1169 1892 notarios
1193 1835 1268 1906 ejus,
1293 1843 1322 1889 ct
1347 1836 1490 1890 mittuntur
1513 1836 1541 1890 in
1564 1851 1712 1902 carcerem,
1737 1840 1784 1893 sed

152 1949 202 1989 sus
215 1941 257 1989 cst
277 1922 367 1990 sermo
380 1934 507 1989 doctoris.
525 1930 611 1989 Nemo
623 1946 689 2003 ergo
710 1929 818 1987 donanti
843 1927 948 1985 homini
998 1926 1138 1984 abscondit
1160 1940 1206 1981 eos
1230 1924 1286 1980 llex
1309 1924 1437 1993 coelestis,
1461 1927 1513 1982 hoc
1529 1934 1582 1992 est,
1610 1929 1738 1997 protexit,
1752 1945 1788 1985 ne

42 2080 44 2085 ,
153 2024 269 2090 ιιίὶιιιιι,
284 2022 355 2094 qnod
378 2038 412 2080 ex
428 2038 476 2080 ore
492 2023 615 2081 docentis
639 2021 784 2095 intelligit:
807 2021 871 2093 quia
895 2019 948 2076 nisi
997 2020 1116 2077 bumana
1141 2019 1244 2074 malitia
1270 2018 1413 2075 laederetur
1438 2028 1594 2075 sanctorum
1620 2019 1783 2076 innocentia.

32 2172 37 2179 μ
153 2115 228 2172 ἰιιιιιε
241 2116 285 2181 sit,
313 2116 359 2186 qui
385 2116 491 2184 doceat,
515 2115 635 2173 doctoris
658 2116 749 2187 lingua
773 2115 895 2173 exterius
920 2112 948 2168 in
1000 2110 1151 2168 «Custodit
1171 2110 1244 2167 enim
1268 2110 1397 2166 Dominus
1419 2125 1514 2167 omncs
1536 2111 1677 2183 diligentes
1702 2128 1742 2179 sc,
1757 2120 1786 2168 et

152 2218 269 2259 vacuum
283 2204 396 2260 laborat.
410 2205 480 2260 Ecce
495 2219 577 2261 unam
589 2203 724 2275 loquentis
740 2218 837 2260 vocem
851 2217 948 2260 onrnes
997 2216 1092 2258 ornnes
1115 2211 1272 2273 pensatores
1297 2200 1429 2272 disperdit
1452 2201 1539 2273 (Pani.
1564 2202 1681 2275 cantvl3
1697 2220 1707 2255 ι
1732 2212 1782 2260 ct:

151 2294 259 2366 pariter
272 2295 298 2350 in
313 2294 431 2351 Ecclesia
444 2295 578 2361 audimus,
592 2308 647 2351 uon
661 2303 753 2350 tamen
765 2293 868 2364 puriter
883 2307 947 2349 sen·
1000 2312 1010 2346 ι
1027 2292 1209 2348 Ambulabnnt
1221 2292 1355 2359 homiues,
1375 2300 1405 2348 ιιι
1421 2294 1502 2361 caci,
1517 2293 1581 2365 quia
1592 2294 1707 2350 Domino
1720 2309 1783 2365 pec·

36 2445 39 2463 ἶ
153 2400 217 2439 ειιιιι
231 2385 329 2441 numm
342 2385 416 2441 uocis
428 2385 602 2457 percipimus.
618 2383 685 2442 Corn
708 2399 772 2456 ergo
785 2399 839 2441 vox
857 2381 948 2455 dispar
996 2386 1128 2447 'caverunt
1140 2386 1234 2459 (soph.
1249 2386 1281 2461 r).
1299 2407 1308 2441 t

35 2458 52 2497 '⁵
154 2490 210 2530 non
224 2475 270 2541 sit,
284 2491 332 2531 cur
353 2477 381 2532 in
399 2477 524 2534 cordibus
543 2476 643 2534 nostris
658 2477 749 2547 dispar
766 2477 893 2534 estrocis
907 2476 949 2532 ln·
1035 2478 1172 2536 «Factum
1186 2486 1229 2535 est
1243 2479 1355 2536 verbum
1376 2479 1483 2536 bomini
1498 2479 1533 2535 ad
1551 2477 1695 2535 leremiam
1709 2489 1785 2550 post·

34 2556 42 2589 ³
154 2563 325 2637 colligentia:
341 2565 394 2623 nisi
407 2566 470 2636 quia
486 2582 535 2640 ρει
553 2568 616 2635 Ιιοε,
642 2570 714 2638 quod
734 2582 787 2624 vox
810 2567 946 2639 loquentis
999 2590 1009 2624 ι
1029 2586 1111 2641 quam
1121 2570 1306 2627 combusserat
1318 2570 1511 2637 resuolnmen,
1522 2577 1551 2627 et
1562 2585 1700 2627 sermones
1711 2585 1785 2642 quos

153 2658 336 2713 communiter
352 2658 490 2725 admonet,
503 2666 546 2716 est
564 2659 692 2731 magister
712 2657 837 2727 interior,
851 2658 899 2731 qui
913 2659 947 2716 de
999 2679 1010 2715 ι
1024 2662 1171 2734 scripserat
1181 2661 1288 2719 Barneb
1297 2676 1332 2718 ex
1340 2677 1388 2719 ore
1399 2660 1533 2730 ieremias,
1542 2662 1634 2719 dicem
1647 2676 1654 2716 ι
1665 2660 1783 2717 llursum

29 2734 49 2781 ³?
154 2747 232 2802 uocis
244 2745 420 2819 intelligentia
433 2747 563 2820 quosdam
575 2747 729 2820 specialiter
744 2748 831 2805 docet.
846 2748 885 2805 lle
894 2750 947 2806 hac
999 2772 1009 2807 t
1025 2752 1312 2820 tullerolumenalind‚
1323 2760 1351 2809 et
1362 2753 1450 2810 scribe
1460 2753 1488 2808 in
1500 2764 1782 2809 coomnessermones

155 2851 265 2907 quoque
279 2835 396 2909 Spiritus
406 2839 492 2896 sancti
509 2842 596 2911 gratia
612 2855 662 2912 per
674 2836 805 2895 loannem
825 2838 944 2898 dicitur:
998 2863 1008 2897 ι
1025 2842 1140 2915 ριίοιεε,
1157 2844 1203 2913 qni
1217 2852 1296 2900 erant
1309 2843 1338 2899 in
1351 2842 1487 2899 uolumine
1499 2842 1597 2913 ριὶιιιο,
1614 2843 1686 2913 quod
1707 2856 1783 2899 com-

158 2926 942 3004 sSicutunclioejusdocelvosdeomnibusfflocn.xilla
998 2932 1242 2992 abussitlnachim
1269 2952 1318 2993 rex
1339 2933 1418 3003 Juda,
1440 2944 1468 2992 et
1489 2936 1524 2992 ad
1546 2933 1669 2991 Joachim
1694 2950 1785 3006 regern

29 3018 33 3027 '
154 3022 210 3078 Per
227 3036 319 3078 rocem
341 3037 405 3094 crgo
422 3038 475 3080 nou
495 3023 648 3089 instruitur,
675 3022 784 3094 quando
802 3036 880 3078 mens
895 3035 945 3094 per
997 3038 1008 3079 ι
1025 3022 1106 3091 luda,
1119 3024 1193 3081 dices
1207 3042 1215 3080 z
1229 3023 1292 3082 llaec
1306 3025 1371 3082 dicit
1381 3025 1531 3082 Dominus:
1556 3026 1596 3082 Τιι
1611 3026 1793 3082 cotobnssisti.

29 3105 44 3149 ἵ·
99 3185 103 3190 ἢ
154 3111 281 3184 spiritum
294 3113 474 3186 nonunpitur.
493 3112 547 3171 Sed
560 3129 610 3171 cur
626 3114 677 3171 ista
698 3116 732 3172 de
747 3114 872 3171 doctrina
892 3113 945 3171 ho·
997 3115 1147 3173 ‹rolumen
1167 3115 1248 3182 bino,
1266 3115 1359 3173 dicens
1374 3134 1381 3170 :
1396 3115 1486 3185 Quare
1504 3116 1635 3188 scripsisti
1652 3116 1679 3171 in
1692 3130 1785 3172 coan-

154 3203 259 3258 tninum
283 3202 418 3274 loquimur
431 3206 538 3276 qnando
557 3213 585 3262 et
610 3206 667 3276 ipse
688 3205 811 3263 conditor
831 3221 885 3262 non
908 3178 980 3261 auc
998 3224 1008 3258 ι
1025 3206 1166 3270 nandans.
1187 3205 1302 3261 lestines
1319 3206 1411 3262 reniet
1426 3220 1475 3261 rex
1489 3204 1633 3278 Babylonis
1647 3213 1783 3260 et'rasta·

39 3307 45 3332 ¹
152 3292 333 3349 eruditionem
346 3293 448 3350 homini
471 3294 601 3367 loquitur,
614 3295 638 3352 si
656 3295 743 3353 eidem
767 3296 870 3353 homini
893 3311 943 3368 per
995 3315 1006 3351 ι
1022 3297 1062 3354 bit
1074 3305 1175 3353 terram
1189 3298 1269 3362 hanc,
1284 3305 1312 3353 ct
1324 3310 1431 3353 cessare
1443 3295 1525 3352 laniet
1538 3312 1571 3352 ex
1587 3295 1633 3359 illu
1646 3296 1785 3351 bominem

154 3384 312 3440 unctionem
327 3384 439 3456 spiritus
464 3401 519 3443 non
541 3387 686 3459 loquuturi
699 3386 845 3461 (hunnus.)
862 3386 943 3444 Certe
995 3408 1006 3442 ι
1022 3395 1050 3446 ει
1058 3388 1221 3460 )ιιιιιειιιιιιιι.
1235 3385 1381 3459 Propterea
1392 3387 1451 3444 baec
1464 3387 1531 3446 dicit
1547 3388 1675 3446 nonium
1687 3396 1787 3446 notrma

152 3477 222 3533 Cain
238 3477 394 3550 priusquam
408 3478 588 3537 fratricidium
606 3484 688 3552 n'pere
701 3487 880 3552 perpetraret,
892 3495 943 3535 au·
995 3496 1006 3533 ι
1021 3476 1145 3535 luacbirn
1159 3491 1251 3549 regem
1265 3473 1354 3533 ludat
1370 3475 1429 3534 Non
1451 3478 1510 3533 crit·
1528 3493 1561 3534 es
1579 3478 1786 3550 commisculet!

38 3571 44 3584 '
152 3569 244 3626 divit:
272 3588 282 3621 ι
309 3568 440 3640 lassasti,
463 3569 574 3644 quiesce
593 3568 670 3646 (Gan.
696 3568 750 3642 ιιι).
772 3568 854 3627 »Sed
878 3569 943 3643 quia
995 3567 1216 3641 ‹supersolium
1231 3566 1326 3634 David,
1343 3567 1498 3625 etcadauer
1508 3567 1784 3641 cirrsproji‘cieturad

150 3659 241 3731 culpis
252 3659 309 3715 suis
321 3658 489 3734 exigentibus
498 3675 593 3726 uocem
602 3661 768 3730 admonitus,
782 3675 836 3717 nou
851 3660 879 3717 in
892 3677 943 3717 un-
995 3679 1006 3716 c
1024 3669 1119 3716 aestum
1141 3674 1190 3731 per
1200 3659 1283 3724 diem,
1298 3658 1372 3714 etad
1395 3660 1455 3729 gelu
1478 3676 1527 3733 ρει
1545 3669 1662 3726 noctem,
1678 3673 1706 3717 ει
1721 3661 1785 3717 uisi·

152 3751 245 3807 ctione
269 3749 364 3808 audire
388 3751 436 3808 llei
459 3751 541 3810 verba
561 3751 659 3825 potuit,
677 3752 725 3809 sed
746 3766 857 3809 serrare
874 3768 942 3809 cou-
995 3750 1084 3806 stabo
1096 3759 1191 3807 contra
1204 3758 1328 3816 cumaei*
1346 3761 1440 3807 contra
1453 3766 1545 3807 semen
1560 3751 1630 3822 ejus,
1645 3759 1675 3807 et
1688 3761 1784 3808 contra

154 3843 288 3916 tempsit:
305 3843 346 3900 sic
358 3852 386 3900 et
399 3859 481 3912 nuuc,
500 3860 560 3917 quae
577 3853 728 3917 seqourrtur
750 3844 778 3900 in
793 3845 846 3901 hirc
867 3845 942 3917 capi·
996 3856 1115 3898 tservos
1136 3839 1201 3913 elna
1216 3840 1378 3911 iniquitates
1400 3856 1475 3907 suas,
1501 3851 1529 3897 et
1551 3843 1681 3898 adducam
1700 3857 1783 3914 snper

152 3934 224 4004 tulo,
243 3934 346 4006 prolata
368 3936 572 4004 demonstrant,
597 3935 670 4008 quod
693 3933 816 3992 inachim
841 3949 889 3994 rex
913 3941 943 3990 ct
996 3947 1006 3984 t
1024 3944 1072 3987 eos
1093 3936 1122 3987 et
1140 3943 1223 3999 super
1241 3927 1408 3984 habitatores
1420 3926 1586 3997 Jerusalem,
1606 3939 1634 3987 et
1648 3945 1730 4001 super
1743 3931 1784 3987 ui·

150 4024 227 4083 serui
237 4024 305 4098 eius,
322 4024 386 4096 qula
399 4041 453 4081 non
475 4022 585 4082 inerunt
607 4023 724 4098 Spiritus
738 4023 825 4082 suncti
842 4023 940 4097 gratia,
995 4041 1005 4078 t
1024 4038 1069 4080 ros
1081 4019 1161 4089 duda,
1174 4037 1255 4080 omne
1268 4022 1382 4091 malum,
1395 4023 1468 4095 quod
1482 4024 1664 4082 locutussnm
1675 4025 1709 4079 ad
1723 4041 1781 4096 eos,

150 4132 208 4189 qua
227 4116 474 4189 prophetalocutus
497 4123 553 4182 eut,
578 4116 652 4175 intus
673 4114 835 4183 illuminati,
857 4116 942 4174 verba
994 4122 1047 4171 ιει
1064 4130 1117 4171 nan
1130 4113 1283 4191 audierunt.
1302 4134 1312 4166 ι
1328 4112 1425 4170 llerito
1438 4115 1558 4171 uindicta
1573 4124 1665 4174 secuta
1680 4125 1722 4174 est
1737 4133 1783 4174 re·

29 4199 40 4252 i*
150 4207 204 4265 bct
213 4206 322 4279 quidem
333 4206 428 4264 audire
440 4223 505 4266 aure
517 4209 639 4281 corporis
647 4215 784 4281 poteram,
804 4208 853 4267 sed
868 4208 942 4266 auri·
992 4221 1060 4281 gem
1074 4205 1218 4277 perfidum,
1240 4213 1271 4260 ut
1291 4204 1338 4276 qni
1353 4221 1493 4263 sermones
1507 4203 1615 4263 Domiti
1637 4207 1784 4280 scriptnsa

29 4327 32 4342 ι
150 4295 518 4370 ommrdtsnonpotarant
532 4315 599 4372 quas
611 4299 780 4357 Doudmsin
793 4299 941 4374 Evangelio
991 4300 1122 4374 propbeta
1136 4295 1340 4364 combussimin
1354 4297 1417 4370 igne
1434 4296 1519 4370 ipsius
1538 4298 1781 4371 cadarmprojioe·

149 4392 277 4465 requirit¹
290 4394 403 4451 dicmur
419 4412 429 4449 t
445 4393 682 4462 pronunciantes
702 4393 829 4452 audiendi
849 4392 941 4452 audiat
992 4401 1067 4449 retur
1081 4389 1116 4447 ad
1128 4397 1225 4446 astum
1237 4403 1287 4460 per
1308 4387 1392 4456 diem,
1412 4396 1440 4445 et
1452 4390 1487 4445 ad
1499 4388 1560 4458 gelu
1581 4404 1631 4463 per
1652 4400 1781 4448 noctem:

148 4481 319 4557 (flottam
348 4483 413 4548 Lac.
435 4485 534 4560 ιιιι).ι
560 4485 595 4566 lit
615 4484 644 4544 in
664 4484 871 4558 Apocalypsis»
888 4483 941 4554 nni
992 4490 1127 4555 quamnim
1137 4488 1305 4537 contraeunt
1325 4485 1460 4536 etonntrs
1482 4495 1575 4538 semen
1588 4479 1658 4553 eius,
1672 4490 1781 4539 etcun-

148 4575 243 4642 habe,
266 4575 363 4646 inquit,
386 4591 467 4634 aoros
488 4576 613 4635 audendi
625 4576 718 4634 audiat
741 4575 806 4648 quid
821 4576 940 4650 Spiritus
991 4585 1034 4631 tra
1056 4589 1151 4632 seruos
1171 4572 1231 4644 ejus
1252 4573 1429 4631 visitarentur
1451 4573 1609 4647 iniquitates
1634 4587 1783 4644 eorumct

29 4685 35 4700 ’
147 4667 225 4723 dicat
239 4666 361 4724 eeclesiis
371 4667 463 4740 (Apus.
483 4667 525 4743 ιι).
544 4687 555 4723 ι
570 4667 639 4726 Nam
651 4668 785 4741 sequitur.
990 4683 1073 4725 omae
1082 4667 1183 4724 malum
1212 4668 1283 4738 quod
1294 4668 1401 4725 locutus
1410 4677 1454 4725 est
1466 4667 1595 4726 Dominam
1608 4686 1690 4743 ειιρει
1704 4673 1782 4728 uiros

190 4776 199 4810 ι
221 4757 281 4814 lies
302 4768 393 4815 autem
405 4759 518 4817 sedebat
536 4759 564 4816 iu
578 4760 662 4817 dmuo.
674 4759 785 4818 hiemali
805 4759 833 4817 in
848 4775 942 4818 mense
990 4758 1069 4826 luda,
1084 4767 1112 4815 et
1124 4760 1292 4816 habitatores
1306 4757 1456 4816 Jerusalem
1468 4760 1597 4819 rehciter
1614 4764 1780 4820 adueniret:

150 4873 161 4907 ι
182 4865 256 4908 nouo
269 4865 278 4906 ι
292 4860 320 4908 ει
331 4850 419 4923 posita
433 4860 494 4907 erat
503 4851 578 4909 arula
591 4866 683 4909 uotam
696 4866 731 4908 eo
739 4851 837 4924 prunis
850 4851 940 4924 plens.
991 4861 1022 4909 ut
1032 4853 1200 4919 ostendatur,
1213 4852 1285 4924 qnod
1299 4854 1571 4927 unicunqueltomini
1584 4856 1717 4912 mandatis
1733 4871 1777 4910 re·

150 4943 304 5015 ιῦιιιιιριιε
322 4942 433 5016 legisset
455 4944 506 5000 riu
522 4951 578 5001 tues
604 4943 724 5017 pagcths
746 4944 790 4999 uei
813 4952 942 5013 quatuor,
991 4943 1071 5000 bellis
1091 4944 1239 5011 exstiterit,
1263 4952 1293 4998 et
1317 4945 1415 5001 durum
1436 4959 1485 5002 cor
1505 4953 1588 5017 atpne
1608 4944 1780 5014 impaenitens

150 5031 260 5089 «scidit
281 5030 346 5089 illud
365 5032 780 5106 scalpelloseribae,etprojccit
796 5034 939 5106 inignem,
993 5033 1129 5100 babuerit,
1145 5041 1248 5090 eceman
1271 5033 1381 5090 ultionis
1402 5034 1550 5091 uindictam
1576 5035 1690 5091 subeat:
1712 5049 1780 5104 quo-

29 5127 31 5144 ³
149 5121 227 5192 «qui
238 5129 298 5177 erat
311 5123 519 5194 superamlam,
541 5123 627 5181 donec
639 5134 844 5181 εοιιειιιιιειειιιι
859 5140 940 5183 omne
992 5123 1155 5194 niamjnxta
1182 5123 1257 5179 Pauli
1286 5127 1485 5183 mumadam«
1513 5127 1579 5193 Qum
1604 5125 1779 5183 seminaverit

149 5235 161 5269 ι
178 5211 307 5269 volumen
319 5213 443 5287 ipniqni
461 5214 561 5271 eratin
573 5213 660 5282 arou,
674 5216 944 5287 etoontimuerunt,.
991 5215 1074 5272 homo
1094 5215 1152 5270 bac
1164 5223 1192 5271 et
1213 5221 1313 5282 ιιιειεις
1334 5224 1365 5272 ει
1383 5218 1429 5288 quii
1452 5222 1569 5273 seminat
1590 5215 1618 5271 in
1637 5230 1728 5283 carne,
1745 5218 1779 5272 dc

150 5319 273 5374 ιιιειριε
296 5305 435 5362 sciderunt
458 5306 619 5363 uestimenta
644 5320 694 5362 sua
719 5315 818 5364 reret
844 5323 945 5366 omues
991 5320 1075 5364 carne
1097 5308 1413 5379 meteteorruptioncm:
1437 5305 1483 5376 qui
1508 5315 1599 5362 autem
1619 5306 1736 5362 seminat
1748 5306 1778 5362 in

150 5417 161 5452 ι
179 5395 256 5453 servi
268 5395 336 5468 eins
349 5396 835 5469 quiandieruotunisersocsurmooes
845 5399 939 5467 istus„
990 5394 1254 5467 spiritu,dcspiritn
1275 5404 1358 5452 metet
1377 5394 1459 5451 vium
1478 5404 1643 5452 aeterum·
1660 5394 1713 5452 Sed
1726 5393 1778 5453 so·'

147 5495 178 5543 et
192 5482 310 5555 reliqua.
337 5484 361 5542 0
383 5485 626 5544 mirandaemcltus
646 5486 776 5544 humanm
789 5488 897 5555 mentis,
912 5497 941 5545 et
993 5492 1102 5548 modun
1117 5488 1189 5561 ιριιιιι
1211 5488 1322 5546 iniibro
1335 5486 1560 5559 Paralipomenon
1574 5488 1684 5561 legitor,
1704 5491 1778 5560 quod

154 5570 298 5646 amnena
313 5576 434 5648 nequitiis
453 5576 573 5634 iridurati
591 5576 701 5635 cordisl
718 5574 771 5642 Qui
796 5576 949 5632 debuerant
991 5583 1064 5639 huuc
1087 5579 1214 5638 loacbint
1240 5579 1490 5637 Nabuchodonosor
1512 5596 1561 5638 rar
1588 5580 1777 5642 Chaldaeorum

157 5666 273 5722 metuitis
287 5666 456 5723 salutaribus
468 5668 628 5738 corrtpnopi,
641 5669 675 5724 ad
690 5678 866 5739 peccatorum
879 5680 947 5724 suo·
991 5672 1113 5727 cisrctntn
1130 5671 1233 5728 calmis
1251 5662 1358 5728 duxerit
1369 5671 1397 5727 in
1410 5670 1582 5744 liabylnwn.
1597 5673 1700 5746 Regum
1714 5688 1780 5732 vero

156 5771 221 5814 rum
237 5756 434 5827 emittentium,
449 5755 651 5814 verbaliontiui
664 5762 691 5813 ln
708 5756 907 5830 libroscripta,
920 5756 948 5812 lu
990 5763 1060 5819 liber·
1079 5774 1173 5820 narrat
1188 5764 1259 5834 qarod
1274 5764 1405 5820 dormiret
1425 5762 1549 5822 loncltim
1572 5784 1634 5823 cirin
1655 5767 1777 5838 patriims
1820 5811 1822 5814 .

29 740 56 1485 §2a’sssaet-Hff-H‘ff‘f

29 1538 53 1853 &333
