<?xml version="1.0" encoding="UTF-8"?>
<!DOCTYPE html PUBLIC "-//W3C//DTD XHTML 1.0 Transitional//EN"
    "http://www.w3.org/TR/xhtml1/DTD/xhtml1-transitional.dtd">
<html xmlns="http://www.w3.org/1999/xhtml" xml:lang="en" lang="en">
 <head>
  <title>
</title>
<meta http-equiv="Content-Type" content="text/html;charset=utf-8" />
  <meta name='ocr-system' content='tesseract 3.04.00' />
  <meta name='ocr-capabilities' content='ocr_page ocr_carea ocr_par ocr_line ocrx_word'/>
</head>
<body>
  <div class='ocr_page' id='page_1' title='image "./lta-11000/patrologiaecurs164unkngoog/patrologiaecurs164unkngoog_0378.png"; bbox 0 0 4042 6200; ppageno 0'>
   <div class='ocr_carea' id='block_1_1' title="bbox 238 203 1868 273">
    <p class='ocr_par' dir='ltr' id='par_1_1' title="bbox 238 203 1868 273">
     <span class='ocr_line' id='line_1_1' title="bbox 238 203 1868 273; baseline -0.006 -1"><span class='ocrx_word' id='word_1_1' title='bbox 238 219 288 273; x_wconf 77' lang='lat' dir='ltr'>&#39;ili</span> <span class='ocrx_word' id='word_1_2' title='bbox 574 209 604 263; x_wconf 80' lang='lat' dir='ltr'>ll.</span> <span class='ocrx_word' id='word_1_3' title='bbox 624 206 751 263; x_wconf 68' lang='lat' dir='ltr'>bibunt</span> <span class='ocrx_word' id='word_1_4' title='bbox 769 205 879 263; x_wconf 75' lang='lat' dir='ltr'>llbblll</span> <span class='ocrx_word' id='word_1_5' title='bbox 897 204 1057 262; x_wconf 77' lang='lat' dir='ltr'>euctttee.</span> <span class='ocrx_word' id='word_1_6' title='bbox 1077 203 1232 261; x_wconf 72' lang='lat' dir='ltr'>budoni.</span> <span class='ocrx_word' id='word_1_7' title='bbox 1252 204 1395 262; x_wconf 74' lang='lat' dir='ltr'>obtudat</span> <span class='ocrx_word' id='word_1_8' title='bbox 1411 205 1501 262; x_wconf 74' lang='lat' dir='ltr'>etus</span> <span class='ocrx_word' id='word_1_9' title='bbox 1519 206 1561 264; x_wconf 88' lang='grc' dir='ltr'><strong>ΙΙΙ.</strong></span> <span class='ocrx_word' id='word_1_10' title='bbox 1812 206 1868 262; x_wconf 69' lang='lat' dir='ltr'>iifl</span> 
     </span>
    </p>
   </div>
   <div class='ocr_carea' id='block_1_2' title="bbox 229 319 1876 1855">
    <p class='ocr_par' dir='ltr' id='par_1_2' title="bbox 229 319 1876 1855">
     <span class='ocr_line' id='line_1_2' title="bbox 232 319 1872 399; baseline -0.009 -11"><span class='ocrx_word' id='word_1_11' title='bbox 232 343 291 388; x_wconf 79' lang='lat' dir='ltr'>suot</span> <span class='ocrx_word' id='word_1_12' title='bbox 303 346 390 388; x_wconf 77' lang='lat' dir='ltr'>omnes</span> <span class='ocrx_word' id='word_1_13' title='bbox 405 330 470 399; x_wconf 74' lang='lat' dir='ltr'>fines</span> <span class='ocrx_word' id='word_1_14' title='bbox 480 337 556 383; x_wconf 75' lang='lat' dir='ltr'>terrm</span> <span class='ocrx_word' id='word_1_15' title='bbox 570 324 657 399; x_wconf 80' lang='lat' dir='ltr'>(Psoi.</span> <span class='ocrx_word' id='word_1_16' title='bbox 672 326 757 398; x_wconf 77' lang='lat' dir='ltr'>serr),</span> <span class='ocrx_word' id='word_1_17' title='bbox 773 325 825 380; x_wconf 90' lang='lat' dir='ltr'>nisi</span> <span class='ocrx_word' id='word_1_18' title='bbox 838 324 908 380; x_wconf 90' lang='lat' dir='ltr'>lorte</span> <span class='ocrx_word' id='word_1_19' title='bbox 918 338 1022 395; x_wconf 75' lang='lat' dir='ltr'>regem,</span> <span class='ocrx_word' id='word_1_20' title='bbox 1038 324 1061 383; x_wconf 82' lang='grc' dir='ltr'>Α</span> <span class='ocrx_word' id='word_1_21' title='bbox 1115 319 1136 371; x_wconf 81' lang='lat' dir='ltr'>l&#39;</span> <span class='ocrx_word' id='word_1_22' title='bbox 1138 322 1163 375; x_wconf 93' lang='lat' dir='ltr'>ir</span> <span class='ocrx_word' id='word_1_23' title='bbox 1174 323 1221 392; x_wconf 85' lang='lat' dir='ltr'>qui</span> <span class='ocrx_word' id='word_1_24' title='bbox 1233 322 1356 376; x_wconf 80' lang='lat' dir='ltr'>errauerit</span> <span class='ocrx_word' id='word_1_25' title='bbox 1369 339 1385 376; x_wconf 90' lang='lat' dir='ltr'>o</span> <span class='ocrx_word' id='word_1_26' title='bbox 1400 322 1441 376; x_wconf 87' lang='lat' dir='ltr'>oio</span> <span class='ocrx_word' id='word_1_27' title='bbox 1452 321 1589 388; x_wconf 75' lang='lat' dir='ltr'>doctrinm,</span> <span class='ocrx_word' id='word_1_28' title='bbox 1603 321 1630 374; x_wconf 90' lang='lat' dir='ltr'>iu</span> <span class='ocrx_word' id='word_1_29' title='bbox 1643 328 1709 374; x_wconf 85' lang='lat' dir='ltr'>coeto</span> <span class='ocrx_word' id='word_1_30' title='bbox 1720 321 1872 390; x_wconf 80' lang='lat' dir='ltr'>piqorrtiumr</span> 
     </span>
     <span class='ocr_line' id='line_1_3' title="bbox 232 399 1873 493; baseline -0.007 -13"><span class='ocrx_word' id='word_1_31' title='bbox 232 433 354 481; x_wconf 83' lang='lat' dir='ltr'>sanctum</span> <span class='ocrx_word' id='word_1_32' title='bbox 377 399 511 493; x_wconf 79' lang='lat' dir='ltr'>quemque</span> <span class='ocrx_word' id='word_1_33' title='bbox 522 419 653 490; x_wconf 81' lang='lat' dir='ltr'>appellat,</span> <span class='ocrx_word' id='word_1_34' title='bbox 669 418 716 489; x_wconf 93' lang='lat' dir='ltr'>qui</span> <span class='ocrx_word' id='word_1_35' title='bbox 728 418 854 474; x_wconf 79' lang='lat' dir='ltr'>vitiorum</span> <span class='ocrx_word' id='word_1_36' title='bbox 867 416 936 473; x_wconf 89' lang='lat' dir='ltr'>bella</span> <span class='ocrx_word' id='word_1_37' title='bbox 951 417 978 470; x_wconf 93' lang='lat' dir='ltr'>iu</span> <span class='ocrx_word' id='word_1_38' title='bbox 994 429 1024 471; x_wconf 90' lang='lat' dir='ltr'>se</span> <span class='ocrx_word' id='word_1_39' title='bbox 1075 412 1287 465; x_wconf 83' lang='lat' dir='ltr'>commorabitur.</span> <span class='ocrx_word' id='word_1_40' title='bbox 1303 410 1432 483; x_wconf 77' lang='lat' dir='ltr'>Gigantes</span> <span class='ocrx_word' id='word_1_41' title='bbox 1444 411 1510 466; x_wconf 87' lang='lat' dir='ltr'>dicit</span> <span class='ocrx_word' id='word_1_42' title='bbox 1528 410 1680 467; x_wconf 87' lang='lat' dir='ltr'>immundos</span> <span class='ocrx_word' id='word_1_43' title='bbox 1698 410 1820 481; x_wconf 84' lang='lat' dir='ltr'>spiritus,</span> <span class='ocrx_word' id='word_1_44' title='bbox 1833 410 1873 468; x_wconf 79' lang='lat' dir='ltr'>de</span> 
     </span>
     <span class='ocr_line' id='line_1_4' title="bbox 233 500 1872 588; baseline -0.005 -17"><span class='ocrx_word' id='word_1_45' title='bbox 233 520 290 588; x_wconf 83' lang='lat' dir='ltr'>ipse</span> <span class='ocrx_word' id='word_1_46' title='bbox 306 517 415 572; x_wconf 73' lang='lat' dir='ltr'>sincere</span> <span class='ocrx_word' id='word_1_47' title='bbox 428 523 456 571; x_wconf 89' lang='lat' dir='ltr'>et</span> <span class='ocrx_word' id='word_1_48' title='bbox 472 514 601 568; x_wconf 83' lang='lat' dir='ltr'>virtutum</span> <span class='ocrx_word' id='word_1_49' title='bbox 615 511 709 567; x_wconf 82' lang='lat' dir='ltr'>militia</span> <span class='ocrx_word' id='word_1_50' title='bbox 732 512 807 568; x_wconf 79' lang='lat' dir='ltr'>norit</span> <span class='ocrx_word' id='word_1_51' title='bbox 825 511 930 582; x_wconf 84' lang='lat' dir='ltr'>stipari.</span> <span class='ocrx_word' id='word_1_52' title='bbox 946 509 1024 566; x_wconf 82' lang='lat' dir='ltr'>sicut</span> <span class='ocrx_word' id='word_1_53' title='bbox 1075 503 1173 572; x_wconf 86' lang='lat' dir='ltr'>quibus</span> <span class='ocrx_word' id='word_1_54' title='bbox 1198 513 1225 558; x_wconf 83' lang='lat' dir='ltr'>et</span> <span class='ocrx_word' id='word_1_55' title='bbox 1238 503 1270 556; x_wconf 82' lang='lat' dir='ltr'>tt.</span> <span class='ocrx_word' id='word_1_56' title='bbox 1288 500 1360 557; x_wconf 84' lang='lat' dir='ltr'>lob:</span> <span class='ocrx_word' id='word_1_57' title='bbox 1382 501 1451 558; x_wconf 79' lang='lat' dir='ltr'>Ecce</span> <span class='ocrx_word' id='word_1_58' title='bbox 1475 503 1609 574; x_wconf 74' lang='lat' dir='ltr'>cibantes,</span> <span class='ocrx_word' id='word_1_59' title='bbox 1632 502 1734 572; x_wconf 82' lang='lat' dir='ltr'>inquit,</span> <span class='ocrx_word' id='word_1_60' title='bbox 1759 509 1872 573; x_wconf 69' lang='lat' dir='ltr'>penum</span> 
     </span>
     <span class='ocr_line' id='line_1_5' title="bbox 232 592 1871 672; baseline -0.008 -11"><span class='ocrx_word' id='word_1_61' title='bbox 232 606 305 661; x_wconf 85' lang='lat' dir='ltr'>enim</span> <span class='ocrx_word' id='word_1_62' title='bbox 323 605 453 662; x_wconf 61' lang='lat' dir='ltr'>morinus</span> <span class='ocrx_word' id='word_1_63' title='bbox 467 601 607 658; x_wconf 87' lang='lat' dir='ltr'>multitidis</span> <span class='ocrx_word' id='word_1_64' title='bbox 628 617 759 672; x_wconf 88' lang='lat' dir='ltr'>aquarum</span> <span class='ocrx_word' id='word_1_65' title='bbox 776 601 953 658; x_wconf 79' lang='lat' dir='ltr'>divisionibus</span> <span class='ocrx_word' id='word_1_66' title='bbox 964 610 1023 656; x_wconf 86' lang='lat' dir='ltr'>ter·</span> <span class='ocrx_word' id='word_1_67' title='bbox 1073 598 1238 670; x_wconf 70' lang='lat' dir='ltr'>ruboque,</span> <span class='ocrx_word' id='word_1_68' title='bbox 1263 597 1353 668; x_wconf 86' lang='lat' dir='ltr'>etqui</span> <span class='ocrx_word' id='word_1_69' title='bbox 1377 595 1496 650; x_wconf 78' lang='lat' dir='ltr'>bobilam</span> <span class='ocrx_word' id='word_1_70' title='bbox 1523 611 1582 649; x_wconf 83' lang='lat' dir='ltr'>cum</span> <span class='ocrx_word' id='word_1_71' title='bbox 1605 595 1641 649; x_wconf 81' lang='lat' dir='ltr'>eir</span> <span class='ocrx_word' id='word_1_72' title='bbox 1673 592 1735 667; x_wconf 79' lang='lat' dir='ltr'>(lob</span> <span class='ocrx_word' id='word_1_73' title='bbox 1776 592 1871 665; x_wconf 77' lang='lat' dir='ltr'>rsus),</span> 
     </span>
     <span class='ocr_line' id='line_1_6' title="bbox 233 686 1875 763; baseline -0.007 -12"><span class='ocrx_word' id='word_1_74' title='bbox 233 710 324 751; x_wconf 86' lang='lat' dir='ltr'>ratum</span> <span class='ocrx_word' id='word_1_75' title='bbox 341 694 409 750; x_wconf 84' lang='lat' dir='ltr'>lines</span> <span class='ocrx_word' id='word_1_76' title='bbox 422 694 475 749; x_wconf 91' lang='lat' dir='ltr'>late</span> <span class='ocrx_word' id='word_1_77' title='bbox 490 691 570 748; x_wconf 90' lang='lat' dir='ltr'>simul</span> <span class='ocrx_word' id='word_1_78' title='bbox 584 700 612 746; x_wconf 90' lang='lat' dir='ltr'>et</span> <span class='ocrx_word' id='word_1_79' title='bbox 626 692 699 747; x_wconf 88' lang='lat' dir='ltr'>acris</span> <span class='ocrx_word' id='word_1_80' title='bbox 712 691 816 762; x_wconf 89' lang='lat' dir='ltr'>implet,</span> <span class='ocrx_word' id='word_1_81' title='bbox 837 691 1022 763; x_wconf 76' lang='lat' dir='ltr'>tegitquoquc</span> <span class='ocrx_word' id='word_1_82' title='bbox 1074 693 1101 748; x_wconf 88' lang='lat' dir='ltr'>id</span> <span class='ocrx_word' id='word_1_83' title='bbox 1121 700 1186 756; x_wconf 81' lang='lat' dir='ltr'>cst,</span> <span class='ocrx_word' id='word_1_84' title='bbox 1214 691 1323 762; x_wconf 78' lang='lat' dir='ltr'><strong>superbi</strong></span> <span class='ocrx_word' id='word_1_85' title='bbox 1346 697 1375 744; x_wconf 93' lang='lat' dir='ltr'>et</span> <span class='ocrx_word' id='word_1_86' title='bbox 1393 687 1463 744; x_wconf 85' lang='lat' dir='ltr'>mole</span> <span class='ocrx_word' id='word_1_87' title='bbox 1487 687 1570 744; x_wconf 78' lang='lat' dir='ltr'>fortes</span> <span class='ocrx_word' id='word_1_88' title='bbox 1590 686 1702 758; x_wconf 91' lang='lat' dir='ltr'>spiritus</span> <span class='ocrx_word' id='word_1_89' title='bbox 1723 686 1875 741; x_wconf 69' lang='lat' dir='ltr'>demonio·</span> 
     </span>
     <span class='ocr_line' id='line_1_7' title="bbox 232 777 1873 856; baseline -0.005 -18"><span class='ocrx_word' id='word_1_90' title='bbox 232 785 310 855; x_wconf 87' lang='lat' dir='ltr'>aquis</span> <span class='ocrx_word' id='word_1_91' title='bbox 322 784 461 856; x_wconf 89' lang='lat' dir='ltr'>superiora</span> <span class='ocrx_word' id='word_1_92' title='bbox 473 781 623 839; x_wconf 71' lang='lat' dir='ltr'>coelorum:</span> <span class='ocrx_word' id='word_1_93' title='bbox 643 782 680 837; x_wconf 88' lang='lat' dir='ltr'>ita</span> <span class='ocrx_word' id='word_1_94' title='bbox 695 780 838 853; x_wconf 80' lang='lat' dir='ltr'>corilegis</span> <span class='ocrx_word' id='word_1_95' title='bbox 862 797 1023 852; x_wconf 88' lang='lat' dir='ltr'>quocunque</span> <span class='ocrx_word' id='word_1_96' title='bbox 1074 797 1144 847; x_wconf 86' lang='lat' dir='ltr'>rum,</span> <span class='ocrx_word' id='word_1_97' title='bbox 1169 796 1230 836; x_wconf 87' lang='lat' dir='ltr'>cuur</span> <span class='ocrx_word' id='word_1_98' title='bbox 1254 780 1296 835; x_wconf 91' lang='lat' dir='ltr'>bis</span> <span class='ocrx_word' id='word_1_99' title='bbox 1312 794 1380 850; x_wconf 87' lang='lat' dir='ltr'>quos</span> <span class='ocrx_word' id='word_1_100' title='bbox 1406 780 1571 849; x_wconf 88' lang='lat' dir='ltr'>deceperunt</span> <span class='ocrx_word' id='word_1_101' title='bbox 1597 777 1753 832; x_wconf 86' lang='lat' dir='ltr'>bominibus</span> <span class='ocrx_word' id='word_1_102' title='bbox 1777 777 1873 848; x_wconf 83' lang='lat' dir='ltr'>poents</span> 
     </span>
     <span class='ocr_line' id='line_1_8' title="bbox 232 869 1875 945; baseline 0 -20"><span class='ocrx_word' id='word_1_103' title='bbox 232 872 347 930; x_wconf 89' lang='lat' dir='ltr'>roluerit</span> <span class='ocrx_word' id='word_1_104' title='bbox 369 871 490 927; x_wconf 87' lang='lat' dir='ltr'>inclinat.</span> <span class='ocrx_word' id='word_1_105' title='bbox 521 869 590 939; x_wconf 82' lang='lat' dir='ltr'>Quia</span> <span class='ocrx_word' id='word_1_106' title='bbox 613 872 683 927; x_wconf 88' lang='lat' dir='ltr'>sicut</span> <span class='ocrx_word' id='word_1_107' title='bbox 704 871 852 927; x_wconf 78' lang='lat' dir='ltr'>divisiones</span> <span class='ocrx_word' id='word_1_108' title='bbox 873 871 1021 942; x_wconf 77' lang='lat' dir='ltr'>gratiarum</span> <span class='ocrx_word' id='word_1_109' title='bbox 1073 874 1177 929; x_wconf 77' lang='lat' dir='ltr'>subacti</span> <span class='ocrx_word' id='word_1_110' title='bbox 1196 882 1364 945; x_wconf 72' lang='lat' dir='ltr'>torquentur,</span> <span class='ocrx_word' id='word_1_111' title='bbox 1385 872 1481 928; x_wconf 89' lang='lat' dir='ltr'>borum</span> <span class='ocrx_word' id='word_1_112' title='bbox 1500 871 1571 927; x_wconf 89' lang='lat' dir='ltr'>cuim</span> <span class='ocrx_word' id='word_1_113' title='bbox 1587 873 1670 928; x_wconf 76' lang='lat' dir='ltr'>coetui</span> <span class='ocrx_word' id='word_1_114' title='bbox 1691 872 1875 927; x_wconf 87' lang='lat' dir='ltr'>sociabuntur</span> 
     </span>
     <span class='ocr_line' id='line_1_9' title="bbox 229 959 1875 1035; baseline -0.002 -16"><span class='ocrx_word' id='word_1_115' title='bbox 229 964 306 1035; x_wconf 80' lang='lat' dir='ltr'>juxta</span> <span class='ocrx_word' id='word_1_116' title='bbox 319 961 486 1018; x_wconf 79' lang='lat' dir='ltr'>voluntatem</span> <span class='ocrx_word' id='word_1_117' title='bbox 504 976 581 1016; x_wconf 81' lang='lat' dir='ltr'>suam</span> <span class='ocrx_word' id='word_1_118' title='bbox 596 968 624 1015; x_wconf 90' lang='lat' dir='ltr'>et</span> <span class='ocrx_word' id='word_1_119' title='bbox 637 960 740 1032; x_wconf 82' lang='lat' dir='ltr'>augelis</span> <span class='ocrx_word' id='word_1_120' title='bbox 761 969 789 1016; x_wconf 92' lang='lat' dir='ltr'>et</span> <span class='ocrx_word' id='word_1_121' title='bbox 805 961 960 1016; x_wconf 86' lang='lat' dir='ltr'>hominibus</span> <span class='ocrx_word' id='word_1_122' title='bbox 974 960 1023 1015; x_wconf 90' lang='lat' dir='ltr'>tri·</span> <span class='ocrx_word' id='word_1_123' title='bbox 1073 963 1173 1034; x_wconf 88' lang='lat' dir='ltr'>quique</span> <span class='ocrx_word' id='word_1_124' title='bbox 1187 977 1203 1016; x_wconf 88' lang='lat' dir='ltr'>a</span> <span class='ocrx_word' id='word_1_125' title='bbox 1217 961 1260 1016; x_wconf 82' lang='lat' dir='ltr'>ria</span> <span class='ocrx_word' id='word_1_126' title='bbox 1273 961 1398 1017; x_wconf 86' lang='lat' dir='ltr'>veritatis</span> <span class='ocrx_word' id='word_1_127' title='bbox 1417 968 1586 1026; x_wconf 76' lang='lat' dir='ltr'>erraverunt,</span> <span class='ocrx_word' id='word_1_128' title='bbox 1611 962 1669 1033; x_wconf 92' lang='lat' dir='ltr'>ipso</span> <span class='ocrx_word' id='word_1_129' title='bbox 1684 959 1775 1030; x_wconf 85' lang='lat' dir='ltr'>judice</span> <span class='ocrx_word' id='word_1_130' title='bbox 1798 969 1875 1016; x_wconf 86' lang='lat' dir='ltr'>atte-</span> 
     </span>
     <span class='ocr_line' id='line_1_10' title="bbox 229 1051 1876 1123; baseline -0.001 -12"><span class='ocrx_word' id='word_1_131' title='bbox 229 1056 300 1121; x_wconf 86' lang='lat' dir='ltr'>buit,</span> <span class='ocrx_word' id='word_1_132' title='bbox 319 1054 451 1110; x_wconf 86' lang='lat' dir='ltr'>itactiam</span> <span class='ocrx_word' id='word_1_133' title='bbox 472 1053 553 1109; x_wconf 87' lang='lat' dir='ltr'>cordo</span> <span class='ocrx_word' id='word_1_134' title='bbox 582 1060 738 1108; x_wconf 88' lang='lat' dir='ltr'>sanctorum</span> <span class='ocrx_word' id='word_1_135' title='bbox 754 1052 959 1123; x_wconf 82' lang='lat' dir='ltr'>quibuscunque</span> <span class='ocrx_word' id='word_1_136' title='bbox 975 1066 1024 1106; x_wconf 87' lang='lat' dir='ltr'>ro-</span> <span class='ocrx_word' id='word_1_137' title='bbox 1073 1061 1172 1119; x_wconf 85' lang='lat' dir='ltr'>stoute‚</span> <span class='ocrx_word' id='word_1_138' title='bbox 1190 1053 1237 1122; x_wconf 90' lang='lat' dir='ltr'>qui</span> <span class='ocrx_word' id='word_1_139' title='bbox 1254 1068 1284 1110; x_wconf 90' lang='lat' dir='ltr'>se</span> <span class='ocrx_word' id='word_1_140' title='bbox 1298 1052 1351 1109; x_wconf 91' lang='lat' dir='ltr'>illis</span> <span class='ocrx_word' id='word_1_141' title='bbox 1365 1053 1500 1108; x_wconf 90' lang='lat' dir='ltr'>dicturum</span> <span class='ocrx_word' id='word_1_142' title='bbox 1523 1067 1585 1108; x_wconf 90' lang='lat' dir='ltr'>esse</span> <span class='ocrx_word' id='word_1_143' title='bbox 1600 1052 1726 1123; x_wconf 70' lang='lat' dir='ltr'>praedixit</span> <span class='ocrx_word' id='word_1_144' title='bbox 1749 1068 1756 1107; x_wconf 77' lang='lat' dir='ltr'>a</span> <span class='ocrx_word' id='word_1_145' title='bbox 1779 1051 1876 1109; x_wconf 79' lang='lat' dir='ltr'>Disce-</span> 
     </span>
     <span class='ocr_line' id='line_1_11' title="bbox 230 1141 1874 1215; baseline -0.002 -17"><span class='ocrx_word' id='word_1_146' title='bbox 230 1143 320 1210; x_wconf 84' lang='lat' dir='ltr'>luerit,</span> <span class='ocrx_word' id='word_1_147' title='bbox 334 1142 413 1215; x_wconf 77' lang='lat' dir='ltr'>digua</span> <span class='ocrx_word' id='word_1_148' title='bbox 428 1141 618 1199; x_wconf 81' lang='lat' dir='ltr'>donationibus</span> <span class='ocrx_word' id='word_1_149' title='bbox 629 1142 728 1209; x_wconf 84' lang='lat' dir='ltr'>reddit,</span> <span class='ocrx_word' id='word_1_150' title='bbox 740 1155 831 1213; x_wconf 92' lang='lat' dir='ltr'>neque</span> <span class='ocrx_word' id='word_1_151' title='bbox 841 1141 924 1196; x_wconf 75' lang='lat' dir='ltr'>obruo</span> <span class='ocrx_word' id='word_1_152' title='bbox 938 1141 1023 1198; x_wconf 89' lang='lat' dir='ltr'>babet</span> <span class='ocrx_word' id='word_1_153' title='bbox 1072 1144 1127 1199; x_wconf 86' lang='lat' dir='ltr'>dite</span> <span class='ocrx_word' id='word_1_154' title='bbox 1146 1160 1226 1212; x_wconf 86' lang='lat' dir='ltr'>ome,</span> <span class='ocrx_word' id='word_1_155' title='bbox 1242 1142 1384 1211; x_wconf 81' lang='lat' dir='ltr'>maledicti,</span> <span class='ocrx_word' id='word_1_156' title='bbox 1397 1144 1426 1198; x_wconf 90' lang='lat' dir='ltr'>irr</span> <span class='ocrx_word' id='word_1_157' title='bbox 1444 1142 1532 1214; x_wconf 70' lang='lat' dir='ltr'>ionem</span> <span class='ocrx_word' id='word_1_158' title='bbox 1546 1152 1689 1211; x_wconf 82' lang='lat' dir='ltr'>uternam,</span> <span class='ocrx_word' id='word_1_159' title='bbox 1703 1143 1747 1213; x_wconf 89' lang='lat' dir='ltr'>qui</span> <span class='ocrx_word' id='word_1_160' title='bbox 1765 1159 1874 1213; x_wconf 74' lang='lat' dir='ltr'>propo·</span> 
     </span>
     <span class='ocr_line' id='line_1_12' title="bbox 231 1230 1777 1308; baseline -0.003 -19"><span class='ocrx_word' id='word_1_161' title='bbox 231 1233 409 1308; x_wconf 76' lang='lat' dir='ltr'>Pelagiauista</span> <span class='ocrx_word' id='word_1_162' title='bbox 423 1233 522 1301; x_wconf 91' lang='lat' dir='ltr'>locum,</span> <span class='ocrx_word' id='word_1_163' title='bbox 549 1246 603 1303; x_wconf 90' lang='lat' dir='ltr'>quo</span> <span class='ocrx_word' id='word_1_164' title='bbox 616 1233 720 1304; x_wconf 85' lang='lat' dir='ltr'>absque</span> <span class='ocrx_word' id='word_1_165' title='bbox 733 1233 781 1288; x_wconf 80' lang='lat' dir='ltr'>liei</span> <span class='ocrx_word' id='word_1_166' title='bbox 795 1231 881 1303; x_wconf 73' lang='lat' dir='ltr'>gratia</span> <span class='ocrx_word' id='word_1_167' title='bbox 895 1231 957 1303; x_wconf 89' lang='lat' dir='ltr'>quis</span> <span class='ocrx_word' id='word_1_168' title='bbox 968 1230 1023 1287; x_wconf 87' lang='lat' dir='ltr'>sal·</span> <span class='ocrx_word' id='word_1_169' title='bbox 1073 1244 1147 1289; x_wconf 82' lang='lat' dir='ltr'>retus</span> <span class='ocrx_word' id='word_1_170' title='bbox 1161 1243 1198 1288; x_wconf 83' lang='lat' dir='ltr'>ert</span> <span class='ocrx_word' id='word_1_171' title='bbox 1218 1232 1362 1287; x_wconf 82' lang='lat' dir='ltr'>diabolum</span> <span class='ocrx_word' id='word_1_172' title='bbox 1383 1231 1482 1303; x_wconf 78' lang='lat' dir='ltr'>sepelir</span> <span class='ocrx_word' id='word_1_173' title='bbox 1499 1231 1557 1302; x_wconf 74' lang='lat' dir='ltr'>ejus</span> <span class='ocrx_word' id='word_1_174' title='bbox 1576 1230 1684 1302; x_wconf 84' lang='lat' dir='ltr'>(lluttb.</span> <span class='ocrx_word' id='word_1_175' title='bbox 1702 1231 1777 1304; x_wconf 84' lang='lat' dir='ltr'>rra).</span> 
     </span>
     <span class='ocr_line' id='line_1_13' title="bbox 230 1320 1875 1396; baseline -0.003 -17"><span class='ocrx_word' id='word_1_176' title='bbox 230 1340 281 1380; x_wconf 83' lang='lat' dir='ltr'>tus</span> <span class='ocrx_word' id='word_1_177' title='bbox 292 1324 350 1381; x_wconf 88' lang='lat' dir='ltr'>lieri</span> <span class='ocrx_word' id='word_1_178' title='bbox 364 1324 460 1395; x_wconf 87' lang='lat' dir='ltr'>possit.</span> <span class='ocrx_word' id='word_1_179' title='bbox 1108 1322 1163 1379; x_wconf 85' lang='lat' dir='ltr'>Pro</span> <span class='ocrx_word' id='word_1_180' title='bbox 1173 1327 1248 1396; x_wconf 73' lang='lat' dir='ltr'>iusto</span> <span class='ocrx_word' id='word_1_181' title='bbox 1262 1326 1343 1379; x_wconf 81' lang='lat' dir='ltr'>datur</span> <span class='ocrx_word' id='word_1_182' title='bbox 1356 1323 1462 1394; x_wconf 83' lang='lat' dir='ltr'>impius,</span> <span class='ocrx_word' id='word_1_183' title='bbox 1477 1330 1502 1378; x_wconf 85' lang='lat' dir='ltr'>et</span> <span class='ocrx_word' id='word_1_184' title='bbox 1517 1339 1564 1394; x_wconf 91' lang='lat' dir='ltr'>pro</span> <span class='ocrx_word' id='word_1_185' title='bbox 1580 1322 1655 1377; x_wconf 83' lang='lat' dir='ltr'>rectis</span> <span class='ocrx_word' id='word_1_186' title='bbox 1670 1322 1784 1394; x_wconf 77' lang='lat' dir='ltr'>iniquus.</span> <span class='ocrx_word' id='word_1_187' title='bbox 1796 1320 1875 1376; x_wconf 82' lang='lat' dir='ltr'>lusti</span> 
     </span>
     <span class='ocr_line' id='line_1_14' title="bbox 521 1412 1876 1491; baseline -0.005 -17"><span class='ocrx_word' id='word_1_188' title='bbox 521 1431 634 1491; x_wconf 72' lang='lat' dir='ltr'>qqpuq·</span> <span class='ocrx_word' id='word_1_189' title='bbox 652 1431 723 1490; x_wconf 71' lang='grc' dir='ltr'>χχι,</span> <span class='ocrx_word' id='word_1_190' title='bbox 1072 1427 1100 1474; x_wconf 92' lang='lat' dir='ltr'>et</span> <span class='ocrx_word' id='word_1_191' title='bbox 1114 1419 1179 1473; x_wconf 88' lang='lat' dir='ltr'>recti</span> <span class='ocrx_word' id='word_1_192' title='bbox 1192 1432 1252 1473; x_wconf 87' lang='lat' dir='ltr'>esse</span> <span class='ocrx_word' id='word_1_193' title='bbox 1263 1417 1335 1472; x_wconf 85' lang='lat' dir='ltr'>idenr</span> <span class='ocrx_word' id='word_1_194' title='bbox 1346 1415 1482 1482; x_wconf 82' lang='lat' dir='ltr'>uidentur,</span> <span class='ocrx_word' id='word_1_195' title='bbox 1495 1414 1542 1469; x_wconf 88' lang='lat' dir='ltr'>scd</span> <span class='ocrx_word' id='word_1_196' title='bbox 1555 1413 1637 1469; x_wconf 87' lang='lat' dir='ltr'>distat</span> <span class='ocrx_word' id='word_1_197' title='bbox 1651 1413 1723 1469; x_wconf 89' lang='lat' dir='ltr'>inter</span> <span class='ocrx_word' id='word_1_198' title='bbox 1732 1412 1830 1483; x_wconf 89' lang='lat' dir='ltr'>impios</span> <span class='ocrx_word' id='word_1_199' title='bbox 1841 1422 1876 1467; x_wconf 86' lang='lat' dir='ltr'>et</span> 
     </span>
     <span class='ocr_line' id='line_1_15' title="bbox 265 1507 1873 1656; baseline -0.007 -33"><span class='ocrx_word' id='word_1_200' title='bbox 265 1566 391 1623; x_wconf 80' lang='lat' dir='ltr'>Peruerso</span> <span class='ocrx_word' id='word_1_201' title='bbox 415 1567 457 1622; x_wconf 87' lang='lat' dir='ltr'>oio</span> <span class='ocrx_word' id='word_1_202' title='bbox 481 1565 531 1620; x_wconf 90' lang='lat' dir='ltr'>oiri</span> <span class='ocrx_word' id='word_1_203' title='bbox 553 1564 641 1620; x_wconf 81' lang='lat' dir='ltr'>alieno</span> <span class='ocrx_word' id='word_1_204' title='bbox 654 1573 713 1620; x_wconf 76' lang='lat' dir='ltr'>ert:</span> <span class='ocrx_word' id='word_1_205' title='bbox 733 1565 779 1636; x_wconf 82' lang='lat' dir='ltr'>qru‘</span> <span class='ocrx_word' id='word_1_206' title='bbox 800 1574 889 1619; x_wconf 76' lang='lat' dir='ltr'>uatem</span> <span class='ocrx_word' id='word_1_207' title='bbox 907 1562 1021 1619; x_wconf 79' lang='lat' dir='ltr'>mundos</span> <span class='ocrx_word' id='word_1_208' title='bbox 1072 1507 1446 1656; x_wconf 45' lang='grc' dir='ltr'>ιᾞῗυζθῖοᾞζὲὃᾞῃῖἰὲἳζ</span> <span class='ocrx_word' id='word_1_209' title='bbox 1455 1522 1613 1655; x_wconf 50' lang='grc' dir='ltr'>0321ἓίἰὶῐὲ</span> <span class='ocrx_word' id='word_1_210' title='bbox 1613 1507 1780 1653; x_wconf 43' lang='grc' dir='ltr'>ωυζὲιᾚ</span> <span class='ocrx_word' id='word_1_211' title='bbox 1791 1520 1873 1652; x_wconf 48' lang='grc' dir='ltr'>Ἐξ</span> 
     </span>
     <span class='ocr_line' id='line_1_16' title="bbox 229 1613 1873 1748; baseline -0.004 -36"><span class='ocrx_word' id='word_1_212' title='bbox 229 1666 278 1724; x_wconf 83' lang='lat' dir='ltr'>ert,</span> <span class='ocrx_word' id='word_1_213' title='bbox 300 1666 399 1711; x_wconf 87' lang='lat' dir='ltr'>rectum</span> <span class='ocrx_word' id='word_1_214' title='bbox 426 1655 572 1727; x_wconf 71' lang='lat' dir='ltr'>spurcius.</span> <span class='ocrx_word' id='word_1_215' title='bbox 596 1651 673 1709; x_wconf 85' lang='lat' dir='ltr'>lustc</span> <span class='ocrx_word' id='word_1_216' title='bbox 695 1617 1122 1748; x_wconf 54' lang='lat' dir='ltr'>eoram[luminosiucre132ac</span> <span class='ocrx_word' id='word_1_217' title='bbox 1173 1617 1301 1747; x_wconf 37' lang='lat' dir='ltr'>„istem</span> <span class='ocrx_word' id='word_1_218' title='bbox 1319 1615 1459 1746; x_wconf 48' lang='lat' dir='ltr'>fiagioeoe</span> <span class='ocrx_word' id='word_1_219' title='bbox 1494 1698 1557 1745; x_wconf 67' lang='lat' dir='ltr'>mm</span> <span class='ocrx_word' id='word_1_220' title='bbox 1582 1639 1633 1745; x_wconf 59' lang='lat' dir='ltr'>ves</span> <span class='ocrx_word' id='word_1_221' title='bbox 1689 1613 1873 1745; x_wconf 43' lang='lat' dir='ltr'>[umqum</span> 
     </span>
     <span class='ocr_line' id='line_1_17' title="bbox 230 1703 1876 1855; baseline -0.004 -52"><span class='ocrx_word' id='word_1_222' title='bbox 230 1748 370 1820; x_wconf 87' lang='lat' dir='ltr'>proprium</span> <span class='ocrx_word' id='word_1_223' title='bbox 384 1755 426 1802; x_wconf 89' lang='lat' dir='ltr'>est</span> <span class='ocrx_word' id='word_1_224' title='bbox 442 1747 566 1801; x_wconf 79' lang='lat' dir='ltr'>humanm</span> <span class='ocrx_word' id='word_1_225' title='bbox 576 1745 749 1810; x_wconf 85' lang='lat' dir='ltr'>conditionis,</span> <span class='ocrx_word' id='word_1_226' title='bbox 764 1745 835 1800; x_wconf 89' lang='lat' dir='ltr'>uude</span> <span class='ocrx_word' id='word_1_227' title='bbox 859 1743 921 1798; x_wconf 90' lang='lat' dir='ltr'>alibi</span> <span class='ocrx_word' id='word_1_228' title='bbox 937 1744 1021 1800; x_wconf 87' lang='lat' dir='ltr'>dicit:</span> <span class='ocrx_word' id='word_1_229' title='bbox 1075 1707 1238 1855; x_wconf 55' lang='grc' dir='ltr'>ψοὲἶεῑὲω</span> <span class='ocrx_word' id='word_1_230' title='bbox 1256 1782 1405 1839; x_wconf 46' lang='lat' dir='ltr'><strong>redierunt·</strong></span> <span class='ocrx_word' id='word_1_231' title='bbox 1431 1703 1507 1838; x_wconf 56' lang='lat' dir='ltr'>Uffie</span> <span class='ocrx_word' id='word_1_232' title='bbox 1519 1729 1611 1852; x_wconf 51' lang='grc' dir='ltr'>Ροῖω</span> <span class='ocrx_word' id='word_1_233' title='bbox 1634 1705 1687 1836; x_wconf 52' lang='grc' dir='ltr'>,ξεῖ</span> <span class='ocrx_word' id='word_1_234' title='bbox 1699 1780 1727 1836; x_wconf 60' lang='lat' dir='ltr'>in</span> <span class='ocrx_word' id='word_1_235' title='bbox 1744 1705 1804 1836; x_wconf 58' lang='lat' dir='ltr'><strong>logo</strong></span> <span class='ocrx_word' id='word_1_236' title='bbox 1818 1781 1876 1836; x_wconf 47' lang='lat' dir='ltr'>im·</span> 
     </span>
    </p>
   </div>
   <div class='ocr_carea' id='block_1_3' title="bbox 233 1835 1873 1947">
    <p class='ocr_par' dir='ltr' id='par_1_3' title="bbox 233 1835 1873 1947">
     <span class='ocr_line' id='line_1_18' title="bbox 233 1835 1873 1947; baseline -0.002 -54"><span class='ocrx_word' id='word_1_237' title='bbox 233 1835 624 1907; x_wconf 72' lang='lat' dir='ltr'>Deunnimeetmoodutaejtts</span> <span class='ocrx_word' id='word_1_238' title='bbox 645 1836 952 1905; x_wconf 79' lang='lat' dir='ltr'>oisemo,bocerterrim</span> <span class='ocrx_word' id='word_1_239' title='bbox 966 1852 1024 1892; x_wconf 91' lang='lat' dir='ltr'>om·</span> <span class='ocrx_word' id='word_1_240' title='bbox 1074 1875 1134 1947; x_wconf 58' lang='lat' dir='ltr'>pius</span> <span class='ocrx_word' id='word_1_241' title='bbox 1148 1872 1370 1930; x_wconf 60' lang='lat' dir='ltr'>omnisssdefium</span> <span class='ocrx_word' id='word_1_242' title='bbox 1390 1881 1549 1945; x_wconf 46' lang='lat' dir='ltr'>persecutor</span> <span class='ocrx_word' id='word_1_243' title='bbox 1566 1873 1762 1944; x_wconf 44' lang='lat' dir='ltr'>&amp;emmim</span> <span class='ocrx_word' id='word_1_244' title='bbox 1780 1873 1873 1929; x_wconf 62' lang='lat' dir='ltr'>Pom</span> 
     </span>
    </p>
   </div>
   <div class='ocr_carea' id='block_1_4' title="bbox 1074 1965 1873 2132">
    <p class='ocr_par' dir='ltr' id='par_1_4' title="bbox 1074 1965 1873 2132">
     <span class='ocr_line' id='line_1_19' title="bbox 1074 1965 1872 2039; baseline -0.004 -16"><span class='ocrx_word' id='word_1_245' title='bbox 1074 1968 1227 2038; x_wconf 90' lang='lat' dir='ltr'>iniquorum</span> <span class='ocrx_word' id='word_1_246' title='bbox 1251 1966 1381 2023; x_wconf 83' lang='lat' dir='ltr'>vocabulo</span> <span class='ocrx_word' id='word_1_247' title='bbox 1403 1966 1564 2039; x_wconf 76' lang='lat' dir='ltr'>generaliter</span> <span class='ocrx_word' id='word_1_248' title='bbox 1584 1981 1679 2022; x_wconf 88' lang='lat' dir='ltr'>omncs</span> <span class='ocrx_word' id='word_1_249' title='bbox 1707 1966 1768 2021; x_wconf 84' lang='lat' dir='ltr'>mali</span> <span class='ocrx_word' id='word_1_250' title='bbox 1793 1965 1872 2021; x_wconf 78' lang='lat' dir='ltr'>desi-</span> 
     </span>
     <span class='ocr_line' id='line_1_20' title="bbox 1074 2056 1873 2132; baseline -0.001 -18"><span class='ocrx_word' id='word_1_251' title='bbox 1074 2059 1161 2132; x_wconf 76' lang='lat' dir='ltr'>gnari.</span> <span class='ocrx_word' id='word_1_252' title='bbox 1180 2058 1214 2114; x_wconf 80' lang='lat' dir='ltr'>Et</span> <span class='ocrx_word' id='word_1_253' title='bbox 1236 2074 1286 2130; x_wconf 88' lang='lat' dir='ltr'>pro</span> <span class='ocrx_word' id='word_1_254' title='bbox 1296 2056 1371 2127; x_wconf 81' lang='lat' dir='ltr'>justo</span> <span class='ocrx_word' id='word_1_255' title='bbox 1384 2060 1464 2114; x_wconf 90' lang='lat' dir='ltr'>datur</span> <span class='ocrx_word' id='word_1_256' title='bbox 1476 2058 1584 2129; x_wconf 86' lang='lat' dir='ltr'>impius,</span> <span class='ocrx_word' id='word_1_257' title='bbox 1604 2074 1665 2113; x_wconf 90' lang='lat' dir='ltr'>cum</span> <span class='ocrx_word' id='word_1_258' title='bbox 1680 2072 1730 2129; x_wconf 90' lang='lat' dir='ltr'>pro</span> <span class='ocrx_word' id='word_1_259' title='bbox 1745 2065 1873 2129; x_wconf 74' lang='lat' dir='ltr'>martyre</span> 
     </span>
    </p>
   </div>
   <div class='ocr_carea' id='block_1_5' title="bbox 229 1926 1025 2638">
    <p class='ocr_par' dir='ltr' id='par_1_5' title="bbox 230 1926 1025 2370">
     <span class='ocr_line' id='line_1_21' title="bbox 231 1926 1024 2000; baseline -0.006 -14"><span class='ocrx_word' id='word_1_260' title='bbox 231 1931 271 1985; x_wconf 81' lang='lat' dir='ltr'>rrlr</span> <span class='ocrx_word' id='word_1_261' title='bbox 283 1929 360 1984; x_wconf 87' lang='lat' dir='ltr'>bomo</span> <span class='ocrx_word' id='word_1_262' title='bbox 374 1927 469 2000; x_wconf 79' lang='lat' dir='ltr'>(Eccli.</span> <span class='ocrx_word' id='word_1_263' title='bbox 484 1926 544 2000; x_wconf 80' lang='lat' dir='ltr'>su).</span> <span class='ocrx_word' id='word_1_264' title='bbox 562 1928 598 1982; x_wconf 80' lang='lat' dir='ltr'>At</span> <span class='ocrx_word' id='word_1_265' title='bbox 618 1928 663 1998; x_wconf 91' lang='lat' dir='ltr'>qui</span> <span class='ocrx_word' id='word_1_266' title='bbox 677 1941 805 1998; x_wconf 84' lang='lat' dir='ltr'>perrcrse</span> <span class='ocrx_word' id='word_1_267' title='bbox 825 1927 893 1983; x_wconf 81' lang='lat' dir='ltr'>risit</span> <span class='ocrx_word' id='word_1_268' title='bbox 908 1927 1024 1983; x_wconf 89' lang='lat' dir='ltr'>alicnarn</span> 
     </span>
     <span class='ocr_line' id='line_1_22' title="bbox 230 2017 1024 2093; baseline -0.005 -14"><span class='ocrx_word' id='word_1_269' title='bbox 230 2017 351 2093; x_wconf 85' lang='lat' dir='ltr'>prolecto</span> <span class='ocrx_word' id='word_1_270' title='bbox 371 2034 388 2074; x_wconf 87' lang='lat' dir='ltr'>a</span> <span class='ocrx_word' id='word_1_271' title='bbox 405 2020 523 2074; x_wconf 88' lang='lat' dir='ltr'>bumana</span> <span class='ocrx_word' id='word_1_272' title='bbox 539 2027 635 2073; x_wconf 88' lang='lat' dir='ltr'>natura</span> <span class='ocrx_word' id='word_1_273' title='bbox 658 2019 730 2075; x_wconf 86' lang='lat' dir='ltr'>riam</span> <span class='ocrx_word' id='word_1_274' title='bbox 757 2019 868 2075; x_wconf 77' lang='lat' dir='ltr'>incedit.</span> <span class='ocrx_word' id='word_1_275' title='bbox 891 2018 1024 2075; x_wconf 76' lang='lat' dir='ltr'>Porsenna</span> 
     </span>
     <span class='ocr_line' id='line_1_23' title="bbox 230 2107 1024 2183; baseline -0.003 -16"><span class='ocrx_word' id='word_1_276' title='bbox 230 2124 295 2183; x_wconf 76' lang='lat' dir='ltr'>ergo</span> <span class='ocrx_word' id='word_1_277' title='bbox 309 2109 380 2167; x_wconf 81' lang='lat' dir='ltr'>actio</span> <span class='ocrx_word' id='word_1_278' title='bbox 394 2107 484 2164; x_wconf 90' lang='lat' dir='ltr'>aliena</span> <span class='ocrx_word' id='word_1_279' title='bbox 505 2116 586 2164; x_wconf 89' lang='lat' dir='ltr'>estet</span> <span class='ocrx_word' id='word_1_280' title='bbox 599 2117 695 2166; x_wconf 84' lang='lat' dir='ltr'>eontra</span> <span class='ocrx_word' id='word_1_281' title='bbox 708 2118 843 2167; x_wconf 88' lang='lat' dir='ltr'>naturam.</span> <span class='ocrx_word' id='word_1_282' title='bbox 866 2110 917 2178; x_wconf 81' lang='lat' dir='ltr'>Qui</span> <span class='ocrx_word' id='word_1_283' title='bbox 932 2119 1024 2166; x_wconf 87' lang='lat' dir='ltr'>auteur</span> 
     </span>
     <span class='ocr_line' id='line_1_24' title="bbox 230 2199 1025 2273; baseline -0.003 -16"><span class='ocrx_word' id='word_1_284' title='bbox 230 2200 347 2257; x_wconf 89' lang='lat' dir='ltr'>muudus</span> <span class='ocrx_word' id='word_1_285' title='bbox 359 2199 436 2256; x_wconf 87' lang='lat' dir='ltr'>estio</span> <span class='ocrx_word' id='word_1_286' title='bbox 445 2212 536 2270; x_wconf 88' lang='lat' dir='ltr'>opere,</span> <span class='ocrx_word' id='word_1_287' title='bbox 552 2199 596 2255; x_wconf 89' lang='lat' dir='ltr'>bic</span> <span class='ocrx_word' id='word_1_288' title='bbox 606 2209 681 2257; x_wconf 90' lang='lat' dir='ltr'>recte</span> <span class='ocrx_word' id='word_1_289' title='bbox 690 2201 762 2273; x_wconf 91' lang='lat' dir='ltr'>quod</span> <span class='ocrx_word' id='word_1_290' title='bbox 774 2215 824 2272; x_wconf 89' lang='lat' dir='ltr'>per</span> <span class='ocrx_word' id='word_1_291' title='bbox 836 2209 961 2257; x_wconf 84' lang='lat' dir='ltr'>naturam</span> <span class='ocrx_word' id='word_1_292' title='bbox 971 2200 1025 2256; x_wconf 88' lang='lat' dir='ltr'>ori-</span> 
     </span>
     <span class='ocr_line' id='line_1_25' title="bbox 230 2295 674 2370; baseline -0.014 -16"><span class='ocrx_word' id='word_1_293' title='bbox 230 2296 357 2370; x_wconf 79' lang='lat' dir='ltr'>ginaliter</span> <span class='ocrx_word' id='word_1_294' title='bbox 368 2295 494 2365; x_wconf 87' lang='lat' dir='ltr'>sumpsit,</span> <span class='ocrx_word' id='word_1_295' title='bbox 507 2295 674 2365; x_wconf 75' lang='lat' dir='ltr'>exsequitur.</span> 
     </span>
    </p>

    <p class='ocr_par' dir='ltr' id='par_1_6' title="bbox 229 2385 1025 2638">
     <span class='ocr_line' id='line_1_26' title="bbox 266 2385 1025 2457; baseline 0 -15"><span class='ocrx_word' id='word_1_296' title='bbox 266 2385 361 2443; x_wconf 69' lang='lat' dir='ltr'>Melius</span> <span class='ocrx_word' id='word_1_297' title='bbox 374 2395 411 2441; x_wconf 78' lang='lat' dir='ltr'>est</span> <span class='ocrx_word' id='word_1_298' title='bbox 424 2386 512 2440; x_wconf 81' lang='lat' dir='ltr'>redere</span> <span class='ocrx_word' id='word_1_299' title='bbox 522 2386 550 2440; x_wconf 82' lang='lat' dir='ltr'>in</span> <span class='ocrx_word' id='word_1_300' title='bbox 565 2385 661 2456; x_wconf 74' lang='lat' dir='ltr'>empulo</span> <span class='ocrx_word' id='word_1_301' title='bbox 676 2385 790 2441; x_wconf 79' lang='lat' dir='ltr'>domam</span> <span class='ocrx_word' id='word_1_302' title='bbox 801 2402 881 2457; x_wconf 85' lang='lat' dir='ltr'>quom</span> <span class='ocrx_word' id='word_1_303' title='bbox 894 2403 954 2442; x_wconf 82' lang='lat' dir='ltr'>cunr</span> <span class='ocrx_word' id='word_1_304' title='bbox 965 2402 1025 2441; x_wconf 85' lang='lat' dir='ltr'>mtt-</span> 
     </span>
     <span class='ocr_line' id='line_1_27' title="bbox 229 2476 1024 2550; baseline 0.003 -16"><span class='ocrx_word' id='word_1_305' title='bbox 229 2478 293 2534; x_wconf 81' lang='lat' dir='ltr'>licre</span> <span class='ocrx_word' id='word_1_306' title='bbox 302 2476 418 2550; x_wconf 77' lang='lat' dir='ltr'>iltlpiosu</span> <span class='ocrx_word' id='word_1_307' title='bbox 429 2477 456 2532; x_wconf 86' lang='lat' dir='ltr'>irr</span> <span class='ocrx_word' id='word_1_308' title='bbox 470 2476 547 2532; x_wconf 83' lang='lat' dir='ltr'>dumo</span> <span class='ocrx_word' id='word_1_309' title='bbox 557 2478 699 2532; x_wconf 79' lang='lat' dir='ltr'>communi.</span> <span class='ocrx_word' id='word_1_310' title='bbox 717 2476 791 2534; x_wconf 75' lang='lat' dir='ltr'>Adeo</span> <span class='ocrx_word' id='word_1_311' title='bbox 804 2494 898 2535; x_wconf 80' lang='lat' dir='ltr'>verum</span> <span class='ocrx_word' id='word_1_312' title='bbox 911 2488 953 2535; x_wconf 90' lang='lat' dir='ltr'>est</span> <span class='ocrx_word' id='word_1_313' title='bbox 964 2492 1024 2536; x_wconf 66' lang='lat' dir='ltr'>nte⁴</span> 
     </span>
     <span class='ocr_line' id='line_1_28' title="bbox 230 2566 1024 2638; baseline 0.001 -14"><span class='ocrx_word' id='word_1_314' title='bbox 230 2569 353 2625; x_wconf 88' lang='lat' dir='ltr'>liusesse</span> <span class='ocrx_word' id='word_1_315' title='bbox 371 2575 401 2624; x_wconf 90' lang='lat' dir='ltr'>ut</span> <span class='ocrx_word' id='word_1_316' title='bbox 415 2566 510 2624; x_wconf 86' lang='lat' dir='ltr'>sedeas</span> <span class='ocrx_word' id='word_1_317' title='bbox 526 2567 554 2622; x_wconf 91' lang='lat' dir='ltr'>in</span> <span class='ocrx_word' id='word_1_318' title='bbox 568 2567 666 2638; x_wconf 78' lang='lat' dir='ltr'>angulo</span> <span class='ocrx_word' id='word_1_319' title='bbox 679 2566 807 2636; x_wconf 88' lang='lat' dir='ltr'>domatis,</span> <span class='ocrx_word' id='word_1_320' title='bbox 830 2567 915 2625; x_wconf 90' lang='lat' dir='ltr'>idest</span> <span class='ocrx_word' id='word_1_321' title='bbox 931 2570 958 2625; x_wconf 89' lang='lat' dir='ltr'>iu</span> <span class='ocrx_word' id='word_1_322' title='bbox 977 2583 1024 2625; x_wconf 90' lang='lat' dir='ltr'>se·</span> 
     </span>
    </p>
   </div>
   <div class='ocr_carea' id='block_1_6' title="bbox 230 2658 1875 2774">
    <p class='ocr_par' dir='ltr' id='par_1_7' title="bbox 230 2658 1875 2774">
     <span class='ocr_line' id='line_1_29' title="bbox 230 2658 1875 2774; baseline 0.001 -57"><span class='ocrx_word' id='word_1_323' title='bbox 230 2666 303 2717; x_wconf 88' lang='lat' dir='ltr'>creta</span> <span class='ocrx_word' id='word_1_324' title='bbox 317 2658 458 2714; x_wconf 81' lang='lat' dir='ltr'>altitudine</span> <span class='ocrx_word' id='word_1_325' title='bbox 481 2658 544 2715; x_wconf 80' lang='lat' dir='ltr'>titae</span> <span class='ocrx_word' id='word_1_326' title='bbox 555 2658 762 2715; x_wconf 89' lang='lat' dir='ltr'>continentioris</span> <span class='ocrx_word' id='word_1_327' title='bbox 775 2674 857 2730; x_wconf 89' lang='lat' dir='ltr'>quam</span> <span class='ocrx_word' id='word_1_328' title='bbox 874 2676 937 2716; x_wconf 91' lang='lat' dir='ltr'>cum</span> <span class='ocrx_word' id='word_1_329' title='bbox 960 2676 1023 2717; x_wconf 89' lang='lat' dir='ltr'>mu·</span> <span class='ocrx_word' id='word_1_330' title='bbox 1074 2702 1218 2772; x_wconf 48' lang='lat' dir='ltr'>phetam</span> <span class='ocrx_word' id='word_1_331' title='bbox 1239 2702 1310 2758; x_wconf 56' lang='lat' dir='ltr'>dim</span> <span class='ocrx_word' id='word_1_332' title='bbox 1329 2710 1516 2774; x_wconf 47' lang='lat' dir='ltr'><strong>cognosceret·</strong></span> <span class='ocrx_word' id='word_1_333' title='bbox 1540 2702 1609 2759; x_wconf 56' lang='lat' dir='ltr'><strong>Hinc</strong></span> <span class='ocrx_word' id='word_1_334' title='bbox 1621 2702 1722 2758; x_wconf 51' lang='lat' dir='ltr'><strong>etenim</strong></span> <span class='ocrx_word' id='word_1_335' title='bbox 1738 2702 1875 2759; x_wconf 56' lang='lat' dir='ltr'><strong>Dominus</strong></span> 
     </span>
    </p>
   </div>
   <div class='ocr_carea' id='block_1_7' title="bbox 230 2750 1874 2958">
    <p class='ocr_par' dir='ltr' id='par_1_8' title="bbox 230 2750 1874 2958">
     <span class='ocr_line' id='line_1_30' title="bbox 230 2750 1874 2864; baseline -0.002 -56"><span class='ocrx_word' id='word_1_336' title='bbox 230 2750 378 2857; x_wconf 56' lang='lat' dir='ltr'><strong>Hem.m³¹¹f</strong></span> <span class='ocrx_word' id='word_1_337' title='bbox 392 2750 420 2806; x_wconf 92' lang='lat' dir='ltr'>iu</span> <span class='ocrx_word' id='word_1_338' title='bbox 436 2750 526 2855; x_wconf 66' lang='lat' dir='ltr'>domo,</span> <span class='ocrx_word' id='word_1_339' title='bbox 540 2765 601 2855; x_wconf 68' lang='lat' dir='ltr'>quse</span> <span class='ocrx_word' id='word_1_340' title='bbox 614 2751 662 2855; x_wconf 81' lang='lat' dir='ltr'>tibi</span> <span class='ocrx_word' id='word_1_341' title='bbox 677 2752 713 2807; x_wconf 89' lang='lat' dir='ltr'>sit</span> <span class='ocrx_word' id='word_1_342' title='bbox 726 2766 788 2808; x_wconf 90' lang='lat' dir='ltr'>cum</span> <span class='ocrx_word' id='word_1_343' title='bbox 805 2752 1022 2823; x_wconf 87' lang='lat' dir='ltr'>illacommuurs,</span> <span class='ocrx_word' id='word_1_344' title='bbox 1076 2793 1115 2848; x_wconf 48' lang='lat' dir='ltr'>ait</span> <span class='ocrx_word' id='word_1_345' title='bbox 1126 2809 1134 2849; x_wconf 39' lang='grc' dir='ltr'><strong>ἶ</strong></span> <span class='ocrx_word' id='word_1_346' title='bbox 1149 2790 1249 2864; x_wconf 55' lang='lat' dir='ltr'>Rem</span> <span class='ocrx_word' id='word_1_347' title='bbox 1264 2793 1355 2847; x_wconf 59' lang='lat' dir='ltr'>Am.</span> <span class='ocrx_word' id='word_1_348' title='bbox 1373 2792 1615 2863; x_wconf 51' lang='lat' dir='ltr'><strong><em>mmmmm</em></strong></span> <span class='ocrx_word' id='word_1_349' title='bbox 1629 2809 1688 2847; x_wconf 59' lang='lat' dir='ltr'>cm</span> <span class='ocrx_word' id='word_1_350' title='bbox 1703 2794 1874 2864; x_wconf 57' lang='lat' dir='ltr'>mmm</span> 
     </span>
     <span class='ocr_line' id='line_1_31' title="bbox 230 2841 1874 2958; baseline 0 -62"><span class='ocrx_word' id='word_1_351' title='bbox 230 2851 261 2898; x_wconf 92' lang='lat' dir='ltr'>ut</span> <span class='ocrx_word' id='word_1_352' title='bbox 270 2850 378 2899; x_wconf 79' lang='lat' dir='ltr'>etiamst</span> <span class='ocrx_word' id='word_1_353' title='bbox 390 2850 492 2912; x_wconf 74' lang='lat' dir='ltr'>optuma</span> <span class='ocrx_word' id='word_1_354' title='bbox 506 2842 555 2898; x_wconf 86' lang='lat' dir='ltr'>trbt</span> <span class='ocrx_word' id='word_1_355' title='bbox 568 2841 666 2898; x_wconf 82' lang='lat' dir='ltr'>multer</span> <span class='ocrx_word' id='word_1_356' title='bbox 676 2842 798 2899; x_wconf 88' lang='lat' dir='ltr'>ducenda</span> <span class='ocrx_word' id='word_1_357' title='bbox 812 2841 952 2913; x_wconf 77' lang='lat' dir='ltr'>offeratur,</span> <span class='ocrx_word' id='word_1_358' title='bbox 966 2860 1024 2902; x_wconf 88' lang='lat' dir='ltr'>me·</span> <span class='ocrx_word' id='word_1_359' title='bbox 1074 2883 1146 2952; x_wconf 48' lang='lat' dir='ltr'>ma,</span> <span class='ocrx_word' id='word_1_360' title='bbox 1166 2893 1191 2938; x_wconf 55' lang='lat' dir='ltr'><em>n</em></span> <span class='ocrx_word' id='word_1_361' title='bbox 1204 2883 1385 2939; x_wconf 51' lang='lat' dir='ltr'><strong><em>emmam</em></strong></span> <span class='ocrx_word' id='word_1_362' title='bbox 1399 2901 1474 2951; x_wconf 45' lang='lat' dir='ltr'>mm,</span> <span class='ocrx_word' id='word_1_363' title='bbox 1487 2892 1541 2940; x_wconf 43' lang='lat' dir='ltr'>ew·</span> <span class='ocrx_word' id='word_1_364' title='bbox 1557 2884 1633 2954; x_wconf 31' lang='lat' dir='ltr'>(Luc,</span> <span class='ocrx_word' id='word_1_365' title='bbox 1653 2883 1704 2957; x_wconf 42' lang='grc' dir='ltr'>Η.)</span> <span class='ocrx_word' id='word_1_366' title='bbox 1729 2884 1788 2942; x_wconf 61' lang='lat' dir='ltr'>Non</span> <span class='ocrx_word' id='word_1_367' title='bbox 1804 2887 1874 2958; x_wconf 49' lang='lat' dir='ltr'>quia</span> 
     </span>
    </p>
   </div>
   <div class='ocr_carea' id='block_1_8' title="bbox 231 2932 1873 3048">
    <p class='ocr_par' dir='ltr' id='par_1_9' title="bbox 231 2932 1873 3048">
     <span class='ocr_line' id='line_1_32' title="bbox 231 2932 1873 3048; baseline 0.003 -60"><span class='ocrx_word' id='word_1_368' title='bbox 231 2934 282 2990; x_wconf 83' lang='lat' dir='ltr'>iius</span> <span class='ocrx_word' id='word_1_369' title='bbox 295 2934 332 2990; x_wconf 89' lang='lat' dir='ltr'>sit</span> <span class='ocrx_word' id='word_1_370' title='bbox 343 2940 499 3004; x_wconf 87' lang='lat' dir='ltr'>contempto</span> <span class='ocrx_word' id='word_1_371' title='bbox 513 2932 649 2990; x_wconf 84' lang='lat' dir='ltr'>eorruubio</span> <span class='ocrx_word' id='word_1_372' title='bbox 661 2941 772 3005; x_wconf 87' lang='lat' dir='ltr'>propter</span> <span class='ocrx_word' id='word_1_373' title='bbox 786 2935 946 2991; x_wconf 88' lang='lat' dir='ltr'>comitatum</span> <span class='ocrx_word' id='word_1_374' title='bbox 960 2937 1023 3008; x_wconf 80' lang='lat' dir='ltr'>agni</span> <span class='ocrx_word' id='word_1_375' title='bbox 1076 2976 1134 3046; x_wconf 53' lang='lat' dir='ltr'>ipsa</span> <span class='ocrx_word' id='word_1_376' title='bbox 1147 2991 1194 3031; x_wconf 53' lang='lat' dir='ltr'>sua</span> <span class='ocrx_word' id='word_1_377' title='bbox 1207 2974 1307 3031; x_wconf 45' lang='lat' dir='ltr'><strong>vinum</strong></span> <span class='ocrx_word' id='word_1_378' title='bbox 1318 2989 1351 3031; x_wconf 57' lang='lat' dir='ltr'>ac</span> <span class='ocrx_word' id='word_1_379' title='bbox 1363 2976 1481 3046; x_wconf 88' lang='lat' dir='ltr'>potentia</span> <span class='ocrx_word' id='word_1_380' title='bbox 1492 2975 1693 3043; x_wconf 42' lang='lat' dir='ltr'>mmmm</span> <span class='ocrx_word' id='word_1_381' title='bbox 1705 2977 1754 3034; x_wconf 48' lang='lat' dir='ltr'>sed</span> <span class='ocrx_word' id='word_1_382' title='bbox 1766 2977 1831 3048; x_wconf 53' lang='lat' dir='ltr'>quia</span> <span class='ocrx_word' id='word_1_383' title='bbox 1841 2978 1873 3035; x_wconf 56' lang='lat' dir='ltr'>in</span> 
     </span>
    </p>
   </div>
   <div class='ocr_carea' id='block_1_9' title="bbox 230 3023 1875 3141">
    <p class='ocr_par' dir='ltr' id='par_1_10' title="bbox 230 3023 1875 3141">
     <span class='ocr_line' id='line_1_33' title="bbox 230 3023 1875 3141; baseline 0.018 -44"><span class='ocrx_word' id='word_1_384' title='bbox 230 3025 355 3081; x_wconf 71' lang='lat' dir='ltr'>⁰oe¹¹¹l0ffl</span> <span class='ocrx_word' id='word_1_385' title='bbox 365 3025 466 3080; x_wconf 59' lang='lat' dir='ltr'><strong>ducere</strong></span> <span class='ocrx_word' id='word_1_386' title='bbox 478 3035 572 3079; x_wconf 65' lang='lat'>&#39;&#39;¹¹³⁰“</span> <span class='ocrx_word' id='word_1_387' title='bbox 1037 3023 1060 3087; x_wconf 71' lang='lat' dir='ltr'>C</span> <span class='ocrx_word' id='word_1_388' title='bbox 1075 3067 1134 3139; x_wconf 77' lang='lat' dir='ltr'>eius</span> <span class='ocrx_word' id='word_1_389' title='bbox 1147 3068 1349 3141; x_wconf 87' lang='lat' dir='ltr'>comparatione</span> <span class='ocrx_word' id='word_1_390' title='bbox 1363 3067 1624 3135; x_wconf 81' lang='lat' dir='ltr'>condemnabuntur,</span> <span class='ocrx_word' id='word_1_391' title='bbox 1639 3067 1685 3140; x_wconf 89' lang='lat' dir='ltr'>qui</span> <span class='ocrx_word' id='word_1_392' title='bbox 1698 3068 1875 3126; x_wconf 84' lang='lat' dir='ltr'>devotionem</span> 
     </span>
    </p>
   </div>
   <div class='ocr_carea' id='block_1_10' title="bbox 230 3136 1876 3308">
    <p class='ocr_par' dir='ltr' id='par_1_11' title="bbox 230 3136 1876 3308">
     <span class='ocr_line' id='line_1_34' title="bbox 266 3136 1876 3234; baseline 0.002 -19"><span class='ocrx_word' id='word_1_393' title='bbox 266 3136 319 3206; x_wconf 65' lang='lat'>0⁸⁵</span> <span class='ocrx_word' id='word_1_394' title='bbox 331 3137 436 3193; x_wconf 57' lang='lat' dir='ltr'>”imi</span> <span class='ocrx_word' id='word_1_395' title='bbox 455 3152 546 3192; x_wconf 62' lang='lat' dir='ltr'>“mm</span> <span class='ocrx_word' id='word_1_396' title='bbox 559 3153 634 3193; x_wconf 60' lang='grc' dir='ltr'>*Μ</span> <span class='ocrx_word' id='word_1_397' title='bbox 646 3137 682 3193; x_wconf 62' lang='lat' dir='ltr'>“d</span> <span class='ocrx_word' id='word_1_398' title='bbox 691 3138 832 3195; x_wconf 51' lang='lat' dir='ltr'>‘mimmii</span> <span class='ocrx_word' id='word_1_399' title='bbox 845 3141 977 3213; x_wconf 61' lang='lat' dir='ltr'>l’wl’eii&#39;b</span> <span class='ocrx_word' id='word_1_400' title='bbox 1000 3151 1025 3198; x_wconf 57' lang='lat'>⁶1</span> <span class='ocrx_word' id='word_1_401' title='bbox 1075 3161 1133 3232; x_wconf 84' lang='lat' dir='ltr'>ejus</span> <span class='ocrx_word' id='word_1_402' title='bbox 1144 3162 1280 3228; x_wconf 87' lang='lat' dir='ltr'>scientes,</span> <span class='ocrx_word' id='word_1_403' title='bbox 1293 3176 1354 3218; x_wconf 92' lang='lat' dir='ltr'>cum</span> <span class='ocrx_word' id='word_1_404' title='bbox 1369 3159 1455 3217; x_wconf 88' lang='lat' dir='ltr'>multo</span> <span class='ocrx_word' id='word_1_405' title='bbox 1466 3158 1573 3223; x_wconf 83' lang='lat' dir='ltr'>tactttns</span> <span class='ocrx_word' id='word_1_406' title='bbox 1587 3169 1715 3231; x_wconf 88' lang='lat' dir='ltr'>possent,</span> <span class='ocrx_word' id='word_1_407' title='bbox 1731 3160 1876 3234; x_wconf 77' lang='lat' dir='ltr'>sapientire</span> 
     </span>
     <span class='ocr_line' id='line_1_35' title="bbox 230 3227 1517 3308; baseline 0.004 -25"><span class='ocrx_word' id='word_1_408' title='bbox 230 3231 285 3300; x_wconf 85' lang='lat' dir='ltr'>ipre</span> <span class='ocrx_word' id='word_1_409' title='bbox 295 3227 418 3284; x_wconf 82' lang='lat' dir='ltr'>clamabit</span> <span class='ocrx_word' id='word_1_410' title='bbox 432 3236 456 3283; x_wconf 79' lang='lat' dir='ltr'>et</span> <span class='ocrx_word' id='word_1_411' title='bbox 470 3243 523 3284; x_wconf 88' lang='lat' dir='ltr'>rrorr</span> <span class='ocrx_word' id='word_1_412' title='bbox 539 3228 707 3285; x_wconf 74' lang='lat' dir='ltr'>emollietur.</span> <span class='ocrx_word' id='word_1_413' title='bbox 721 3228 891 3288; x_wconf 78' lang='lat' dir='ltr'>Generaliter</span> <span class='ocrx_word' id='word_1_414' title='bbox 906 3232 963 3289; x_wconf 84' lang='lat' dir='ltr'>baec</span> <span class='ocrx_word' id='word_1_415' title='bbox 977 3248 1024 3289; x_wconf 88' lang='lat' dir='ltr'>ao·</span> <span class='ocrx_word' id='word_1_416' title='bbox 1075 3268 1169 3308; x_wconf 58' lang='lat' dir='ltr'>cupam</span> <span class='ocrx_word' id='word_1_417' title='bbox 1183 3251 1393 3308; x_wconf 59' lang='lat' dir='ltr'>dissimulabam</span> <span class='ocrx_word' id='word_1_418' title='bbox 1407 3250 1517 3307; x_wconf 59' lang='lat' dir='ltr'>habere,</span> 
     </span>
    </p>
   </div>
   <div class='ocr_carea' id='block_1_11' title="bbox 230 3317 1876 3506">
    <p class='ocr_par' dir='ltr' id='par_1_12' title="bbox 230 3317 1876 3506">
     <span class='ocr_line' id='line_1_36' title="bbox 230 3317 1875 3400; baseline 0.005 -10"><span class='ocrx_word' id='word_1_419' title='bbox 230 3317 519 3390; x_wconf 68' lang='lat' dir='ltr'>splendescimus,</span> <span class='ocrx_word' id='word_1_420' title='bbox 533 3325 561 3375; x_wconf 71' lang='lat'>0¹</span> <span class='ocrx_word' id='word_1_421' title='bbox 575 3334 630 3387; x_wconf 69' lang='lat'>¹¹⁰⁰</span> <span class='ocrx_word' id='word_1_422' title='bbox 648 3319 682 3375; x_wconf 66' lang='lat' dir='ltr'>de</span> <span class='ocrx_word' id='word_1_423' title='bbox 695 3335 780 3390; x_wconf 58' lang='lat' dir='ltr'>‘idem</span> <span class='ocrx_word' id='word_1_424' title='bbox 796 3329 900 3377; x_wconf 65' lang='lat' dir='ltr'>linium</span> <span class='ocrx_word' id='word_1_425' title='bbox 912 3322 954 3376; x_wconf 67' lang='lat' dir='ltr'>iel</span> <span class='ocrx_word' id='word_1_426' title='bbox 965 3337 1026 3378; x_wconf 60' lang='lat'>0⁰1·</span> <span class='ocrx_word' id='word_1_427' title='bbox 1112 3340 1262 3397; x_wconf 83' lang='lat' dir='ltr'>Tirerourrts</span> <span class='ocrx_word' id='word_1_428' title='bbox 1297 3340 1478 3398; x_wconf 78' lang='lat' dir='ltr'>desiderabilis</span> <span class='ocrx_word' id='word_1_429' title='bbox 1504 3351 1529 3397; x_wconf 87' lang='lat' dir='ltr'>et</span> <span class='ocrx_word' id='word_1_430' title='bbox 1553 3341 1640 3398; x_wconf 82' lang='lat' dir='ltr'>oleum</span> <span class='ocrx_word' id='word_1_431' title='bbox 1665 3343 1694 3397; x_wconf 85' lang='lat' dir='ltr'>in</span> <span class='ocrx_word' id='word_1_432' title='bbox 1719 3342 1875 3400; x_wconf 77' lang='lat' dir='ltr'>habitaculo</span> 
     </span>
     <span class='ocr_line' id='line_1_37' title="bbox 231 3405 1876 3506; baseline 0.007 -27"><span class='ocrx_word' id='word_1_433' title='bbox 231 3408 359 3479; x_wconf 74' lang='lat' dir='ltr'>porutter</span> <span class='ocrx_word' id='word_1_434' title='bbox 375 3406 493 3465; x_wconf 75' lang='lat' dir='ltr'>ruarmo.</span> <span class='ocrx_word' id='word_1_435' title='bbox 505 3405 574 3464; x_wconf 75' lang='lat' dir='ltr'>uam</span> <span class='ocrx_word' id='word_1_436' title='bbox 594 3409 681 3479; x_wconf 76' lang='lat' dir='ltr'>etqua</span> <span class='ocrx_word' id='word_1_437' title='bbox 695 3409 723 3464; x_wconf 80' lang='lat' dir='ltr'>n</span> <span class='ocrx_word' id='word_1_438' title='bbox 745 3410 904 3467; x_wconf 70' lang='lat' dir='ltr'>criminibus</span> <span class='ocrx_word' id='word_1_439' title='bbox 917 3412 1025 3479; x_wconf 81' lang='lat' dir='ltr'>alienis,</span> <span class='ocrx_word' id='word_1_440' title='bbox 1072 3433 1154 3504; x_wconf 69' lang='lat' dir='ltr'>mo,</span> <span class='ocrx_word' id='word_1_441' title='bbox 1170 3432 1321 3504; x_wconf 68' lang='lat' dir='ltr'>teporem</span> <span class='ocrx_word' id='word_1_442' title='bbox 1337 3432 1415 3488; x_wconf 78' lang='lat' dir='ltr'>tomo</span> <span class='ocrx_word' id='word_1_443' title='bbox 1428 3434 1565 3506; x_wconf 70' lang='lat' dir='ltr'>oropum</span> <span class='ocrx_word' id='word_1_444' title='bbox 1584 3433 1660 3491; x_wconf 76' lang='lat' dir='ltr'>rttoe.</span> <span class='ocrx_word' id='word_1_445' title='bbox 1682 3434 1803 3493; x_wconf 67' lang='lat' dir='ltr'>sternas</span> <span class='ocrx_word' id='word_1_446' title='bbox 1823 3436 1876 3491; x_wconf 64' lang='lat' dir='ltr'>uo</span> 
     </span>
    </p>
   </div>
   <div class='ocr_carea' id='block_1_12' title="bbox 231 3498 1874 3685">
    <p class='ocr_par' dir='ltr' id='par_1_13' title="bbox 231 3498 1874 3685">
     <span class='ocr_line' id='line_1_38' title="bbox 231 3498 1874 3597; baseline 0.002 -41"><span class='ocrx_word' id='word_1_447' title='bbox 231 3516 286 3559; x_wconf 90' lang='lat' dir='ltr'>uon</span> <span class='ocrx_word' id='word_1_448' title='bbox 299 3498 396 3557; x_wconf 76' lang='lat' dir='ltr'>affectu</span> <span class='ocrx_word' id='word_1_449' title='bbox 412 3500 606 3557; x_wconf 80' lang='lat' dir='ltr'>misericordiae</span> <span class='ocrx_word' id='word_1_450' title='bbox 630 3501 796 3559; x_wconf 87' lang='lat' dir='ltr'>cumdolore</span> <span class='ocrx_word' id='word_1_451' title='bbox 809 3504 858 3560; x_wconf 90' lang='lat' dir='ltr'>sed</span> <span class='ocrx_word' id='word_1_452' title='bbox 876 3503 1026 3575; x_wconf 83' lang='lat' dir='ltr'>judicantis</span> <span class='ocrx_word' id='word_1_453' title='bbox 1076 3537 1172 3580; x_wconf 62' lang='lat' dir='ltr'>„opum</span> <span class='ocrx_word' id='word_1_454' title='bbox 1185 3536 1297 3594; x_wconf 61' lang='lat' dir='ltr'>operum</span> <span class='ocrx_word' id='word_1_455' title='bbox 1315 3523 1429 3579; x_wconf 64' lang='lat' dir='ltr'>pomino</span> <span class='ocrx_word' id='word_1_456' title='bbox 1439 3538 1546 3594; x_wconf 51' lang='lat' dir='ltr'>sempe,</span> <span class='ocrx_word' id='word_1_457' title='bbox 1560 3524 1685 3591; x_wconf 57' lang='lat' dir='ltr'>amabili,</span> <span class='ocrx_word' id='word_1_458' title='bbox 1695 3527 1874 3597; x_wconf 48' lang='lat' dir='ltr'>apinam,</span> 
     </span>
     <span class='ocr_line' id='line_1_39' title="bbox 232 3590 1873 3685; baseline 0.002 -40"><span class='ocrx_word' id='word_1_459' title='bbox 232 3590 1027 3656; x_wconf 81' lang='lat' dir='ltr'>inueniturtenerecensuram,ostenditseoecdumtlitio·</span> <span class='ocrx_word' id='word_1_460' title='bbox 1076 3611 1228 3668; x_wconf 59' lang='lat' dir='ltr'>dqlpcqonqs</span> <span class='ocrx_word' id='word_1_461' title='bbox 1254 3613 1282 3668; x_wconf 72' lang='lat' dir='ltr'>q„</span> <span class='ocrx_word' id='word_1_462' title='bbox 1303 3619 1460 3668; x_wconf 49' lang='lat' dir='ltr'>sanctorum</span> <span class='ocrx_word' id='word_1_463' title='bbox 1485 3612 1607 3670; x_wconf 55' lang='lat' dir='ltr'>Ecclesia</span> <span class='ocrx_word' id='word_1_464' title='bbox 1632 3611 1759 3685; x_wconf 46' lang='lat' dir='ltr'>refulget·</span> <span class='ocrx_word' id='word_1_465' title='bbox 1784 3613 1873 3682; x_wconf 56' lang='lat' dir='ltr'><strong>Quem</strong></span> 
     </span>
    </p>
   </div>
   <div class='ocr_carea' id='block_1_13' title="bbox 230 3678 1875 4874">
    <p class='ocr_par' dir='ltr' id='par_1_14' title="bbox 231 3678 1875 3868">
     <span class='ocr_line' id='line_1_40' title="bbox 231 3678 1871 3775; baseline 0.001 -39"><span class='ocrx_word' id='word_1_466' title='bbox 231 3696 291 3736; x_wconf 82' lang='lat' dir='ltr'>runa</span> <span class='ocrx_word' id='word_1_467' title='bbox 305 3678 409 3736; x_wconf 78' lang='lat' dir='ltr'>fecibus</span> <span class='ocrx_word' id='word_1_468' title='bbox 421 3678 579 3750; x_wconf 87' lang='lat' dir='ltr'>eliquatum,</span> <span class='ocrx_word' id='word_1_469' title='bbox 597 3694 685 3751; x_wconf 90' lang='lat' dir='ltr'>neque</span> <span class='ocrx_word' id='word_1_470' title='bbox 699 3682 792 3738; x_wconf 86' lang='lat' dir='ltr'>auditu</span> <span class='ocrx_word' id='word_1_471' title='bbox 805 3683 902 3741; x_wconf 80' lang='lat' dir='ltr'>diriore</span> <span class='ocrx_word' id='word_1_472' title='bbox 912 3685 1026 3741; x_wconf 87' lang='lat' dir='ltr'>misera·</span> <span class='ocrx_word' id='word_1_473' title='bbox 1077 3701 1238 3759; x_wconf 58' lang='lat' dir='ltr'><strong>versiculum</strong></span> <span class='ocrx_word' id='word_1_474' title='bbox 1254 3701 1286 3756; x_wconf 89' lang='lat' dir='ltr'>B.</span> <span class='ocrx_word' id='word_1_475' title='bbox 1302 3717 1372 3774; x_wconf 57' lang='lat' dir='ltr'>papa</span> <span class='ocrx_word' id='word_1_476' title='bbox 1385 3700 1532 3775; x_wconf 58' lang='lat' dir='ltr'><strong>Gregorius</strong></span> <span class='ocrx_word' id='word_1_477' title='bbox 1548 3704 1576 3759; x_wconf 65' lang='lat' dir='ltr'>q„</span> <span class='ocrx_word' id='word_1_478' title='bbox 1593 3702 1713 3765; x_wconf 64' lang='lat' dir='ltr'>homqps</span> <span class='ocrx_word' id='word_1_479' title='bbox 1731 3704 1871 3775; x_wconf 53' lang='lat' dir='ltr'>Emgffl</span> 
     </span>
     <span class='ocr_line' id='line_1_41' title="bbox 231 3769 1875 3868; baseline -0.002 -15"><span class='ocrx_word' id='word_1_480' title='bbox 231 3770 313 3827; x_wconf 57' lang='lat'>“⁰⁰3⁸</span> <span class='ocrx_word' id='word_1_481' title='bbox 324 3769 443 3826; x_wconf 53' lang='lat' dir='ltr'>⁰¹5⁸oeoe</span> <span class='ocrx_word' id='word_1_482' title='bbox 458 3770 577 3843; x_wconf 56' lang='lat' dir='ltr'>dignum·</span> <span class='ocrx_word' id='word_1_483' title='bbox 1073 3796 1151 3868; x_wconf 81' lang='lat' dir='ltr'>juxta</span> <span class='ocrx_word' id='word_1_484' title='bbox 1165 3793 1306 3866; x_wconf 89' lang='lat' dir='ltr'>antiquam</span> <span class='ocrx_word' id='word_1_485' title='bbox 1319 3793 1523 3851; x_wconf 86' lang='lat' dir='ltr'>translationem</span> <span class='ocrx_word' id='word_1_486' title='bbox 1535 3794 1625 3865; x_wconf 83' lang='lat' dir='ltr'>posuit</span> <span class='ocrx_word' id='word_1_487' title='bbox 1640 3810 1646 3848; x_wconf 94' lang='lat'><strong>:</strong></span> <span class='ocrx_word' id='word_1_488' title='bbox 1663 3791 1818 3850; x_wconf 73' lang='lat' dir='ltr'>Thesaurus</span> <span class='ocrx_word' id='word_1_489' title='bbox 1829 3794 1875 3850; x_wconf 81' lang='lat' dir='ltr'>tle-</span> 
     </span>
    </p>

    <p class='ocr_par' dir='ltr' id='par_1_15' title="bbox 230 3884 1875 4874">
     <span class='ocr_line' id='line_1_42' title="bbox 266 3884 1873 3958; baseline -0.002 -14"><span class='ocrx_word' id='word_1_490' title='bbox 266 3887 364 3944; x_wconf 81' lang='lat' dir='ltr'>llrmss</span> <span class='ocrx_word' id='word_1_491' title='bbox 380 3886 561 3943; x_wconf 79' lang='lat' dir='ltr'>absconditum</span> <span class='ocrx_word' id='word_1_492' title='bbox 580 3887 725 3958; x_wconf 63' lang='lat' dir='ltr'>exstinguet</span> <span class='ocrx_word' id='word_1_493' title='bbox 748 3887 825 3954; x_wconf 84' lang='lat' dir='ltr'>irus,</span> <span class='ocrx_word' id='word_1_494' title='bbox 845 3898 871 3943; x_wconf 88' lang='lat' dir='ltr'>et</span> <span class='ocrx_word' id='word_1_495' title='bbox 886 3889 985 3946; x_wconf 79' lang='lat' dir='ltr'>donum</span> <span class='ocrx_word' id='word_1_496' title='bbox 997 3892 1026 3947; x_wconf 78' lang='lat' dir='ltr'>in</span> <span class='ocrx_word' id='word_1_497' title='bbox 1076 3884 1225 3942; x_wconf 83' lang='lat' dir='ltr'>ridembr&#39;lr&#39;s</span> <span class='ocrx_word' id='word_1_498' title='bbox 1244 3884 1380 3956; x_wconf 80' lang='lat' dir='ltr'>requiescit</span> <span class='ocrx_word' id='word_1_499' title='bbox 1394 3885 1421 3938; x_wconf 84' lang='lat' dir='ltr'>irr</span> <span class='ocrx_word' id='word_1_500' title='bbox 1433 3900 1478 3939; x_wconf 89' lang='lat' dir='ltr'>ore</span> <span class='ocrx_word' id='word_1_501' title='bbox 1492 3884 1639 3955; x_wconf 76' lang='lat' dir='ltr'>sapientis:</span> <span class='ocrx_word' id='word_1_502' title='bbox 1653 3899 1748 3939; x_wconf 84' lang='lat' dir='ltr'>terum</span> <span class='ocrx_word' id='word_1_503' title='bbox 1761 3884 1873 3957; x_wconf 82' lang='lat' dir='ltr'>reprobi</span> 
     </span>
     <span class='ocr_line' id='line_1_43' title="bbox 230 3973 1872 4049; baseline -0.003 -14"><span class='ocrx_word' id='word_1_504' title='bbox 230 3981 291 4035; x_wconf 80' lang='lat' dir='ltr'>r&#39;ero</span> <span class='ocrx_word' id='word_1_505' title='bbox 305 3977 512 4048; x_wconf 73' lang='lat' dir='ltr'>indipootr&#39;orrem</span> <span class='ocrx_word' id='word_1_506' title='bbox 527 3977 680 4032; x_wconf 71' lang='lat' dir='ltr'>monimum.</span> <span class='ocrx_word' id='word_1_507' title='bbox 696 3975 747 4045; x_wconf 82' lang='lat' dir='ltr'>Qui</span> <span class='ocrx_word' id='word_1_508' title='bbox 762 3977 831 4033; x_wconf 91' lang='lat' dir='ltr'>iram</span> <span class='ocrx_word' id='word_1_509' title='bbox 852 3977 968 4035; x_wconf 82' lang='lat' dir='ltr'>districti</span> <span class='ocrx_word' id='word_1_510' title='bbox 982 3978 1026 4049; x_wconf 82' lang='lat' dir='ltr'>ju·</span> <span class='ocrx_word' id='word_1_511' title='bbox 1076 3992 1131 4033; x_wconf 90' lang='lat' dir='ltr'>uou</span> <span class='ocrx_word' id='word_1_512' title='bbox 1142 3986 1245 4033; x_wconf 90' lang='lat' dir='ltr'>tantum</span> <span class='ocrx_word' id='word_1_513' title='bbox 1259 3976 1437 4031; x_wconf 86' lang='lat' dir='ltr'>virtutesoou</span> <span class='ocrx_word' id='word_1_514' title='bbox 1449 3973 1566 4046; x_wconf 87' lang='lat' dir='ltr'>assequi,</span> <span class='ocrx_word' id='word_1_515' title='bbox 1578 3974 1625 4030; x_wconf 87' lang='lat' dir='ltr'>sed</span> <span class='ocrx_word' id='word_1_516' title='bbox 1637 3974 1720 4030; x_wconf 84' lang='lat' dir='ltr'>etiarn</span> <span class='ocrx_word' id='word_1_517' title='bbox 1732 3974 1872 4047; x_wconf 79' lang='lat' dir='ltr'>persequi,</span> 
     </span>
     <span class='ocr_line' id='line_1_44' title="bbox 231 4062 1875 4146; baseline -0.005 -16"><span class='ocrx_word' id='word_1_518' title='bbox 231 4075 311 4141; x_wconf 89' lang='lat' dir='ltr'>dicis,</span> <span class='ocrx_word' id='word_1_519' title='bbox 335 4087 418 4146; x_wconf 88' lang='lat' dir='ltr'>quarn</span> <span class='ocrx_word' id='word_1_520' title='bbox 442 4071 580 4143; x_wconf 79' lang='lat' dir='ltr'>peccando</span> <span class='ocrx_word' id='word_1_521' title='bbox 609 4073 719 4139; x_wconf 87' lang='lat' dir='ltr'>meruit,</span> <span class='ocrx_word' id='word_1_522' title='bbox 746 4072 855 4143; x_wconf 81' lang='lat' dir='ltr'>placere</span> <span class='ocrx_word' id='word_1_523' title='bbox 878 4074 1025 4146; x_wconf 78' lang='lat' dir='ltr'>desiderat,</span> <span class='ocrx_word' id='word_1_524' title='bbox 1076 4076 1104 4124; x_wconf 92' lang='lat' dir='ltr'>et</span> <span class='ocrx_word' id='word_1_525' title='bbox 1116 4075 1247 4137; x_wconf 87' lang='lat' dir='ltr'>quantum</span> <span class='ocrx_word' id='word_1_526' title='bbox 1259 4063 1352 4121; x_wconf 81' lang='lat' dir='ltr'>valent</span> <span class='ocrx_word' id='word_1_527' title='bbox 1363 4063 1390 4119; x_wconf 90' lang='lat' dir='ltr'>iu</span> <span class='ocrx_word' id='word_1_528' title='bbox 1406 4064 1484 4120; x_wconf 89' lang='lat' dir='ltr'>bonis</span> <span class='ocrx_word' id='word_1_529' title='bbox 1493 4065 1608 4120; x_wconf 90' lang='lat' dir='ltr'>obruere</span> <span class='ocrx_word' id='word_1_530' title='bbox 1620 4062 1762 4120; x_wconf 82' lang='lat' dir='ltr'>festinant.</span> <span class='ocrx_word' id='word_1_531' title='bbox 1778 4064 1875 4122; x_wconf 83' lang='lat' dir='ltr'>Potest</span> 
     </span>
     <span class='ocr_line' id='line_1_45' title="bbox 231 4153 1873 4239; baseline -0.007 -17"><span class='ocrx_word' id='word_1_532' title='bbox 231 4167 417 4239; x_wconf 76' lang='lat' dir='ltr'>eleemosynas</span> <span class='ocrx_word' id='word_1_533' title='bbox 429 4165 475 4220; x_wconf 88' lang='lat' dir='ltr'>det</span> <span class='ocrx_word' id='word_1_534' title='bbox 499 4163 679 4235; x_wconf 86' lang='lat' dir='ltr'>pauperibus,</span> <span class='ocrx_word' id='word_1_535' title='bbox 705 4171 733 4220; x_wconf 91' lang='lat' dir='ltr'>et</span> <span class='ocrx_word' id='word_1_536' title='bbox 750 4166 802 4220; x_wconf 89' lang='lat' dir='ltr'>boc</span> <span class='ocrx_word' id='word_1_537' title='bbox 816 4164 889 4221; x_wconf 88' lang='lat' dir='ltr'>nulla</span> <span class='ocrx_word' id='word_1_538' title='bbox 906 4165 1025 4222; x_wconf 85' lang='lat' dir='ltr'>delceta-</span> <span class='ocrx_word' id='word_1_539' title='bbox 1077 4171 1143 4215; x_wconf 88' lang='lat' dir='ltr'>saue</span> <span class='ocrx_word' id='word_1_540' title='bbox 1156 4165 1185 4212; x_wconf 93' lang='lat' dir='ltr'>et</span> <span class='ocrx_word' id='word_1_541' title='bbox 1199 4156 1244 4212; x_wconf 93' lang='lat' dir='ltr'>bic</span> <span class='ocrx_word' id='word_1_542' title='bbox 1256 4170 1351 4212; x_wconf 78' lang='lat' dir='ltr'>uersus</span> <span class='ocrx_word' id='word_1_543' title='bbox 1364 4155 1398 4211; x_wconf 86' lang='lat' dir='ltr'>de</span> <span class='ocrx_word' id='word_1_544' title='bbox 1412 4153 1532 4226; x_wconf 89' lang='lat' dir='ltr'>quolibet</span> <span class='ocrx_word' id='word_1_545' title='bbox 1546 4162 1697 4227; x_wconf 78' lang='lat' dir='ltr'>martyrum</span> <span class='ocrx_word' id='word_1_546' title='bbox 1713 4154 1804 4227; x_wconf 84' lang='lat' dir='ltr'>accipi</span> <span class='ocrx_word' id='word_1_547' title='bbox 1818 4195 1827 4223; x_wconf 87' lang='lat'>,</span> <span class='ocrx_word' id='word_1_548' title='bbox 1844 4155 1873 4211; x_wconf 92' lang='lat' dir='ltr'>io</span> 
     </span>
     <span class='ocr_line' id='line_1_46' title="bbox 231 4246 1873 4322; baseline 0 -9"><span class='ocrx_word' id='word_1_549' title='bbox 231 4256 306 4313; x_wconf 77' lang='lat' dir='ltr'>bone</span> <span class='ocrx_word' id='word_1_550' title='bbox 319 4254 555 4322; x_wconf 81' lang='lat' dir='ltr'>larorisbumeoi,</span> <span class='ocrx_word' id='word_1_551' title='bbox 573 4253 622 4310; x_wconf 87' lang='lat' dir='ltr'>sed</span> <span class='ocrx_word' id='word_1_552' title='bbox 635 4262 740 4310; x_wconf 83' lang='lat' dir='ltr'>tantuna</span> <span class='ocrx_word' id='word_1_553' title='bbox 764 4271 857 4313; x_wconf 87' lang='lat' dir='ltr'>aurore</span> <span class='ocrx_word' id='word_1_554' title='bbox 879 4257 1027 4314; x_wconf 89' lang='lat' dir='ltr'>conditoris</span> <span class='ocrx_word' id='word_1_555' title='bbox 1078 4250 1155 4322; x_wconf 77' lang='lat' dir='ltr'>quus</span> <span class='ocrx_word' id='word_1_556' title='bbox 1172 4247 1338 4315; x_wconf 82' lang='lat' dir='ltr'>habitaculo,</span> <span class='ocrx_word' id='word_1_557' title='bbox 1353 4246 1444 4313; x_wconf 87' lang='lat' dir='ltr'>idest,</span> <span class='ocrx_word' id='word_1_558' title='bbox 1457 4261 1578 4319; x_wconf 69' lang='lat' dir='ltr'>⁰0in</span> <span class='ocrx_word' id='word_1_559' title='bbox 1593 4249 1682 4303; x_wconf 65' lang='lat' dir='ltr'>*nimi</span> <span class='ocrx_word' id='word_1_560' title='bbox 1701 4248 1873 4318; x_wconf 52' lang='lat' dir='ltr'>⁸³¹¹&amp;le</span> 
     </span>
     <span class='ocr_line' id='line_1_47' title="bbox 231 4339 1873 4434; baseline -0.005 -29"><span class='ocrx_word' id='word_1_561' title='bbox 231 4348 278 4419; x_wconf 85' lang='lat' dir='ltr'>qui</span> <span class='ocrx_word' id='word_1_562' title='bbox 301 4348 424 4404; x_wconf 86' lang='lat' dir='ltr'>cordium</span> <span class='ocrx_word' id='word_1_563' title='bbox 448 4344 556 4402; x_wconf 88' lang='lat' dir='ltr'>occulta</span> <span class='ocrx_word' id='word_1_564' title='bbox 576 4346 706 4415; x_wconf 88' lang='lat' dir='ltr'>respicit;</span> <span class='ocrx_word' id='word_1_565' title='bbox 733 4347 774 4403; x_wconf 90' lang='lat' dir='ltr'>sic</span> <span class='ocrx_word' id='word_1_566' title='bbox 791 4347 863 4404; x_wconf 87' lang='lat' dir='ltr'>euim</span> <span class='ocrx_word' id='word_1_567' title='bbox 876 4347 908 4403; x_wconf 91' lang='lat' dir='ltr'>m</span> <span class='ocrx_word' id='word_1_568' title='bbox 927 4364 1026 4406; x_wconf 86' lang='lat' dir='ltr'>munus</span> <span class='ocrx_word' id='word_1_569' title='bbox 1037 4373 1066 4434; x_wconf 73' lang='lat' dir='ltr'>D</span> <span class='ocrx_word' id='word_1_570' title='bbox 1078 4341 1204 4398; x_wconf 87' lang='lat' dir='ltr'>videlicet</span> <span class='ocrx_word' id='word_1_571' title='bbox 1217 4341 1360 4396; x_wconf 87' lang='lat' dir='ltr'>thesaurus</span> <span class='ocrx_word' id='word_1_572' title='bbox 1372 4346 1505 4403; x_wconf 81' lang='lat' dir='ltr'>serretur,</span> <span class='ocrx_word' id='word_1_573' title='bbox 1521 4339 1638 4396; x_wconf 86' lang='lat' dir='ltr'>abundet</span> <span class='ocrx_word' id='word_1_574' title='bbox 1658 4348 1687 4395; x_wconf 88' lang='lat' dir='ltr'>et</span> <span class='ocrx_word' id='word_1_575' title='bbox 1703 4339 1797 4397; x_wconf 83' lang='lat' dir='ltr'>unctio</span> <span class='ocrx_word' id='word_1_576' title='bbox 1810 4355 1873 4412; x_wconf 71' lang='lat' dir='ltr'>gra·</span> 
     </span>
     <span class='ocr_line' id='line_1_48' title="bbox 231 4430 1872 4510; baseline -0.004 -16"><span class='ocrx_word' id='word_1_577' title='bbox 231 4438 429 4504; x_wconf 84' lang='lat' dir='ltr'>absconditum,</span> <span class='ocrx_word' id='word_1_578' title='bbox 444 4438 484 4495; x_wconf 89' lang='lat' dir='ltr'>sie</span> <span class='ocrx_word' id='word_1_579' title='bbox 496 4438 530 4494; x_wconf 90' lang='lat' dir='ltr'>ad</span> <span class='ocrx_word' id='word_1_580' title='bbox 540 4437 716 4507; x_wconf 77' lang='lat' dir='ltr'>mitigandam</span> <span class='ocrx_word' id='word_1_581' title='bbox 727 4439 875 4496; x_wconf 88' lang='lat' dir='ltr'>conditoris</span> <span class='ocrx_word' id='word_1_582' title='bbox 886 4441 953 4496; x_wconf 89' lang='lat' dir='ltr'>iram</span> <span class='ocrx_word' id='word_1_583' title='bbox 964 4454 1026 4510; x_wconf 91' lang='lat' dir='ltr'>pro-</span> <span class='ocrx_word' id='word_1_584' title='bbox 1078 4433 1122 4490; x_wconf 77' lang='lat' dir='ltr'>iim</span> <span class='ocrx_word' id='word_1_585' title='bbox 1135 4431 1264 4505; x_wconf 69' lang='lat' dir='ltr'>spiritalis</span> <span class='ocrx_word' id='word_1_586' title='bbox 1284 4449 1292 4485; x_wconf 70' lang='grc' dir='ltr'>ι</span> <span class='ocrx_word' id='word_1_587' title='bbox 1318 4441 1347 4486; x_wconf 90' lang='lat' dir='ltr'>at</span> <span class='ocrx_word' id='word_1_588' title='bbox 1364 4439 1521 4502; x_wconf 87' lang='lat' dir='ltr'>perseeutor</span> <span class='ocrx_word' id='word_1_589' title='bbox 1542 4431 1699 4502; x_wconf 87' lang='lat' dir='ltr'>imprudens</span> <span class='ocrx_word' id='word_1_590' title='bbox 1715 4430 1872 4501; x_wconf 73' lang='lat' dir='ltr'>huiusmodi</span> 
     </span>
     <span class='ocr_line' id='line_1_49' title="bbox 233 4522 1873 4599; baseline -0.002 -14"><span class='ocrx_word' id='word_1_591' title='bbox 233 4531 343 4593; x_wconf 83' lang='lat' dir='ltr'>bouum,</span> <span class='ocrx_word' id='word_1_592' title='bbox 363 4528 387 4584; x_wconf 88' lang='lat' dir='ltr'>si</span> <span class='ocrx_word' id='word_1_593' title='bbox 399 4527 474 4583; x_wconf 90' lang='lat' dir='ltr'>nullo</span> <span class='ocrx_word' id='word_1_594' title='bbox 490 4534 611 4583; x_wconf 79' lang='lat' dir='ltr'>externos</span> <span class='ocrx_word' id='word_1_595' title='bbox 624 4527 811 4586; x_wconf 87' lang='lat' dir='ltr'>retributionis</span> <span class='ocrx_word' id='word_1_596' title='bbox 825 4530 922 4584; x_wconf 90' lang='lat' dir='ltr'>intuitu</span> <span class='ocrx_word' id='word_1_597' title='bbox 936 4530 1025 4599; x_wconf 91' lang='lat' dir='ltr'>porri·</span> <span class='ocrx_word' id='word_1_598' title='bbox 1077 4525 1261 4583; x_wconf 90' lang='lat' dir='ltr'>babitaculum</span> <span class='ocrx_word' id='word_1_599' title='bbox 1274 4524 1443 4595; x_wconf 84' lang='lat' dir='ltr'>disrumpere</span> <span class='ocrx_word' id='word_1_600' title='bbox 1454 4522 1725 4594; x_wconf 66' lang='lat' dir='ltr'>potestffuesaururu</span> <span class='ocrx_word' id='word_1_601' title='bbox 1735 4539 1814 4592; x_wconf 83' lang='lat' dir='ltr'>vcro,</span> <span class='ocrx_word' id='word_1_602' title='bbox 1824 4526 1873 4595; x_wconf 92' lang='lat' dir='ltr'>qui</span> 
     </span>
     <span class='ocr_line' id='line_1_50' title="bbox 232 4615 1873 4694; baseline -0.001 -18"><span class='ocrx_word' id='word_1_603' title='bbox 232 4631 322 4694; x_wconf 76' lang='lat' dir='ltr'>gutur,</span> <span class='ocrx_word' id='word_1_604' title='bbox 337 4620 377 4677; x_wconf 89' lang='lat' dir='ltr'>sio</span> <span class='ocrx_word' id='word_1_605' title='bbox 390 4619 556 4690; x_wconf 86' lang='lat' dir='ltr'>implebitur,</span> <span class='ocrx_word' id='word_1_606' title='bbox 570 4621 642 4690; x_wconf 90' lang='lat' dir='ltr'>quod</span> <span class='ocrx_word' id='word_1_607' title='bbox 657 4619 714 4690; x_wconf 90' lang='lat' dir='ltr'>ipse</span> <span class='ocrx_word' id='word_1_608' title='bbox 726 4621 874 4692; x_wconf 83' lang='lat' dir='ltr'>praeoepit:</span> <span class='ocrx_word' id='word_1_609' title='bbox 892 4619 927 4675; x_wconf 82' lang='lat' dir='ltr'>Te</span> <span class='ocrx_word' id='word_1_610' title='bbox 937 4631 1025 4676; x_wconf 83' lang='lat' dir='ltr'>autem</span> <span class='ocrx_word' id='word_1_611' title='bbox 1078 4618 1232 4676; x_wconf 87' lang='lat' dir='ltr'>habitaculo</span> <span class='ocrx_word' id='word_1_612' title='bbox 1251 4617 1392 4674; x_wconf 87' lang='lat' dir='ltr'>tenebatur</span> <span class='ocrx_word' id='word_1_613' title='bbox 1408 4624 1436 4672; x_wconf 92' lang='lat' dir='ltr'>et</span> <span class='ocrx_word' id='word_1_614' title='bbox 1456 4615 1545 4672; x_wconf 89' lang='lat' dir='ltr'>oleum</span> <span class='ocrx_word' id='word_1_615' title='bbox 1567 4630 1738 4687; x_wconf 86' lang='lat' dir='ltr'>nequaquam</span> <span class='ocrx_word' id='word_1_616' title='bbox 1759 4625 1873 4691; x_wconf 72' lang='lat' dir='ltr'>tangere</span> 
     </span>
     <span class='ocr_line' id='line_1_51' title="bbox 231 4707 1873 4785; baseline -0.001 -18"><span class='ocrx_word' id='word_1_617' title='bbox 231 4713 344 4785; x_wconf 72' lang='lat' dir='ltr'>faciente</span> <span class='ocrx_word' id='word_1_618' title='bbox 358 4709 559 4781; x_wconf 73' lang='lat' dir='ltr'>eleemosynam,</span> <span class='ocrx_word' id='word_1_619' title='bbox 578 4712 676 4766; x_wconf 77' lang='lat' dir='ltr'>mercior</span> <span class='ocrx_word' id='word_1_620' title='bbox 691 4712 798 4768; x_wconf 79' lang='lat' dir='ltr'>sinistro</span> <span class='ocrx_word' id='word_1_621' title='bbox 812 4722 859 4767; x_wconf 83' lang='lat' dir='ltr'>tuo</span> <span class='ocrx_word' id='word_1_622' title='bbox 869 4712 932 4784; x_wconf 82' lang='lat' dir='ltr'>quid</span> <span class='ocrx_word' id='word_1_623' title='bbox 944 4712 1026 4781; x_wconf 74' lang='lat' dir='ltr'>sociat</span> <span class='ocrx_word' id='word_1_624' title='bbox 1077 4719 1187 4783; x_wconf 87' lang='lat' dir='ltr'>potest:</span> <span class='ocrx_word' id='word_1_625' title='bbox 1203 4708 1275 4765; x_wconf 91' lang='lat' dir='ltr'>uude</span> <span class='ocrx_word' id='word_1_626' title='bbox 1286 4707 1416 4763; x_wconf 83' lang='lat' dir='ltr'>Dominus</span> <span class='ocrx_word' id='word_1_627' title='bbox 1426 4707 1505 4763; x_wconf 91' lang='lat' dir='ltr'>docet</span> <span class='ocrx_word' id='word_1_628' title='bbox 1517 4722 1571 4763; x_wconf 91' lang='lat' dir='ltr'>uon</span> <span class='ocrx_word' id='word_1_629' title='bbox 1582 4707 1670 4764; x_wconf 79' lang='lat' dir='ltr'>umeri</span> <span class='ocrx_word' id='word_1_630' title='bbox 1681 4722 1731 4764; x_wconf 89' lang='lat' dir='ltr'>eos</span> <span class='ocrx_word' id='word_1_631' title='bbox 1741 4709 1789 4779; x_wconf 93' lang='lat' dir='ltr'>qui</span> <span class='ocrx_word' id='word_1_632' title='bbox 1800 4711 1873 4766; x_wconf 87' lang='lat' dir='ltr'>oeci·</span> 
     </span>
     <span class='ocr_line' id='line_1_52' title="bbox 232 4797 1872 4874; baseline 0.002 -19"><span class='ocrx_word' id='word_1_633' title='bbox 232 4801 326 4856; x_wconf 81' lang='lat' dir='ltr'>demro</span> <span class='ocrx_word' id='word_1_634' title='bbox 341 4808 387 4854; x_wconf 88' lang='lat' dir='ltr'>tuu</span> <span class='ocrx_word' id='word_1_635' title='bbox 400 4797 508 4872; x_wconf 83' lang='lat' dir='ltr'>(llattb.</span> <span class='ocrx_word' id='word_1_636' title='bbox 521 4798 571 4869; x_wconf 87' lang='lat' dir='ltr'>rr).</span> <span class='ocrx_word' id='word_1_637' title='bbox 1079 4804 1146 4861; x_wconf 91' lang='lat' dir='ltr'>duut</span> <span class='ocrx_word' id='word_1_638' title='bbox 1165 4816 1273 4873; x_wconf 87' lang='lat' dir='ltr'>eorpus,</span> <span class='ocrx_word' id='word_1_639' title='bbox 1286 4809 1315 4857; x_wconf 88' lang='lat' dir='ltr'>et</span> <span class='ocrx_word' id='word_1_640' title='bbox 1335 4808 1395 4871; x_wconf 84' lang='lat' dir='ltr'>post</span> <span class='ocrx_word' id='word_1_641' title='bbox 1414 4800 1466 4856; x_wconf 91' lang='lat' dir='ltr'>boc</span> <span class='ocrx_word' id='word_1_642' title='bbox 1477 4814 1532 4855; x_wconf 90' lang='lat' dir='ltr'>uon</span> <span class='ocrx_word' id='word_1_643' title='bbox 1549 4800 1652 4857; x_wconf 88' lang='lat' dir='ltr'>babent</span> <span class='ocrx_word' id='word_1_644' title='bbox 1670 4800 1789 4871; x_wconf 79' lang='lat' dir='ltr'>emplius</span> <span class='ocrx_word' id='word_1_645' title='bbox 1807 4802 1872 4874; x_wconf 89' lang='lat' dir='ltr'>quid</span> 
     </span>
    </p>
   </div>
   <div class='ocr_carea' id='block_1_14' title="bbox 1074 2148 1874 2681">
    <p class='ocr_par' dir='ltr' id='par_1_16' title="bbox 1074 2148 1874 2681">
     <span class='ocr_line' id='line_1_53' title="bbox 1076 2148 1874 2224; baseline -0.004 -15"><span class='ocrx_word' id='word_1_646' title='bbox 1076 2161 1244 2224; x_wconf 88' lang='lat' dir='ltr'>persecutor,</span> <span class='ocrx_word' id='word_1_647' title='bbox 1258 2151 1305 2223; x_wconf 91' lang='lat' dir='ltr'>qui</span> <span class='ocrx_word' id='word_1_648' title='bbox 1317 2166 1381 2207; x_wconf 89' lang='lat' dir='ltr'>euru</span> <span class='ocrx_word' id='word_1_649' title='bbox 1395 2152 1476 2208; x_wconf 85' lang='lat' dir='ltr'>morti</span> <span class='ocrx_word' id='word_1_650' title='bbox 1492 2151 1565 2208; x_wconf 88' lang='lat' dir='ltr'>dedit</span> <span class='ocrx_word' id='word_1_651' title='bbox 1581 2150 1703 2222; x_wconf 87' lang='lat' dir='ltr'>punitur.</span> <span class='ocrx_word' id='word_1_652' title='bbox 1717 2150 1770 2207; x_wconf 84' lang='lat' dir='ltr'>Pro</span> <span class='ocrx_word' id='word_1_653' title='bbox 1783 2148 1874 2206; x_wconf 87' lang='lat' dir='ltr'>rectis</span> 
     </span>
     <span class='ocr_line' id='line_1_54' title="bbox 1076 2238 1870 2316; baseline -0.01 -15"><span class='ocrx_word' id='word_1_654' title='bbox 1076 2244 1162 2315; x_wconf 92' lang='lat' dir='ltr'>iniqui</span> <span class='ocrx_word' id='word_1_655' title='bbox 1171 2244 1217 2316; x_wconf 90' lang='lat' dir='ltr'>qui</span> <span class='ocrx_word' id='word_1_656' title='bbox 1229 2258 1322 2299; x_wconf 91' lang='lat' dir='ltr'>eorum</span> <span class='ocrx_word' id='word_1_657' title='bbox 1334 2241 1465 2314; x_wconf 80' lang='lat' dir='ltr'>justitiam</span> <span class='ocrx_word' id='word_1_658' title='bbox 1478 2242 1602 2299; x_wconf 83' lang='lat' dir='ltr'>ridentes</span> <span class='ocrx_word' id='word_1_659' title='bbox 1612 2239 1714 2297; x_wconf 85' lang='lat' dir='ltr'>imitari</span> <span class='ocrx_word' id='word_1_660' title='bbox 1727 2238 1870 2295; x_wconf 79' lang='lat' dir='ltr'>nolebant.</span> 
     </span>
     <span class='ocr_line' id='line_1_55' title="bbox 1074 2331 1872 2405; baseline -0.005 -13"><span class='ocrx_word' id='word_1_661' title='bbox 1074 2335 1196 2392; x_wconf 88' lang='lat' dir='ltr'>llerodes</span> <span class='ocrx_word' id='word_1_662' title='bbox 1219 2335 1363 2390; x_wconf 85' lang='lat' dir='ltr'>damnatur</span> <span class='ocrx_word' id='word_1_663' title='bbox 1386 2349 1440 2390; x_wconf 89' lang='lat' dir='ltr'>nou</span> <span class='ocrx_word' id='word_1_664' title='bbox 1462 2343 1567 2390; x_wconf 88' lang='lat' dir='ltr'>tantum</span> <span class='ocrx_word' id='word_1_665' title='bbox 1592 2347 1643 2405; x_wconf 92' lang='lat' dir='ltr'>pru</span> <span class='ocrx_word' id='word_1_666' title='bbox 1665 2331 1872 2394; x_wconf 75' lang='lat' dir='ltr'>iunooentibus.</span> 
     </span>
     <span class='ocr_line' id='line_1_56' title="bbox 1074 2425 1872 2500; baseline -0.006 -16"><span class='ocrx_word' id='word_1_667' title='bbox 1074 2444 1142 2500; x_wconf 92' lang='lat' dir='ltr'>quos</span> <span class='ocrx_word' id='word_1_668' title='bbox 1158 2427 1239 2499; x_wconf 90' lang='lat' dir='ltr'>impie</span> <span class='ocrx_word' id='word_1_669' title='bbox 1251 2427 1312 2482; x_wconf 87' lang='lat' dir='ltr'>neci</span> <span class='ocrx_word' id='word_1_670' title='bbox 1326 2425 1448 2493; x_wconf 85' lang='lat' dir='ltr'>tradidit,</span> <span class='ocrx_word' id='word_1_671' title='bbox 1462 2425 1511 2483; x_wconf 85' lang='lat' dir='ltr'>scd</span> <span class='ocrx_word' id='word_1_672' title='bbox 1522 2434 1551 2481; x_wconf 93' lang='lat' dir='ltr'>et</span> <span class='ocrx_word' id='word_1_673' title='bbox 1562 2432 1736 2497; x_wconf 72' lang='lat' dir='ltr'>augmentum</span> <span class='ocrx_word' id='word_1_674' title='bbox 1751 2425 1872 2480; x_wconf 78' lang='lat' dir='ltr'>damua-</span> 
     </span>
     <span class='ocr_line' id='line_1_57' title="bbox 1075 2514 1874 2589; baseline -0.004 -15"><span class='ocrx_word' id='word_1_675' title='bbox 1075 2519 1156 2574; x_wconf 91' lang='lat' dir='ltr'>tionis</span> <span class='ocrx_word' id='word_1_676' title='bbox 1171 2517 1278 2589; x_wconf 88' lang='lat' dir='ltr'>accipit,</span> <span class='ocrx_word' id='word_1_677' title='bbox 1298 2516 1362 2588; x_wconf 87' lang='lat' dir='ltr'>quia</span> <span class='ocrx_word' id='word_1_678' title='bbox 1381 2514 1462 2571; x_wconf 86' lang='lat' dir='ltr'>tidem</span> <span class='ocrx_word' id='word_1_679' title='bbox 1482 2530 1624 2588; x_wconf 73' lang='lat' dir='ltr'>magorum</span> <span class='ocrx_word' id='word_1_680' title='bbox 1640 2515 1716 2585; x_wconf 90' lang='lat' dir='ltr'>sequi</span> <span class='ocrx_word' id='word_1_681' title='bbox 1737 2515 1772 2571; x_wconf 80' lang='lat' dir='ltr'>ad</span> <span class='ocrx_word' id='word_1_682' title='bbox 1793 2529 1874 2586; x_wconf 78' lang='lat' dir='ltr'>quae·</span> 
     </span>
     <span class='ocr_line' id='line_1_58' title="bbox 1074 2606 1874 2681; baseline -0.003 -15"><span class='ocrx_word' id='word_1_683' title='bbox 1074 2610 1187 2666; x_wconf 89' lang='lat' dir='ltr'>rendum</span> <span class='ocrx_word' id='word_1_684' title='bbox 1201 2609 1343 2666; x_wconf 82' lang='lat' dir='ltr'>bominum</span> <span class='ocrx_word' id='word_1_685' title='bbox 1357 2609 1459 2676; x_wconf 92' lang='lat' dir='ltr'>noluit,</span> <span class='ocrx_word' id='word_1_686' title='bbox 1473 2623 1534 2664; x_wconf 89' lang='lat' dir='ltr'>curn</span> <span class='ocrx_word' id='word_1_687' title='bbox 1551 2620 1625 2665; x_wconf 90' lang='lat' dir='ltr'>esset</span> <span class='ocrx_word' id='word_1_688' title='bbox 1640 2606 1750 2665; x_wconf 79' lang='lat' dir='ltr'>ludmus</span> <span class='ocrx_word' id='word_1_689' title='bbox 1762 2616 1791 2664; x_wconf 86' lang='lat' dir='ltr'>et</span> <span class='ocrx_word' id='word_1_690' title='bbox 1802 2623 1874 2681; x_wconf 88' lang='lat' dir='ltr'>pru-</span> 
     </span>
    </p>
   </div>
   <div class='ocr_carea' id='block_1_15' title="bbox 231 4890 1870 5700">
    <p class='ocr_par' dir='ltr' id='par_1_17' title="bbox 231 4890 1870 5700">
     <span class='ocr_line' id='line_1_59' title="bbox 267 4890 1190 4962; baseline -0.003 -13"><span class='ocrx_word' id='word_1_691' title='bbox 267 4891 401 4949; x_wconf 83' lang='lat' dir='ltr'>Gaudium</span> <span class='ocrx_word' id='word_1_692' title='bbox 406 4890 481 4962; x_wconf 77' lang='lat' dir='ltr'>josto</span> <span class='ocrx_word' id='word_1_693' title='bbox 491 4898 529 4944; x_wconf 78' lang='lat' dir='ltr'>est</span> <span class='ocrx_word' id='word_1_694' title='bbox 542 4890 779 4962; x_wconf 66' lang='lat' dir='ltr'>{ocerejudiciom</span> <span class='ocrx_word' id='word_1_695' title='bbox 789 4899 813 4945; x_wconf 86' lang='lat' dir='ltr'>et</span> <span class='ocrx_word' id='word_1_696' title='bbox 823 4907 904 4962; x_wconf 86' lang='lat' dir='ltr'>pooor</span> <span class='ocrx_word' id='word_1_697' title='bbox 915 4907 1026 4962; x_wconf 84' lang='lat' dir='ltr'>operum·</span> <span class='ocrx_word' id='word_1_698' title='bbox 1077 4892 1190 4949; x_wconf 84' lang='lat' dir='ltr'>sacient.</span> 
     </span>
     <span class='ocr_line' id='line_1_60' title="bbox 232 4979 1870 5055; baseline -0.001 -14"><span class='ocrx_word' id='word_1_699' title='bbox 232 4982 301 5042; x_wconf 77' lang='lat' dir='ltr'>tibur</span> <span class='ocrx_word' id='word_1_700' title='bbox 320 4982 493 5055; x_wconf 75' lang='lat' dir='ltr'>iniquitatem.</span> <span class='ocrx_word' id='word_1_701' title='bbox 519 4979 624 5037; x_wconf 86' lang='lat' dir='ltr'>Gaudet</span> <span class='ocrx_word' id='word_1_702' title='bbox 635 4980 725 5052; x_wconf 81' lang='lat' dir='ltr'>justus</span> <span class='ocrx_word' id='word_1_703' title='bbox 743 4997 806 5039; x_wconf 89' lang='lat' dir='ltr'>cum</span> <span class='ocrx_word' id='word_1_704' title='bbox 819 4982 898 5038; x_wconf 88' lang='lat' dir='ltr'>bunis</span> <span class='ocrx_word' id='word_1_705' title='bbox 911 4982 1026 5039; x_wconf 86' lang='lat' dir='ltr'>desudat</span> <span class='ocrx_word' id='word_1_706' title='bbox 1112 4982 1248 5039; x_wconf 83' lang='lat' dir='ltr'>Civitatem</span> <span class='ocrx_word' id='word_1_707' title='bbox 1259 4983 1368 5054; x_wconf 70' lang='lat' dir='ltr'>[ortium</span> <span class='ocrx_word' id='word_1_708' title='bbox 1378 4982 1493 5038; x_wconf 78' lang='lat' dir='ltr'>usmmdit</span> <span class='ocrx_word' id='word_1_709' title='bbox 1503 4980 1607 5053; x_wconf 82' lang='lat' dir='ltr'>rapiens</span> <span class='ocrx_word' id='word_1_710' title='bbox 1614 4990 1638 5037; x_wconf 84' lang='lat' dir='ltr'>et</span> <span class='ocrx_word' id='word_1_711' title='bbox 1648 4981 1778 5039; x_wconf 69' lang='lat' dir='ltr'>destruxit</span> <span class='ocrx_word' id='word_1_712' title='bbox 1789 4985 1870 5040; x_wconf 83' lang='lat' dir='ltr'>roban</span> 
     </span>
     <span class='ocr_line' id='line_1_61' title="bbox 231 5071 1868 5150; baseline 0 -17"><span class='ocrx_word' id='word_1_713' title='bbox 231 5076 372 5149; x_wconf 88' lang='lat' dir='ltr'>operibus,</span> <span class='ocrx_word' id='word_1_714' title='bbox 387 5073 452 5146; x_wconf 87' lang='lat' dir='ltr'>quia</span> <span class='ocrx_word' id='word_1_715' title='bbox 465 5080 557 5144; x_wconf 88' lang='lat' dir='ltr'>sperat</span> <span class='ocrx_word' id='word_1_716' title='bbox 578 5087 608 5128; x_wconf 87' lang='lat' dir='ltr'>se</span> <span class='ocrx_word' id='word_1_717' title='bbox 626 5080 738 5143; x_wconf 88' lang='lat' dir='ltr'>propter</span> <span class='ocrx_word' id='word_1_718' title='bbox 762 5073 821 5128; x_wconf 68' lang='lat' dir='ltr'>haec</span> <span class='ocrx_word' id='word_1_719' title='bbox 834 5071 913 5129; x_wconf 90' lang='lat' dir='ltr'>bonis</span> <span class='ocrx_word' id='word_1_720' title='bbox 932 5089 1024 5130; x_wconf 88' lang='lat' dir='ltr'>remu·</span> <span class='ocrx_word' id='word_1_721' title='bbox 1076 5079 1183 5148; x_wconf 71' lang='lat' dir='ltr'>fiducius</span> <span class='ocrx_word' id='word_1_722' title='bbox 1202 5077 1270 5148; x_wconf 81' lang='lat' dir='ltr'>ejas.</span> <span class='ocrx_word' id='word_1_723' title='bbox 1292 5075 1437 5132; x_wconf 87' lang='lat' dir='ltr'>Civitatem</span> <span class='ocrx_word' id='word_1_724' title='bbox 1458 5074 1566 5130; x_wconf 79' lang='lat' dir='ltr'>tortium</span> <span class='ocrx_word' id='word_1_725' title='bbox 1581 5075 1709 5131; x_wconf 89' lang='lat' dir='ltr'>muudum</span> <span class='ocrx_word' id='word_1_726' title='bbox 1728 5076 1809 5144; x_wconf 82' lang='lat' dir='ltr'>dicit,</span> <span class='ocrx_word' id='word_1_727' title='bbox 1824 5077 1868 5150; x_wconf 87' lang='lat' dir='ltr'>qui</span> 
     </span>
     <span class='ocr_line' id='line_1_62' title="bbox 232 5164 1867 5238; baseline -0.001 -15"><span class='ocrx_word' id='word_1_728' title='bbox 232 5167 383 5224; x_wconf 74' lang='lat' dir='ltr'>uerendum</span> <span class='ocrx_word' id='word_1_729' title='bbox 404 5180 465 5222; x_wconf 87' lang='lat' dir='ltr'>esse</span> <span class='ocrx_word' id='word_1_730' title='bbox 489 5165 672 5235; x_wconf 87' lang='lat' dir='ltr'>perennibus;</span> <span class='ocrx_word' id='word_1_731' title='bbox 701 5173 729 5219; x_wconf 90' lang='lat' dir='ltr'>at</span> <span class='ocrx_word' id='word_1_732' title='bbox 750 5179 815 5221; x_wconf 87' lang='lat' dir='ltr'>vero</span> <span class='ocrx_word' id='word_1_733' title='bbox 838 5165 946 5237; x_wconf 88' lang='lat' dir='ltr'>reprobi</span> <span class='ocrx_word' id='word_1_734' title='bbox 960 5167 1023 5222; x_wconf 91' lang='lat' dir='ltr'>dom</span> <span class='ocrx_word' id='word_1_735' title='bbox 1076 5166 1212 5238; x_wconf 89' lang='lat' dir='ltr'>quondam</span> <span class='ocrx_word' id='word_1_736' title='bbox 1240 5166 1419 5237; x_wconf 77' lang='lat' dir='ltr'>malignorum</span> <span class='ocrx_word' id='word_1_737' title='bbox 1445 5164 1588 5235; x_wconf 87' lang='lat' dir='ltr'>spirituum</span> <span class='ocrx_word' id='word_1_738' title='bbox 1617 5165 1755 5237; x_wconf 78' lang='lat' dir='ltr'>tyrannidi</span> <span class='ocrx_word' id='word_1_739' title='bbox 1786 5167 1867 5223; x_wconf 86' lang='lat' dir='ltr'>stulte</span> 
     </span>
     <span class='ocr_line' id='line_1_63' title="bbox 232 5256 1866 5331; baseline -0.002 -16"><span class='ocrx_word' id='word_1_740' title='bbox 232 5259 303 5315; x_wconf 85' lang='lat' dir='ltr'>mala</span> <span class='ocrx_word' id='word_1_741' title='bbox 317 5275 376 5330; x_wconf 76' lang='lat' dir='ltr'>quat</span> <span class='ocrx_word' id='word_1_742' title='bbox 389 5259 473 5316; x_wconf 60' lang='lat' dir='ltr'>Mum</span> <span class='ocrx_word' id='word_1_743' title='bbox 491 5258 661 5331; x_wconf 83' lang='lat' dir='ltr'>prohibuisse</span> <span class='ocrx_word' id='word_1_744' title='bbox 676 5267 784 5323; x_wconf 90' lang='lat' dir='ltr'>norunt,</span> <span class='ocrx_word' id='word_1_745' title='bbox 800 5256 913 5326; x_wconf 84' lang='lat' dir='ltr'>iaciunt,</span> <span class='ocrx_word' id='word_1_746' title='bbox 930 5274 1027 5330; x_wconf 86' lang='lat' dir='ltr'>quam·</span> <span class='ocrx_word' id='word_1_747' title='bbox 1077 5258 1206 5317; x_wconf 87' lang='lat' dir='ltr'>subactus</span> <span class='ocrx_word' id='word_1_748' title='bbox 1228 5257 1381 5324; x_wconf 81' lang='lat' dir='ltr'>serviebat,</span> <span class='ocrx_word' id='word_1_749' title='bbox 1403 5257 1507 5313; x_wconf 89' lang='lat' dir='ltr'>babens</span> <span class='ocrx_word' id='word_1_750' title='bbox 1524 5256 1651 5312; x_wconf 85' lang='lat' dir='ltr'>iiduciam</span> <span class='ocrx_word' id='word_1_751' title='bbox 1668 5257 1731 5313; x_wconf 78' lang='lat' dir='ltr'>ritae</span> <span class='ocrx_word' id='word_1_752' title='bbox 1746 5258 1775 5313; x_wconf 94' lang='lat' dir='ltr'>in</span> <span class='ocrx_word' id='word_1_753' title='bbox 1794 5258 1866 5314; x_wconf 85' lang='lat' dir='ltr'>cultu</span> 
     </span>
     <span class='ocr_line' id='line_1_64' title="bbox 233 5348 1864 5423; baseline 0.001 -20"><span class='ocrx_word' id='word_1_754' title='bbox 233 5351 274 5406; x_wconf 83' lang='lat' dir='ltr'>sis</span> <span class='ocrx_word' id='word_1_755' title='bbox 286 5367 342 5408; x_wconf 75' lang='lat' dir='ltr'>suae</span> <span class='ocrx_word' id='word_1_756' title='bbox 354 5351 467 5408; x_wconf 83' lang='lat' dir='ltr'>luxuriae</span> <span class='ocrx_word' id='word_1_757' title='bbox 478 5351 678 5423; x_wconf 86' lang='lat' dir='ltr'>perpetratione</span> <span class='ocrx_word' id='word_1_758' title='bbox 687 5350 831 5407; x_wconf 89' lang='lat' dir='ltr'>carnaliter</span> <span class='ocrx_word' id='word_1_759' title='bbox 847 5352 1026 5419; x_wconf 87' lang='lat' dir='ltr'>delectentur,</span> <span class='ocrx_word' id='word_1_760' title='bbox 1077 5366 1171 5408; x_wconf 88' lang='lat' dir='ltr'>eorum</span> <span class='ocrx_word' id='word_1_761' title='bbox 1190 5350 1237 5421; x_wconf 92' lang='lat' dir='ltr'>qui</span> <span class='ocrx_word' id='word_1_762' title='bbox 1253 5366 1308 5406; x_wconf 91' lang='lat' dir='ltr'>non</span> <span class='ocrx_word' id='word_1_763' title='bbox 1321 5358 1384 5405; x_wconf 90' lang='lat' dir='ltr'>sunt</span> <span class='ocrx_word' id='word_1_764' title='bbox 1404 5348 1452 5414; x_wconf 89' lang='lat' dir='ltr'>dii,</span> <span class='ocrx_word' id='word_1_765' title='bbox 1471 5348 1520 5403; x_wconf 86' lang='lat' dir='ltr'>scd</span> <span class='ocrx_word' id='word_1_766' title='bbox 1533 5362 1615 5419; x_wconf 88' lang='lat' dir='ltr'>opera</span> <span class='ocrx_word' id='word_1_767' title='bbox 1629 5364 1758 5405; x_wconf 88' lang='lat' dir='ltr'>manuum</span> <span class='ocrx_word' id='word_1_768' title='bbox 1778 5349 1864 5406; x_wconf 87' lang='lat' dir='ltr'>bomi-</span> 
     </span>
     <span class='ocr_line' id='line_1_65' title="bbox 234 5441 1862 5517; baseline 0 -21"><span class='ocrx_word' id='word_1_769' title='bbox 234 5444 434 5499; x_wconf 82' lang='lat' dir='ltr'>urentistumen</span> <span class='ocrx_word' id='word_1_770' title='bbox 454 5459 555 5514; x_wconf 88' lang='lat' dir='ltr'>pavore</span> <span class='ocrx_word' id='word_1_771' title='bbox 572 5444 679 5500; x_wconf 87' lang='lat' dir='ltr'>interno</span> <span class='ocrx_word' id='word_1_772' title='bbox 691 5459 785 5501; x_wconf 84' lang='lat' dir='ltr'>carere</span> <span class='ocrx_word' id='word_1_773' title='bbox 801 5454 947 5517; x_wconf 85' lang='lat' dir='ltr'>nequeunt,</span> <span class='ocrx_word' id='word_1_774' title='bbox 961 5446 1026 5514; x_wconf 87' lang='lat' dir='ltr'>quia</span> <span class='ocrx_word' id='word_1_775' title='bbox 1077 5460 1158 5510; x_wconf 72' lang='lat' dir='ltr'>nuum</span> <span class='ocrx_word' id='word_1_776' title='bbox 1186 5444 1256 5499; x_wconf 88' lang='lat' dir='ltr'>banc</span> <span class='ocrx_word' id='word_1_777' title='bbox 1272 5442 1409 5499; x_wconf 81' lang='lat' dir='ltr'>ciritatem</span> <span class='ocrx_word' id='word_1_778' title='bbox 1433 5442 1544 5496; x_wconf 85' lang='lat' dir='ltr'>intravit</span> <span class='ocrx_word' id='word_1_779' title='bbox 1561 5441 1606 5498; x_wconf 82' lang='lat' dir='ltr'>ille</span> <span class='ocrx_word' id='word_1_780' title='bbox 1624 5451 1705 5497; x_wconf 90' lang='lat' dir='ltr'>natus</span> <span class='ocrx_word' id='word_1_781' title='bbox 1727 5442 1754 5496; x_wconf 88' lang='lat' dir='ltr'>in</span> <span class='ocrx_word' id='word_1_782' title='bbox 1772 5456 1862 5504; x_wconf 81' lang='lat' dir='ltr'>carne,</span> 
     </span>
     <span class='ocr_line' id='line_1_66' title="bbox 233 5531 1863 5607; baseline 0.001 -22"><span class='ocrx_word' id='word_1_783' title='bbox 233 5546 262 5585; x_wconf 84' lang='lat' dir='ltr'>sc</span> <span class='ocrx_word' id='word_1_784' title='bbox 277 5531 349 5587; x_wconf 79' lang='lat' dir='ltr'>mala</span> <span class='ocrx_word' id='word_1_785' title='bbox 361 5543 491 5605; x_wconf 87' lang='lat' dir='ltr'>perpetuo</span> <span class='ocrx_word' id='word_1_786' title='bbox 503 5549 629 5605; x_wconf 88' lang='lat' dir='ltr'>passuros</span> <span class='ocrx_word' id='word_1_787' title='bbox 642 5550 692 5606; x_wconf 86' lang='lat' dir='ltr'>pro</span> <span class='ocrx_word' id='word_1_788' title='bbox 712 5534 829 5607; x_wconf 78' lang='lat' dir='ltr'>trisque</span> <span class='ocrx_word' id='word_1_789' title='bbox 841 5535 1026 5607; x_wconf 86' lang='lat' dir='ltr'>temporaliter</span> <span class='ocrx_word' id='word_1_790' title='bbox 1076 5535 1121 5607; x_wconf 91' lang='lat' dir='ltr'>qui</span> <span class='ocrx_word' id='word_1_791' title='bbox 1138 5544 1180 5590; x_wconf 86' lang='lat' dir='ltr'>est</span> <span class='ocrx_word' id='word_1_792' title='bbox 1193 5534 1240 5591; x_wconf 82' lang='lat' dir='ltr'>lici</span> <span class='ocrx_word' id='word_1_793' title='bbox 1255 5535 1342 5589; x_wconf 88' lang='lat' dir='ltr'>virtus</span> <span class='ocrx_word' id='word_1_794' title='bbox 1354 5542 1381 5590; x_wconf 91' lang='lat' dir='ltr'>et</span> <span class='ocrx_word' id='word_1_795' title='bbox 1399 5533 1446 5589; x_wconf 86' lang='lat' dir='ltr'>liei</span> <span class='ocrx_word' id='word_1_796' title='bbox 1460 5532 1603 5603; x_wconf 88' lang='lat' dir='ltr'>supientia,</span> <span class='ocrx_word' id='word_1_797' title='bbox 1618 5533 1805 5603; x_wconf 73' lang='lat' dir='ltr'>destruxitque</span> <span class='ocrx_word' id='word_1_798' title='bbox 1817 5546 1863 5603; x_wconf 87' lang='lat' dir='ltr'>per</span> 
     </span>
     <span class='ocr_line' id='line_1_67' title="bbox 235 5623 1861 5700; baseline -0.003 -19"><span class='ocrx_word' id='word_1_799' title='bbox 235 5623 305 5681; x_wconf 69' lang='lat' dir='ltr'>name</span> <span class='ocrx_word' id='word_1_800' title='bbox 319 5623 450 5693; x_wconf 78' lang='lat' dir='ltr'>leserunt,</span> <span class='ocrx_word' id='word_1_801' title='bbox 463 5641 516 5684; x_wconf 87' lang='lat' dir='ltr'>nott</span> <span class='ocrx_word' id='word_1_802' title='bbox 527 5627 677 5700; x_wconf 75' lang='lat' dir='ltr'>ambigunt.</span> <span class='ocrx_word' id='word_1_803' title='bbox 1075 5643 1139 5685; x_wconf 82' lang='lat' dir='ltr'>suos</span> <span class='ocrx_word' id='word_1_804' title='bbox 1152 5626 1343 5698; x_wconf 72' lang='lat' dir='ltr'>predicatores</span> <span class='ocrx_word' id='word_1_805' title='bbox 1360 5626 1461 5682; x_wconf 84' lang='lat' dir='ltr'>cultum</span> <span class='ocrx_word' id='word_1_806' title='bbox 1478 5625 1606 5692; x_wconf 90' lang='lat' dir='ltr'>deorum,</span> <span class='ocrx_word' id='word_1_807' title='bbox 1627 5624 1655 5680; x_wconf 93' lang='lat' dir='ltr'>in</span> <span class='ocrx_word' id='word_1_808' title='bbox 1673 5624 1772 5697; x_wconf 88' lang='lat' dir='ltr'>quibus</span> <span class='ocrx_word' id='word_1_809' title='bbox 1790 5623 1861 5678; x_wconf 83' lang='lat' dir='ltr'>luere</span> 
     </span>
    </p>
   </div>
   <div class='ocr_carea' id='block_1_16' title="bbox 0 0 2028 6196">
    <p class='ocr_par' dir='ltr' id='par_1_18' title="bbox 0 0 2028 6196">
     <span class='ocr_line' id='line_1_68' title="bbox 0 0 2028 6196; baseline 0 0"><span class='ocrx_word' id='word_1_810' title='bbox 0 0 2028 6196; x_wconf 95' lang='lat' dir='ltr'> </span> 
     </span>
    </p>
   </div>
  </div>
 </body>
</html>
