4042 6200
244 302 281 362 tt
581 299 613 356 tt.
633 295 891 393 mantheum
910 294 1071 386 nucxtttn.
1092 291 1248 351 ttodbdn.
1267 292 1411 352 denubit
1428 294 1519 353 PARS
1537 295 1570 352 ll.
1843 297 1880 354 ou

244 419 296 484 sla,
311 430 393 489 quam
407 413 532 472 Christus
545 413 700 486 concupivit
716 412 868 476 lavantem,
887 408 915 465 id
929 416 982 473 est,
993 411 1073 467 sed
1088 404 1152 474 tait,
1167 412 1261 478 typum
1284 414 1358 462 tenet
1379 406 1532 463 scribarum
1546 414 1574 463 et
1596 405 1806 478 Pharisaeorum,
1831 412 1882 482 qui

244 508 388 579 metipsum
406 520 422 560 a
445 504 570 561 sordibus
584 503 675 560 saeculi
690 518 739 574 per
748 500 849 557 htvaeri
867 501 966 556 undam
989 513 1039 571 pu·
1088 495 1251 552 ridebantur
1274 512 1369 569 regere
1388 496 1529 554 ludaicum
1545 498 1685 571 populum,
1700 503 1747 558 sed
1759 506 1884 574 paterni-

245 598 409 656 pipcanaem.
1091 598 1173 646 tatem
1187 605 1220 646 ac
1239 588 1397 661 dignitatem
1424 591 1542 648 nominis
1554 593 1596 648 sui
1608 594 1796 664 perdiderunt.
1811 596 1884 653 Cum

281 686 398 744 hbsalon
412 686 559 758 putriapae
571 684 767 754 interpretatur
784 696 834 754 per
850 678 1039 752 antiphrasim,
1090 681 1279 739 traditionibus
1292 680 1349 738 suis
1359 681 1529 739 riularemut
1540 683 1645 755 legem:
1661 685 1701 740 sie
1711 683 1789 753 dbia,
1800 697 1883 758 capta

245 778 370 850 eoquod
398 776 499 833 bellum
528 776 658 832 adversus
685 786 790 847 patrem
816 774 956 847 gessisset,
983 772 1041 829 sire
1088 771 1193 839 Retinet,
1225 771 1296 828 idola
1315 771 1408 828 israeli
1436 771 1464 827 iu
1488 772 1645 829 scandalum
1671 777 1884 845 reservantem

246 871 318 942 quod
343 870 371 925 iu
393 869 453 940 ipso
477 866 547 924 bellu
571 867 656 922 David
681 873 808 937 pacatum
832 864 917 922 tuisse
942 865 1042 937 legitur
1090 861 1196 918 liebrei
1213 869 1349 930 assemut,
1360 871 1390 918 et
1412 861 1472 919 ideo
1491 877 1636 932 percussus
1649 878 1666 921 a
1679 865 1793 922 Domino
1805 882 1885 923 mor-

247 961 313 1027 tilio,
331 962 399 1016 adeo
421 968 452 1015 ut
464 959 547 1029 etiam
569 973 744 1031 magnorum
769 958 863 1016 dolore
876 958 1041 1015 exstinctum
1092 964 1153 1011 tuus
1170 963 1222 1011 est.

246 1054 396 1125 plangeret
413 1051 463 1108 liic
479 1063 571 1123 typum
586 1058 660 1107 tenet
669 1049 825 1109 ludaeorum
837 1050 880 1108 rei
891 1049 967 1106 iude
978 1063 1043 1118 pro·
1125 1046 1191 1113 Asa,
1206 1046 1252 1117 qui
1269 1046 1464 1119 iuterpretatur
1479 1045 1584 1112 tollens,
1598 1046 1657 1103 sive
1671 1047 1819 1115 melotem,
1836 1049 1886 1107 bie

249 1142 345 1199 clitoris
357 1142 403 1213 qui
418 1141 579 1198 seditionem
592 1139 752 1199 leuauerunt
774 1147 869 1197 eontra
883 1154 976 1194 venun
990 1138 1043 1193 [ta-
1091 1138 1120 1193 in
1132 1137 1267 1209 principio
1284 1137 1360 1210 regui
1373 1148 1375 1153 ’
1389 1137 1431 1192 sui
1445 1137 1607 1194 restaurarit
1632 1139 1734 1195 cultum
1749 1140 1882 1207 divinum,

247 1232 303 1302 ud,
320 1233 472 1294 inridentes
499 1236 535 1303 ei,
557 1243 585 1291 et
597 1234 762 1308 principatui
776 1231 835 1303 ejus
853 1232 967 1288 iusidias
981 1247 1042 1288 mu·
1091 1237 1118 1283 et
1135 1228 1196 1298 iecit
1208 1226 1279 1299 quud
1289 1226 1385 1282 bouum
1395 1237 1420 1282 et
1431 1227 1619 1300 beneplacitum
1630 1239 1686 1284 erat
1701 1232 1885 1300 incompacta

248 1328 356 1384 tientes,
1068 1312 1210 1388 'Doruiui
1229 1321 1405 1391 aubamtitque
1426 1320 1524 1376 ultoria
1549 1320 1688 1387 idolorum,
1715 1333 1741 1378 et
1753 1324 1885 1396 cousreqit

288 1415 416 1473 Salomon
432 1416 519 1472 trihus
529 1413 683 1471 nominihus
698 1413 781 1470 luisse
796 1412 963 1484 perhibetur.
979 1411 1042 1470 Pri·
1092 1409 1236 1466 cirratacra
1251 1410 1312 1482 till
1324 1409 1389 1483 lleq.
1411 1410 1467 1483 xv).
1486 1410 1808 1487 liudeqratiamltomini
1818 1429 1887 1486 pro-

250 1524 326 1565 mum
343 1506 505 1564 vocabulum
518 1505 578 1577 ejus
594 1504 731 1571 Salomon,
755 1504 781 1559 id
800 1511 841 1560 est
851 1503 991 1574 pacificata,
1010 1517 1044 1559 eo
1093 1499 1203 1566 meruit,
1229 1499 1267 1555 ita
1281 1508 1312 1555 ut
1326 1516 1449 1572 pugnans
1470 1513 1566 1557 eontra
1583 1499 1728 1572 AEthiopes
1742 1503 1886 1559 victoriana

253 1600 325 1671 quod
338 1600 366 1656 iu
388 1613 473 1671 reqno
491 1595 550 1666 elus
566 1611 619 1667 pax
646 1594 738 1651 tuerit
765 1592 919 1650 Secundum
945 1608 1045 1649 nomen
1094 1597 1212 1661 caperet,
1237 1595 1265 1644 et
1287 1604 1335 1646 eos
1363 1605 1449 1661 usque
1472 1590 1507 1645 ad
1519 1590 1730 1648 internecionem
1758 1592 1887 1659 aderet,

251 1702 294 1750 est
303 1693 393 1760 idida,
405 1708 438 1750 eo
448 1692 519 1764 quod
529 1692 612 1748 luerit
621 1676 735 1748 dilectus
745 1698 773 1746 et
784 1688 908 1745 amabilis
918 1688 1042 1745 Domitio.
1095 1680 1159 1750 (init
1171 1677 1344 1750 Domiuopro
1359 1695 1393 1737 ω
1414 1688 1550 1753 pnssnnntn
1563 1689 1591 1737 et
1604 1682 1752 1738 exercitum
1768 1683 1827 1754 eins
1839 1685 1890 1739 nd·
2001 1739 2002 1762 ι

252 1785 374 1843 Tertium
385 1782 500 1852 Coeletir,
512 1785 584 1857 quod
602 1783 696 1840 Graece
708 1781 859 1853 appellatur
870 1780 1042 1845 ecclesiastes,
1057 1756 1206 1843 Biutnntt
1227 1772 1338 1828 nnntriti
1353 1781 1436 1839 sunt3
1451 1772 1499 1829 sed
1512 1780 1605 1843 {instet
1625 1773 1652 1828 in
1676 1771 1797 1829 decenus
1816 1774 1891 1830 rein·

252 1876 349 1933 qune
363 1877 545 1943 componam,
571 1875 644 1947 quoq
669 1875 703 1929 qd
721 1873 847 1945 populum
877 1872 1044 1942 loqueretur,
1095 1863 1175 1928 herus,
1192 1878 1254 1918 cum
1277 1863 1406 1918 auxilium
1420 1862 1594 1934 Assyriorum
1605 1871 1698 1919 eontra
1712 1863 1780 1919 Basa
1793 1880 1890 1936 regern

253 1966 317 2024 ilaec
328 1982 393 2037 erqo
407 1964 508 2022 Ctuisti
522 1964 707 2038 praenuntiant
730 1962 855 2033 liguram,
870 1960 916 2031 qui
928 1959 1046 2015 aediltra-
1095 1953 1179 2011 lsrael
1207 1954 1369 2025 quaesisset;
1387 1953 1517 2010 etheaei
1536 1955 1697 2025 prophetam
1712 1954 1747 2010 ad
1758 1970 1788 2011 sc
1802 1969 1818 2009 a
1833 1954 1890 2010 ilo

253 2059 293 2114 uit
306 2059 416 2114 domum
436 2056 550 2113 licutino
577 2054 724 2112 incoelesti
748 2053 928 2120 Hierusalem,
944 2067 998 2108 non
1013 2051 1047 2108 dc
1095 2044 1171 2100 minti
1184 2044 1307 2109 missum,
1327 2052 1358 2099 m
1369 2058 1432 2100 eum
1445 2044 1507 2100 iude
1518 2045 1679 2117 corriperet,
1693 2052 1721 2099 tt
1737 2044 1765 2100 iu
1777 2044 1888 2101 tincti!
1997 2101 2003 2136 ὁ,

253 2147 335 2219 lignis
363 2154 390 2202 et
413 2144 560 2217 lapidibus,
575 2145 622 2201 sed
646 2145 681 2201 de
699 2145 800 2200 sanctis
825 2142 991 2199 hominibus,
1004 2140 1047 2197 dd
1097 2135 1228 2201 misisset,
1246 2134 1364 2206 sinnitet
1378 2134 1441 2190 inde
1459 2133 1602 2191 Dominum
1618 2133 1741 2192 offendit·
1755 2135 1831 2192 Unde
1843 2136 1892 2206 in·

254 2237 330 2309 cujus
345 2236 505 2309 sapientiam
520 2235 682 2291 erudientium
697 2233 791 2306 regina
803 2232 878 2290 uenit
889 2231 1046 2303 AEthiopiae,
1096 2232 1139 2281 nte
1151 2224 1203 2281 eiiii
1215 2225 1270 2281 heo
1281 2224 1447 2281 retribuente
1460 2225 1555 2282 incidit
1567 2225 1595 2281 in
1613 2224 1769 2298 innuentem
1783 2227 1891 2300 gravis·
1999 2299 2003 2315 η

254 2329 307 2386 huc
331 2338 383 2395 est,
398 2327 518 2385 Ecclesia
540 2328 574 2383 de
594 2326 729 2405 gentibus.
746 2323 931 2396 liaecerqoad
950 2322 1047 2394 pacid·
1098 2317 1207 2385 dmum,
1232 2326 1261 2373 et
1283 2319 1384 2389 pedum
1409 2317 1528 2374 dmorem
1550 2319 1838 2375 uehementissimum:
1859 2319 1889 2375 ia
1994 2320 2002 2389 ,’

254 2433 318 2475 eum
332 2427 453 2474 nostmru
466 2427 494 2473 et
519 2417 661 2473 amabilem
687 2415 812 2481 Domino,
836 2414 871 2469 de
893 2428 947 2486 quo
965 2410 1049 2469 Pater
1097 2422 1151 2478 quo
1165 2416 1192 2463 et
1201 2408 1278 2464 obiit.
1292 2407 1348 2463 Nee
1356 2415 1384 2465 et
1397 2407 1449 2482 [in]
1461 2408 1621 2466 intirmitate
1635 2425 1683 2465 sua
1698 2411 1822 2481 quesivit
1834 2409 1890 2466 ho-
1996 2474 2002 2489 „

254 2508 315 2563 ait:
332 2505 429 2563 liieest
443 2504 531 2562 Filius
550 2523 624 2563 meua
640 2505 762 2573 dilectur,
787 2505 816 2559 in
833 2520 886 2576 qao
904 2503 969 2558 milri
985 2503 1049 2557 teuc
1097 2498 1212 2565 minum,
1227 2497 1275 2554 sed
1297 2499 1384 2567 mapis
1397 2499 1425 2554 in
1450 2500 1617 2556 medicorum
1642 2509 1729 2557 artem
1750 2500 1891 2557 conlidens
1995 2570 2002 2587 Ι

259 2596 406 2669 complacui
419 2594 527 2666 (hatab.
551 2596 604 2669 ιιι),
620 2606 649 2652 ut
667 2595 774 2652 audiret
798 2594 957 2666 sapientiam
975 2594 1047 2666 ejus,
1098 2589 1207 2647 ddusus
1228 2598 1280 2647 cst
1296 2590 1322 2647 ls
1335 2590 1427 2663 itaque
1450 2606 1497 2648 eoa
1511 2593 1611 2665 uanat
1633 2592 1730 2665 typice,
1749 2593 1795 2665 qui
1816 2593 1890 2649 bono
1997 2596 2002 2603 “

256 2688 332 2745 renit
345 2689 379 2745 de
393 2688 495 2745 ultimis
507 2697 588 2746 terrae
600 2687 711 2754 linibus,
728 2697 755 2745 et
767 2688 861 2744 audito
872 2702 914 2754 eo,
926 2686 1049 2758 visisque
1097 2684 1227 2740 inchoant
1242 2684 1330 2749 initio,
1349 2685 1396 2743 sed
1420 2686 1490 2743 malo
1507 2686 1605 2743 liniunt
1617 2688 1750 2755 terminu;
1763 2687 1809 2759 qui
1825 2696 1890 2759 post
2000 2757 2002 2771 Ι

257 2779 415 2836 ministeriis
429 2777 495 2850 ejus,
512 2780 539 2836 iu
565 2780 670 2837 laudem
691 2779 776 2850 ipsius
793 2778 918 2851 prorupit
933 2777 1047 2834 diceus:
1098 2774 1298 2831 abdicationem
1331 2776 1500 2844 idololatriae,
1530 2785 1559 2833 ct
1582 2786 1699 2847 spretam
1728 2779 1889 2834 serr-tutem

258 2867 333 2923 Beati
347 2868 397 2924 oiri
414 2870 463 2936 tui,
487 2879 511 2925 et
526 2870 595 2925 beuti
616 2871 684 2925 aerei
700 2871 750 2935 tui,
773 2871 819 2942 qui
836 2877 907 2926 atout
920 2883 1010 2924 corum
1024 2877 1049 2923 te
1097 2865 1301 2932 demoniorum,
1323 2876 1449 2940 percepta
1472 2868 1558 2940 gratia
1575 2868 1747 2939 baptismatis
1770 2879 1798 2925 et
1814 2869 1890 2924 chri-

256 2975 367 3031 aemper,
380 2968 405 3015 et
429 2960 541 3014 audiunt
564 2960 720 3030 rapientium
741 2970 825 3014 tuum.
850 2956 892 3015 su
915 2958 1046 3015 Dumium
1097 2956 1195 3011 smatis
1209 2956 1281 3011 sacri
1291 2957 1428 3024 unctione,
1441 2958 1533 3014 statim
1547 2959 1574 3014 in
1597 2959 1890 3030 primordiosuaeritae

261 3050 330 3109 lietu
349 3062 411 3109 tear
424 3051 582 3121 benedictus,
605 3053 647 3109 cai
667 3053 803 3127 placuisti,
816 3064 840 3111 et
859 3055 946 3127 potuit
966 3062 1047 3111 teas·
1098 3045 1207 3117 vitiatis
1218 3047 1352 3120 niripiunt
1364 3064 1467 3122 (intrat
1483 3050 1531 3107 sed
1544 3048 1656 3106 tentore
1665 3060 1756 3118 aetate,
1769 3050 1890 3120 aejuxta

255 3161 303 3215 per
321 3145 443 3200 thronum
466 3143 551 3200 iarael
562 3159 572 3200 .·
585 3161 616 3200 ce
636 3145 706 3217 quod
720 3145 841 3201 dilexerit
862 3144 989 3200 Dominus
1008 3099 1084 3200 lec
1098 3138 1242 3208 pinsentis
1252 3138 1315 3195 titae
1328 3141 1484 3209 terminum,
1499 3144 1606 3211 quando
1617 3143 1762 3199 uirtutibus
1776 3160 1891 3216 operam
1994 3135 2002 3144 “’

259 3232 314 3288 rael
328 3235 356 3288 iu
368 3235 562 3305 sempiternum,
582 3245 607 3290 et
622 3235 755 3291 coustituit
767 3245 792 3291 te
816 3252 912 3308 nepem,
930 3246 958 3292 ut
979 3237 1050 3307 [uce-
1098 3230 1335 3300 meduntam,
1350 3233 1385 3288 ad
1398 3234 1463 3289 vitia
1478 3235 1680 3293 rebellabuntur
1695 3235 1891 3310 [relabuntur},
2000 3311 2002 3318 y

258 3341 300 3381 rea
307 3325 441 3397 judicium
454 3336 478 3381 ct
489 3326 631 3396 justitiam,
651 3336 704 3383 ete.
718 3326 779 3401 (ill
796 3326 860 3400 lth.
874 3325 914 3401 ι).
1098 3332 1127 3380 et
1141 3322 1169 3378 iu
1181 3324 1274 3394 pruris
1283 3323 1453 3381 delectantur
1463 3326 1577 3382 actibus.

295 3412 416 3473 Roboam
432 3417 626 3490 interpretatur
649 3417 762 3473 latitudo
787 3418 889 3490 popuii,
908 3426 937 3475 et
960 3419 1048 3491 ipsunt
1134 3411 1341 3487 insanitatem
1364 3415 1559 3488 iuterpretatur
1583 3415 1655 3473 Deua
1669 3417 1813 3489 judiciam.
1838 3418 1893 3476 llic
1993 3407 2002 3437 '·

257 3522 307 3578 per
320 3508 498 3579 antiphrasin,
520 3510 638 3581 eoquod
663 3509 757 3565 decem
781 3507 905 3564 tribubus
918 3508 1051 3566 abeose-
1098 3519 1165 3577 ergo
1185 3520 1234 3560 rex
1249 3515 1342 3578 typum
1356 3506 1466 3578 prefert
1487 3507 1579 3579 popuii
1593 3509 1760 3565 credentium
1775 3512 1809 3567 de
1825 3527 1893 3583 geu·
1994 3500 2003 3533 ⁴

257 3599 371 3669 paratis,
395 3598 455 3655 duae
476 3607 580 3656 tanturm
594 3600 619 3656 ei
634 3600 736 3656 relicte
758 3600 823 3656 siut.
838 3600 889 3656 liic
912 3614 978 3671 ergo
997 3601 1050 3658 iio-
1099 3598 1184 3664 tibus,
1194 3598 1240 3670 qui
1256 3599 1290 3654 ad
1304 3599 1512 3671 Redemptorem
1525 3609 1658 3668 nostrum,
1674 3602 1769 3659 relicto
1787 3618 1891 3674 pareu-
1991 3599 2002 3688 J

257 3689 336 3745 boam
350 3690 421 3747 tilius
434 3689 586 3747 Salomonis
600 3701 628 3748 et
642 3691 786 3748 lemboam
799 3707 907 3761 servus,
925 3694 975 3750 sub
987 3695 1050 3766 qui·
1100 3697 1157 3745 tum
1177 3705 1282 3757 ermm,
1297 3691 1441 3759 cunrcui13
1462 3707 1540 3748 sacro
1553 3692 1715 3765 baptismate
1730 3695 1848 3762 abtultus,
1864 3706 1894 3752 et
1997 3686 2002 3700 '

257 3780 308 3835 bus
323 3780 406 3838 lsrael
419 3781 446 3836 in
458 3781 526 3837 duras
538 3791 630 3852 partes
654 3782 757 3839 divisus
774 3789 826 3849 est,
841 3782 983 3855 designaut
994 3785 1050 3842 dis·
1099 3781 1186 3837 sancti
1207 3781 1363 3838 chrismatis
1383 3784 1510 3839 uuetioue
1532 3783 1634 3849 linitus,
1649 3784 1786 3843 aGhristo
1809 3787 1894 3844 Cbri-
1987 3783 2002 3812 ‘³

256 3869 411 3926 sensionem
425 3869 498 3925 iiiam
515 3869 543 3925 in
557 3870 663 3926 Domini
688 3872 807 3928 aduentu
824 3872 934 3941 iactam,
949 3874 976 3929 iu
994 3890 1048 3946 qua
1100 3871 1217 3927 stianum
1244 3887 1342 3928 nomeu
1362 3874 1501 3944 etregiam
1525 3874 1681 3946 dignitatem
1706 3878 1810 3949 accepit
1824 3897 1830 3932 :
1843 3881 1893 3935 eui
1992 3871 1999 3884 '

256 3959 498 4030 persuadentium
515 3976 548 4016 en
562 3959 664 4038 lundein
678 3970 774 4034 requat
795 3978 856 4019 cum
870 3963 991 4031 Christo,
1002 3968 1049 4036 qui
1099 3964 1196 4021 Petrus
1205 3965 1343 4034 apostolus
1359 3965 1385 4020 iu
1399 3965 1519 4036 Epistola
1535 3982 1583 4022 sua
1598 3968 1655 4023 ait:
1673 3966 1893 4040 reserauerat

257 4049 343 4108 Dauid
355 4066 454 4124 genere
464 4061 560 4120 ortus;
575 4068 639 4124 pars
657 4069 723 4110 uero
734 4061 826 4110 secuta
848 4063 890 4111 est
909 4053 1049 4111 hutiebri·
1099 4055 1219 4123 electum,
1248 4057 1336 4129 repete
1358 4059 1546 4128 sacerdotum,
1570 4078 1631 4133 pem
1651 4073 1754 4130 macta,
1770 4052 1893 4136 'popalus
1992 4057 2002 4086 ·”

257 4150 338 4209 stum,
355 4142 432 4214 cuijus
455 4143 539 4201 cultui
568 4144 690 4201 netandae
708 4147 848 4204 servitutis
873 4163 1047 4204 errorecon·
1099 4148 1278 4219 acquisitionis
1297 4148 1323 4221 (Ι
1338 4146 1409 4205 Pur.
1427 4150 1468 4223 u).
1485 4151 1561 4220 Quod
1576 4154 1693 4211 nominis
1705 4155 1789 4226 ipsius
1802 4156 1892 4213 iuter-
1989 4154 2003 4184 ‘³

257 4235 345 4291 stricti
359 4244 431 4291 sunt.
447 4235 534 4292 Aliter
547 4244 637 4292 autent
658 4235 779 4293 ilobuam
803 4239 938 4311 signifieat
962 4240 1048 4295 malos
1098 4237 1214 4306 prelatio
1228 4239 1295 4295 beue
1309 4239 1461 4295 condrmat.
1487 4242 1684 4315 iuterpretatur
1698 4256 1789 4304 autem
1807 4248 1892 4319 juxta
1997 4244 2002 4267 ³

257 4334 379 4381 rectores
391 4326 420 4381 in
436 4326 568 4392 Ecclesia,
583 4327 629 4397 qui
657 4330 774 4384 temeuis
795 4330 989 4401 cupiditatibus
1000 4331 1048 4387 de-
1099 4328 1230 4398 quosdam
1253 4327 1381 4402 iosaphat
1398 4330 1703 4408 dominitionemque
1717 4337 1893 4400 catarractas.
1992 4341 2002 4358 ‘

257 4416 306 4472 diti
329 4416 467 4490 negligunt
493 4433 586 4474 euram
610 4421 712 4477 habere
728 4421 910 4488 subditorum,
929 4431 957 4479 et
969 4423 1046 4480 dete.
1100 4417 1218 4474 Ecclesia
1229 4421 1347 4491 gentium
1367 4436 1432 4492 erqo
1445 4424 1533 4492 pretio
1546 4425 1685 4496 sanguinis
1699 4425 1800 4482 Christi
1814 4444 1898 4485 coru·
1988 4425 2002 4459 ⁵·

260 4513 369 4563 ctautur
393 4507 420 4561 in
443 4508 615 4565 multitudiue
640 4509 691 4564 sibi
710 4510 916 4581 obsequentium
932 4527 983 4569 uec
1007 4522 1048 4569 ta·
1099 4517 1205 4580 parata,
1220 4519 1247 4565 et
1257 4510 1374 4581 Spiritus
1386 4515 1472 4569 sared
1485 4513 1596 4586 piquore
1606 4517 1707 4583 dotata,
1720 4520 1891 4575 consortium
1985 4513 2003 4551 ⁹¹

257 4610 321 4652 men
341 4597 500 4670 condignam
521 4599 621 4654 babent
633 4598 842 4657 sollicitudinem
857 4602 906 4659 sibi
918 4604 1046 4660 commis-
1099 4604 1191 4672 spousi
1205 4603 1324 4660 celestis
1346 4615 1373 4661 et
1386 4607 1545 4664 societatem
1573 4610 1647 4678 repuli
1662 4614 1822 4679 promeruit.
1838 4614 1892 4669 Cui
1994 4607 2002 4636 '¹'

259 4700 361 4742 uorum.
1099 4690 1176 4747 iactu
1189 4702 1252 4748 suunt
1275 4694 1388 4752 infruitae
1405 4696 1588 4762 «liviticum
1605 4698 1632 4752 iu
1649 4706 1783 4755 conuentu
1797 4699 1892 4757 direr-
1990 4710 2003 4738 ·'2

291 4773 434 4832 lembuaur
451 4777 645 4851 iuterpretatur
663 4781 805 4852 judicatio,
822 4784 879 4839 sive
904 4802 985 4841 cuum
998 4803 1047 4857 po·
1098 4797 1189 4838 sarum
1204 4785 1342 4840 nationum
1354 4788 1388 4841 ad
1402 4786 1491 4852 tidem,
1507 4802 1554 4844 scu
1566 4789 1592 4843 iu
1602 4790 1781 4860 acquisitione
1794 4793 1891 4849 raria-
1988 4795 2002 4830 ἢ

255 4867 323 4941 pell,
337 4868 389 4934 ut,
404 4871 552 4942 utquidam
566 4872 770 4940 aiunt,dieiaio‚
787 4876 903 4946 eoquod
918 4877 945 4931 iu
961 4894 1046 4950 regno
1098 4888 1159 4927 rum
1176 4873 1317 4941 uirtutum,
1338 4883 1367 4931 et
1398 4877 1481 4931 multa
1503 4876 1589 4950 gloria
1620 4879 1755 4950 spiritalis.
1775 4882 1891 4951 sapien-
2000 4895 2002 4901 ·

255 4957 316 5030 eius
327 4958 429 5016 divisus
451 4961 487 5017 sit
500 4961 614 5032 populus
630 4962 724 5032 lsrael,
749 4974 777 5021 et
789 4966 918 5036 praecisus
932 4983 947 5022 a
962 4983 1045 5040 reguo
1097 4951 1151 5017 tiae.

257 5048 351 5121 stirpis
377 5049 483 5118 Darid3
511 5052 652 5109 divisionis
674 5054 747 5110 enim
773 5055 864 5126 populi
889 5071 972 5113 causa
993 5058 1045 5114 iste
1132 5054 1225 5112 Achab
1239 5064 1329 5112 autem
1352 5057 1460 5128 impius,
1478 5059 1525 5130 qui
1553 5059 1580 5116 in
1596 5059 1719 5117 Samaria
1740 5065 1890 5135 regnabat,
1986 5075 2002 5110 *-

256 5140 371 5195 exstitit
407 5140 547 5213 Significat
578 5143 731 5207 hereticos.
764 5145 810 5216 qui
848 5146 1044 5205 dissensionem
1097 5146 1292 5202 heresiarchas
1309 5147 1446 5218 exprimit,
1461 5150 1507 5220 qui
1521 5151 1688 5222 perditorum
1713 5154 1821 5209 turbam
1837 5171 1893 5227 per
1991 5169 1998 5200 ³

256 5236 359 5296 amant,
371 5237 399 5285 et
423 5231 553 5289 unitatem
567 5231 628 5288 ddei
642 5233 782 5289 catholicae
801 5237 949 5293 heresibus
970 5239 1044 5293 sciu-
1096 5250 1216 5291 crmurm
1229 5236 1306 5293 deuia
1319 5237 1432 5305 ducunt,
1444 5249 1472 5296 et
1487 5240 1513 5296 in
1528 5251 1686 5312 perpetuum
1700 5246 1798 5301 mortis
1813 5263 1889 5317 prm·
1984 5269 1987 5278 ¹

256 5319 332 5386 duut,
346 5320 432 5377 aceio
446 5321 527 5377 cultui
551 5322 730 5393 malignorum
758 5324 901 5395 spirituum
926 5326 1043 5401 sibi[se]
1093 5325 1218 5395 ,cipitium
1233 5335 1367 5399 mergunt.
1393 5329 1471 5398 Quod
1494 5340 1585 5388 autem
1609 5330 1741 5405 iosaphat
1753 5335 1892 5396 adiuritate
2001 5387 2002 5392 ,

256 5409 436 5477 obsequentes
454 5411 573 5466 tradunt.
590 5409 783 5482 iuterpretatur
797 5424 887 5470 autem
900 5412 1045 5471 lerobuam
1096 5414 1256 5483 conjunctus
1273 5427 1314 5473 est
1326 5418 1430 5486 Achab,
1446 5421 1638 5493 descenditque
1661 5424 1694 5479 ad
1707 5440 1768 5481 euru
1783 5426 1811 5481 in
1833 5425 1891 5484 Sa·
1982 5431 1988 5448 “

256 5496 406 5568 captaretur
423 5501 558 5573 poputum.
574 5500 643 5557 uam
660 5502 782 5559 namurci
800 5503 947 5573 nundinare
961 5522 1046 5578 popu·
1095 5503 1221 5569 martam,
1235 5514 1328 5563 eontra
1352 5507 1445 5565 hostes
1468 5511 1593 5578 prebens
1614 5511 1641 5567 u
1657 5513 1796 5581 auaitum,
1825 5515 1894 5575 titos
1983 5529 1996 5578 t

257 5586 313 5642 lum
325 5586 461 5655 uidentur,
475 5606 536 5646 curu
547 5592 648 5649 erroris
662 5593 703 5649 sui
719 5608 862 5665 sequacem
877 5595 989 5672 iactitat.
1095 5595 1246 5666 liquualiter
1257 5597 1425 5654 demonstrat
1436 5599 1481 5669 qui
1493 5600 1526 5656 de
1538 5602 1678 5660 catholicis
1697 5603 1732 5660 ad
1744 5604 1893 5665 heretico-
1982 5621 1989 5640 ⁸

292 5678 369 5746 dbia,
392 5678 436 5750 qui
456 5679 648 5749 iuterpretatur
661 5694 735 5750 pater
749 5683 886 5751 Durrriuus,
908 5686 949 5742 rei
970 5696 1044 5757 puter
1097 5703 1156 5741 rum
1183 5688 1329 5742 uaruicitiauu
1345 5705 1374 5745 sc
1388 5690 1537 5763 itu-liuuutq
1551 5694 1596 5764 qui
1618 5694 1707 5752 liceta
1724 5709 1805 5753 rectu
1823 5701 1893 5756 lidei
1985 5717 2003 5768 e,
