4042 6200
239 322 307 378 toot
557 311 588 373 B.
609 313 734 372 natant
754 311 861 372 nsunt
880 313 1039 372 attentae.
1059 307 1212 373 notioni.
1234 307 1376 372 oistttttt
1394 308 1485 370 Pstis
1503 307 1546 371 ΙΙΙ.
1798 318 1872 375 1608

238 431 363 496 Caesaris,
377 428 536 484 eriartltum
547 437 687 494 venerant,
704 443 798 483 rursus
809 428 890 483 edicti
904 437 1029 485 cessante
1042 436 1068 492 Α
1079 441 1140 482 esse
1165 429 1300 483 testatur?
1317 428 1367 482 nisi
1389 426 1458 482 lorte
1486 425 1659 498 profundiore
1683 429 1817 500 mysterio
1838 431 1874 485 ad

238 521 352 586 saevitia,
368 518 482 573 Romam
512 518 629 588 regressi
652 518 803 573 salutentur
818 515 945 582 aPaulo;
961 532 1030 588 quos
1079 516 1152 572 illam
1169 518 1346 588 respiciamus
1360 518 1556 587 captivitatem,
1570 517 1788 587 quemchristus
1799 522 1874 576 venit

239 621 330 665 tamen
342 607 618 679 apparetludaorum
636 607 742 662 insidiis
762 606 846 664 Paulo
860 608 1029 679 periclitante
1079 604 1228 672 absoluere,
1250 607 1284 662 de
1296 617 1350 677 qua
1371 607 1501 676 scriptum
1513 615 1555 662 est
1578 606 1644 678 glan.
1655 607 1722 679 ιιι),
1736 611 1834 666 tenire
1846 621 1875 666 et

238 700 399 769 semetipsos
410 698 552 768 objecisse,
579 706 608 753 nt
625 697 670 752 illc
696 697 766 752 liber
788 698 955 754 abscederet.
973 698 1030 754 iloc
1081 695 1147 753 dare
1157 711 1219 751 eum
1232 696 1346 765 captiuis
1358 696 1557 760 remissionem,
1571 696 1650 752 caecis
1663 697 1751 751 risum
1763 699 1874 769 :inqua

239 800 329 847 autem
340 799 365 846 et
380 788 461 844 lason
477 789 585 859 quddam
599 789 696 845 secisse
717 789 744 843 in
759 789 870 845 Actibus
894 790 1029 860 apostolo-
1080 785 1237 858 captivitate
1252 787 1414 843 uidebantur
1427 803 1481 843 una
1493 797 1574 858 atquc
1590 790 1684 843 eadem
1702 790 1808 845 ratione
1828 792 1874 845 isti

239 898 299 936 rum
312 879 429 935 neiertnr
439 879 507 950 (Act.
520 877 598 946 arar),
614 886 642 934 et
657 879 726 934 lianc
741 894 833 933 corum
844 878 950 934 laudem
964 894 1029 949 apo-
1079 891 1149 944 csse,
1162 878 1188 932 in
1207 894 1261 949 qua
1274 887 1303 933 et
1315 878 1416 934 Paulus
1425 888 1493 934 erat.
1510 879 1590 935 Verbi
1604 881 1676 934 enlm
1690 880 1814 952 gratiosi
1835 881 1876 936 di·

239 970 388 1027 stolusuon
412 970 484 1034 silet,
506 970 553 1025 sed
565 968 692 1024 oumibus
714 984 773 1023 eam
793 968 921 1024 Ecclesiis
941 968 1029 1023 admi·
1079 981 1187 1022 camum:
1199 967 1266 1023 Gom
1278 968 1400 1039 captivus
1413 969 1610 1041 essetpopulus
1622 968 1874 1042 lsraelapuddssy·

239 1059 351 1117 eandam
365 1061 457 1125 tradit,
472 1069 499 1115 et
512 1058 573 1115 ideo
594 1058 681 1114 dicit:
705 1056 805 1124 Quidue
831 1073 883 1112 non
898 1057 969 1112 aolus
982 1074 1028 1129 epo
1080 1057 1136 1113 rios
1150 1055 1192 1112 rel
1203 1055 1378 1128 Babylonios,
1393 1074 1489 1115 omues
1509 1059 1616 1130 quidem
1637 1061 1803 1118 ridebantur
1813 1078 1875 1119 esse

238 1155 337 1224 oratius
351 1164 412 1222 ago,
431 1150 476 1205 aad
489 1160 513 1205 et
531 1150 658 1204 uniuersa
672 1147 797 1203 Ecclesia
812 1149 937 1219 petatium.
952 1147 1030 1204 Unde
1080 1146 1191 1216 captia,
1206 1147 1255 1202 sed
1269 1147 1321 1202 alia
1337 1150 1406 1204 ratio
1420 1150 1446 1204 in
1461 1150 1567 1206 saletis
1579 1151 1756 1221 captivitatis,
1780 1153 1836 1208 alia
1849 1155 1875 1207 in

207 1292 210 1296 .
239 1249 350 1312 apparet
365 1256 412 1295 cos
438 1239 570 1294 officiosos
591 1248 619 1294 ct
635 1227 790 1307 'hospitates
805 1236 944 1292 exstitisse
965 1252 1029 1308 erga
1080 1236 1191 1293 [ramale
1203 1246 1231 1293 et
1242 1237 1347 1294 Apatna
1361 1249 1442 1310 atque
1453 1240 1549 1296 Azania
1564 1240 1606 1297 rel
1621 1241 1713 1298 lllsael
1726 1243 1809 1315 (don.
1821 1245 1874 1315 tri:

238 1344 334 1384 omnes
348 1330 446 1385 iratres
461 1328 565 1394 fideles,
581 1342 634 1382 non
650 1327 737 1382 solum
751 1326 796 1396 qui
808 1341 842 1381 ex
856 1324 966 1392 ludaeis,
980 1327 1029 1382 sed
1080 1324 1118 1380 illl
1136 1327 1208 1381 enim
1221 1328 1318 1398 captivi
1333 1339 1411 1384 erant
1421 1344 1470 1399 pro
1484 1329 1678 1400 peccatissuis,
1692 1333 1736 1387 isti
1751 1348 1818 1388 sero
1827 1349 1877 1403 pru

237 1420 320 1474 ctiam
331 1420 375 1488 quui
388 1434 421 1473 ex
433 1417 557 1487 gentibus
568 1416 746 1471 credidissent
759 1434 765 1469 :
780 1431 877 1486 magna
890 1416 962 1470 enim
971 1433 1031 1488 gra·
1080 1414 1265 1472 consolatione
1277 1418 1445 1487 captiuorum
1461 1429 1540 1474 erant
1550 1421 1634 1475 ctiam
1648 1421 1697 1491 ipsi
1711 1423 1834 1493 saptiam
1850 1434 1879 1478 et

156 1559 159 1564 ,
239 1509 275 1564 tia
287 1510 314 1563 in
329 1507 521 1578 hospitalitatis
541 1505 640 1573 officio,
655 1523 708 1562 non
736 1506 823 1563 solum
838 1508 908 1577 apud
933 1507 1029 1573 Deum,
1081 1504 1142 1562 ideo
1155 1505 1178 1561 sl
1191 1504 1294 1562 diecret
1304 1507 1398 1563 liauicl
1413 1508 1544 1579 dealiquo
1558 1525 1614 1565 uno
1625 1526 1659 1566 ex
1673 1511 1761 1580 plebe,
1775 1528 1877 1568 cmm-

238 1598 362 1669 sedapud
372 1599 495 1654 homines
505 1597 651 1652 invenitur.
670 1595 735 1665 Quae
747 1605 836 1653 amen
847 1598 1030 1668 resquoniauu
1080 1595 1170 1666 ptitus
1180 1611 1267 1662 meus,
1282 1612 1335 1653 non
1350 1599 1387 1653 ita
1402 1602 1597 1656 convenienter
1608 1601 1663 1656 dici
1679 1602 1834 1668 ridebant,
1847 1614 1877 1657 ut

240 1705 293 1746 non
317 1689 404 1745 solnm
425 1689 452 1744 iu
480 1689 617 1743 voluntate
634 1697 662 1744 et
684 1689 824 1759 proposito
847 1688 1029 1755 dominorum,
1072 1685 1105 1748 ,si
1118 1685 1377 1743 diceretdc'dnania
1398 1687 1535 1745 eidzaria
1556 1700 1584 1745 et
1605 1691 1710 1755 Minaei,
1723 1695 1877 1764 concaptivi

239 1780 287 1835 sed
303 1790 331 1835 et
342 1789 420 1851 grato
436 1788 464 1833 et
477 1778 547 1835 tldcli
561 1778 682 1835 constitit
694 1779 845 1834 ministerio
858 1779 1030 1848 famulorum,
1045 1774 1069 1835 B
1082 1776 1156 1830 mei:
1173 1775 1273 1834 inistis
1290 1779 1363 1834 cuim
1384 1794 1439 1834 uua
1461 1780 1625 1851 captivitatis
1651 1791 1695 1839 est
1711 1784 1793 1847 ratio,
1818 1799 1879 1858 qun

240 1871 502 1940 idcircoomnesqni
518 1870 698 1926 ministerium
713 1871 786 1926 istud
809 1887 871 1927 cum
895 1871 954 1928 istis
968 1872 1034 1929 lude·
1082 1863 1192 1936 1011883
1207 1866 1304 1938 reliqui
1331 1869 1420 1939 popuii
1437 1871 1543 1925 mdoae
1564 1870 1671 1927 diversa
1685 1862 1738 1926 cat.
1760 1872 1799 1927 ita
1813 1887 1878 1941 crgo

239 1959 303 2013 liter
313 1957 506 2027 adimplebant,
522 1958 698 2014 domesticam
711 1959 860 2016 nominarit
871 1959 1031 2018 Ecclesiam.
1083 1963 1110 2012 ct
1124 1957 1224 2014 Paulus
1239 1958 1294 2015 tale
1305 1958 1404 2031 aliquid
1421 1962 1456 2015 dc
1468 1976 1508 2027 ac,
1527 1970 1555 2017 et
1572 1962 1727 2019 Andronico
1741 1964 1877 2028 aciania,

240 2046 360 2102 Salutate
383 2046 544 2117 Epirenetnm
560 2045 683 2102 dilectum
707 2049 783 2116 artai,
806 2051 852 2121 gai
868 2061 906 2106 eat
920 2053 1033 2122 primiti·
1082 2049 1231 2104 mundun
1247 2050 1404 2107 occultioris
1425 2054 1589 2109 sacramenti
1602 2053 1713 2111 irridens
1732 2056 1877 2119 radonem,

240 2155 285 2191 unta
296 2140 365 2192 Asia
378 2139 405 2191 in
419 2137 523 2194 Clariae
535 2137 612 2194 teau.
630 2138 681 2195 llic
693 2140 849 2211 Ephenetus
860 2143 966 2200 videtur
979 2146 1032 2200 uti·
1082 2141 1246 2210 concupitam
1258 2153 1308 2196 008
1320 2141 1372 2197 albi
1398 2143 1425 2198 in
1451 2143 1505 2199 ¹¹⁰⁰
1519 2144 1620 2200 muntii
1633 2144 1767 2211 minii·
1782 2154 1810 2200 et
1828 2163 1876 2199 tw·

239 2228 266 2282 lti
280 2230 397 2283 oinmnm
413 2230 489 2300 prius
499 2245 533 2285 cx
549 2229 612 2285 Asia
624 2231 780 2288 credidisse.
797 2227 873 2290 Unde
886 2244 914 2290 et
926 2235 1032 2291 initium
1083 2227 1148 2284 illes
1158 2229 1185 2283 ln
1198 2229 1339 2301 apostolis
1355 2227 1475 2286 Salutate
1490 2230 1661 2303 ampliatum,
1676 2234 1877 2288 dilecduimam

237 2334 300 2375 erim
326 2319 453 2376 Ecclesiae
475 2321 627 2392 appellauit,
653 2323 707 2389 tel,
732 2332 761 2377 ut
784 2324 810 2378 in
835 2323 930 2382 Graeco
950 2327 1034 2381 lrabe-
1083 2317 1185 2373 tailaiin
1200 2318 1324 2374 Domina·
1341 2320 1458 2393 (taor.)
1483 2321 1784 2393 flaacqnasiamicttta
1807 2324 1878 2379 saia·

240 2419 295 2477 tur,
310 2409 444 2482 primitias
467 2410 549 2479 Asiae,
564 2412 616 2467 nisi
639 2412 741 2482 aliquid
759 2411 920 2483 profundius
943 2431 1033 2471 sermo
1084 2416 1132 2472 tat,
1158 2408 1206 2464 Sed
1220 2410 1248 2464 5¹¹
1263 2410 1378 2466 Domino
1400 2413 1530 2479 amicum·
1545 2427 1597 2468 ¹¹⁰¹i
1620 2422 1710 2469 limen
1725 2413 1772 2483 qui
1798 2414 1881 2470 lister·

240 2501 291 2555 istc
303 2501 449 2573 significet,
464 2512 494 2557 ut
509 2501 688 2575 intelligamus
703 2504 813 2575 angelos
828 2505 886 2571 liei,
906 2505 1035 2563 Ecclesiis
1084 2498 1168 2557 metii
1181 2501 1267 2559 sahmi
1279 2502 1340 2573 ²1⁰⁸
1354 2512 1402 2559 ³1¹¹
1423 2504 1585 2576 fflililllall·
1601 2503 1703 2576 (Md-l
1714 2505 1765 2561 ⁶⁰5
1784 2522 1881 2576 mmm·

241 2589 287 2657 qui
302 2589 678 2663 praesuunotterrestngutos
693 2609 814 2664 quosque
829 2595 964 2666 primitias
978 2596 1034 2653 Deo
1084 2593 1125 2649 tis
1139 2595 1207 2650 niltil
1229 2597 1367 2668 egregium
1394 2609 1449 2667 prae
1473 2598 1578 2653 aarum
1600 2599 1628 2652 ia
1652 2597 1733 2653 laude
1757 2599 1882 2653 mulcatur

242 2680 332 2735 cultis
354 2681 399 2751 qui
419 2681 552 2747 creduute
581 2682 811 2752 primitiaeautem
834 2685 905 2755 apud
920 2686 1034 2756 illasio·
1084 2685 1234 2751 ascribere,
1251 2695 1341 2742 tamen
1368 2687 1420 2744 ltoc
1444 2688 1503 2758 ipso
1520 2687 1592 2757 quod
1615 2687 1790 2744 dilectusest
1811 2688 1879 2742 Pan·

240 2771 365 2827 dicentur
378 2788 432 2827 uon
445 2773 472 2827 in
487 2773 530 2828 luis
542 2773 587 2842 otti
601 2781 722 2844 tempore
735 2774 816 2845 primi
838 2782 913 2841 sunt,
925 2777 973 2832 sed
987 2779 1033 2849 qui
1085 2775 1122 2843 lo,
1135 2776 1279 2834 laudabilis
1300 2786 1327 2833 et
1339 2777 1502 2834 salutatione
1523 2777 1620 2849 dignus
1642 2774 1770 2833 efficitur.
1797 2775 1878 2832 Sain-

242 2860 386 2916 virtutihus
399 2870 427 2916 et
437 2862 541 2918 meritis
554 2862 731 2933 praeceliunt:
753 2879 869 2934 quorum
882 2868 972 2923 sciens
985 2883 1035 2939 per
1085 2878 1138 2923 tate
1166 2866 1331 2935 Urbanum,
1359 2868 1506 2938 adjutorem
1531 2883 1618 2921 mum
1647 2868 1676 2922 in
1704 2867 1829 2931 Clusio,
1854 2877 1878 2919 et

241 2952 372 3026 Spiritum
382 2953 482 3010 Paulus
492 2954 651 3011 electionem
659 2970 724 3028 erga
734 2957 913 3028 epaenetum,
924 2968 952 3016 et
962 2961 1034 3031 quod
1087 2958 1205 3031 Stacign
1231 2958 1354 3013 dilectam
1383 2973 1480 3013 meam.
1505 2955 1539 3013 Et
1568 2956 1635 3013 istos
1662 2957 1690 3011 in
1718 2956 1881 3012 maurim
1996 3017 1997 3020 Ἴ

240 3045 328 3116 ipsum
342 3045 462 3101 exomni
476 3045 594 3102 lldcliuut
614 3062 727 3105 numero
748 3048 794 3119 qui
820 3059 899 3107 crant
916 3052 944 3108 ia
969 3051 1036 3110 Asia
1086 3050 1243 3124 conjungit,
1277 3051 1325 3108 sed
1361 3049 1498 3108 Urbanum
1529 3051 1557 3106 in
1583 3049 1706 3107 laodilms
1739 3050 1879 3122 pretulit.
1996 3047 1997 3066 ¹

240 3137 659 3208 cleetioiueeneritangelorum,
673 3139 1034 3213 appellaviteumprimitias
1047 3123 1071 3187 C
1086 3143 1161 3199 illnm
1186 3144 1258 3199 enim
1284 3140 1436 3211 adjutorem
1466 3143 1493 3197 in
1518 3140 1644 3207 Christo,
1672 3140 1791 3212 stachyn
1815 3156 1881 3196 rara

241 3226 321 3280 Asia.
337 3222 391 3280 Sed
402 3235 430 3281 et
442 3227 468 3281 iu
483 3226 661 3296 aliaEpistnla
672 3229 738 3284 dicit
753 3228 787 3285 de
797 3231 957 3301 quibusdam
971 3235 1035 3304 qaia
1085 3233 1210 3289 dilectura
1239 3233 1423 3288 tantummodo
1452 3232 1514 3297 silai,
1545 3232 1618 3287 sicut
1638 3231 1803 3305 Ampliatnpt
1833 3247 1880 3286 no-

241 3314 293 3367 aint
307 3315 431 3383 priniitioe
441 3313 695 3387 dclmoe;camdem
705 3320 868 3374 sacramenti
880 3321 939 3376 sine
952 3322 1034 3379 dubio
1084 3322 1212 3389 minavit3
1225 3319 1332 3389 adiutor
1344 3329 1435 3376 autem
1445 3320 1565 3392 Apostoli
1579 3321 1607 3375 in
1621 3321 1732 3377 Christo
1742 3337 1796 3375 non
1808 3319 1879 3374 alind

243 3403 375 3457 rationem
389 3404 469 3458 ctiam
484 3404 512 3458 in
539 3404 592 3460 illis
604 3406 748 3477 aspicieus.
764 3407 884 3464 Salutate
907 3410 1033 3478 Monam,
1085 3412 1243 3485 intelligitur
1257 3427 1340 3484 quam
1365 3411 1505 3483 apostolici
1523 3411 1615 3482 ameris
1633 3411 1779 3482 particeps.
1801 3408 1880 3464 satu-

241 3512 299 3566 gua:
310 3495 420 3549 multum
430 3493 557 3549 laloraait
568 3496 596 3548 ia
610 3496 690 3551 nabit.
702 3496 804 3571 (anub.)
815 3497 975 3556 Commouet
986 3503 1035 3558 hos
1084 3513 1138 3559 tate
1159 3502 1276 3574 Apellam
1296 3494 1406 3574 protam
1419 3504 1448 3556 in
1461 3500 1575 3558 Carino.
1593 3501 1663 3557 Puto
1677 3499 1880 3571 nuncupatem

241 3586 349 3641 notitiae
369 3584 470 3652 llariae,
485 3600 566 3656 qnam
582 3586 757 3659 intelligimus
769 3589 803 3645 ad
817 3592 1034 3648 exhortationem
1083 3606 1134 3664 per
1149 3593 1248 3648 multas
1261 3590 1447 3647 tribulationes
1460 3591 1592 3648 transisse
1600 3592 1746 3664 patienter,
1760 3599 1788 3646 ct
1802 3590 1881 3646 lorti·

241 3678 346 3731 illorum
369 3676 517 3747 impensius
535 3677 682 3743 laborasse,
706 3687 737 3734 ut
748 3680 849 3750 gratias
876 3681 912 3735 iili
928 3693 1032 3752 agaut;
1084 3690 1127 3738 ter
1147 3681 1316 3747 sustinuisse,
1339 3690 1367 3736 ct
1389 3681 1450 3736 ideo
1470 3682 1674 3752 pronuntiatum
1697 3684 1733 3736 als
1754 3681 1882 3751 apostolo

242 3766 342 3838 (orig.)
358 3774 385 3821 et
405 3767 483 3820 docet
503 3765 602 3822 debere
614 3767 698 3822 etiam
720 3764 835 3825 lentiaas
851 3767 975 3825 laborare
985 3786 1035 3840 pro
1084 3772 1212 3845 prolum,
1229 3773 1375 3830 secundum
1389 3788 1421 3828 ca
1435 3786 1496 3843 quas
1510 3773 1567 3842 ipse
1582 3774 1610 3828 in
1624 3773 1687 3829 aliis
1704 3772 1773 3829 dixit
1789 3772 1878 3844 (Ram.

244 3854 371 3911 lintelesiis
385 3852 442 3910 lici.
473 3852 541 3910 Nam
556 3864 585 3912 et
611 3854 744 3921 laborant,
758 3872 819 3912 cum
836 3859 933 3914 docem
946 3859 1035 3915 adole-
1085 3868 1113 3934 ι)
1126 3880 1133 3916 :
1148 3864 1211 3934 quia
1223 3860 1357 3917 tribulatio
1368 3863 1520 3933 patientiam
1534 3871 1668 3932 operatur,
1681 3863 1806 3933 patientia
1815 3876 1878 3914 nera

242 3946 380 4003 sccrrtulas
390 3945 495 4001 sobrias
508 3960 578 4012 esse,
597 3945 710 4016 diligere
722 3947 806 4013 siros,
822 3947 1034 4016 dliosenntrite,
1084 3955 1273 4026 probatiorem,
1283 3954 1401 4024 prolatio
1411 3966 1471 4008 nero
1479 3970 1559 4023 apem
1584 3952 1733 4010 trandum
1746 3968 1809 4008 sane
1819 3963 1876 4017 est,
1902 3942 1906 3951 ’

243 4040 356 4109 pudicas
370 4052 440 4102 esse,
464 4046 565 4102 castas,
588 4036 697 4091 domum
717 4036 785 4092 bene
801 4046 935 4108 regentes,
960 4039 1036 4095 beni·
1085 4060 1119 4102 ne
1143 4042 1213 4102 laete
1234 4046 1292 4116 ipse
1311 4045 1347 4101 sit
1366 4045 1412 4101 liic
1434 4045 1481 4116 qui
1503 4046 1529 4099 in
1556 4044 1670 4101 amans
1699 4044 1879 4116 apostoloram

240 4145 318 4201 ΒΜ·
333 4128 456 4185 subditis
467 4126 534 4182 Vilis
555 4126 622 4193 ⁸⁰5⁸·
636 4127 752 4198 h⁰⁸l>lfi⁰
775 4128 906 4197 recidere»
928 4141 1037 4184 sancto-
1085 4137 1181 4209 Apollo
1194 4138 1359 4204 nominatur,
1371 4137 1580 4204 Alexandrinus,
1591 4137 1618 4192 in
1629 4136 1778 4207 scripturis
1788 4137 1880 4192 crudi·

243 4235 302 4275 rum
326 4219 407 4289 pedes
428 4217 530 4283 latare,
545 4225 682 4274 etcatera
704 4217 795 4273 omnia
817 4234 878 4288 quaa
892 4216 1035 4276 deolliciis
1085 4236 1139 4284 ans.
1155 4226 1880 4299 salatatceorquisaateadrirtoialidamo.0ttoniam

242 4306 398 4366 annulleturu'
410 4311 511 4381 scripta
528 4307 693 4373 referuntur,
709 4309 736 4364 in
749 4310 823 4364 oanni
836 4325 935 4381 genere
952 4311 1036 4366 casti-
1086 4319 1153 4375 „ihu
1167 4321 1254 4376 otiose
1269 4320 1297 4375 iu
1310 4319 1407 4375 lipparis
1421 4318 1554 4391 Apostoli,
1570 4318 1613 4375 vel
1626 4318 1752 4386 additur,
1766 4320 1809 4373 ret
1824 4319 1879 4373 mi·

242 4405 315 4459 tatis.
332 4402 453 4459 Salutate
461 4401 640 4456 Andronicum
650 4410 673 4455 ct
684 4401 793 4456 iunium
804 4410 927 4472 cognatos
939 4413 962 4456 et
974 4418 1036 4456 con·
1088 4413 1201 4480 guitur,
1221 4413 1290 4470 istos
1304 4412 1350 4483 qui
1373 4422 1436 4468 suna
1449 4413 1492 4467 vel
1511 4412 1545 4469 de
1558 4412 1649 4477 domo,
1662 4412 1706 4467 vel
1724 4412 1758 4467 de
1777 4411 1879 4466 familia

244 4496 358 4567 captiuos
378 4511 460 4561 meos,
484 4494 529 4565 qui
552 4503 614 4547 suad
640 4490 738 4547 nostia
753 4494 781 4546 in
802 4493 938 4563 apostolia,
953 4494 998 4564 qai
1011 4503 1035 4549 et
1050 4466 1076 4526 D
1088 4504 1245 4568 aristobuli,
1259 4520 1311 4560 non
1326 4504 1427 4559 frustra
1438 4518 1526 4574 neque
1537 4503 1659 4571 dilectos,
1671 4503 1878 4575 trequoproltos,

243 4596 304 4641 ante
319 4585 425 4655 [nerum
452 4585 480 4639 ia
504 4581 617 4638 clarinto.
643 4581 760 4655 (turtur.)
785 4582 840 4639 llos
864 4592 994 4655 cognatos
1010 4595 1039 4639 et
1088 4608 1176 4663 neque
1187 4592 1325 4663 adjutores
1339 4593 1366 4648 in
1388 4592 1497 4649 christo
1511 4594 1645 4659 nominat,
1660 4594 1709 4649 sed
1724 4592 1795 4649 torte
1816 4594 1879 4663 qnia

239 4672 317 4745 lanta
340 4690 460 4739 earnem,
485 4682 513 4729 et
539 4674 688 4730 secundum
706 4674 990 4744 spirituumquonrodo
1011 4685 1039 4733 et
1089 4683 1158 4740 nihil
1183 4683 1237 4740 tale
1260 4684 1396 4741 habebant
1410 4684 1436 4738 in
1453 4684 1568 4751 meritis,
1589 4684 1691 4740 idcireo
1711 4700 1760 4740 eos
1775 4685 1832 4740 anta
1845 4686 1880 4739 ti-

242 4766 354 4838 angelus
368 4766 436 4821 dixit
455 4766 488 4821 ad
501 4763 631 4819 llariam:
648 4762 682 4818 Et
698 4781 757 4819 ecce
775 4761 910 4820 Elisabeth
926 4778 1038 4838 cognata
1090 4775 1148 4831 anio
1160 4774 1332 4830 salutationis
1349 4774 1503 4830 honorarit.
1519 4772 1634 4844 (Amor.)
1646 4774 1816 4830 aristobulus
1829 4775 1881 4829 iste

244 4868 301 4926 ΝΜ,
312 4868 340 4913 θῑ
350 4866 460 4924 witta,
475 4872 544 4929 ‘1⁰⁰⁵
555 4857 638 4912 ⁰¹³³OE
654 4856 782 4925 ³1⁹⁰⁵l⁰¹i⁸
804 4858 942 4927 Prioribus
962 4861 1040 4916 obse
1089 4877 1268 4939 congregator
1293 4864 1377 4921 luisse
1399 4865 1558 4936 intelligitur
1570 4864 1684 4920 iratrum
1705 4866 1732 4921 ia
1751 4864 1886 4927 (dunstan

244 4960 322 5007 cattos
335 4966 396 5006 curn
413 4949 567 5005 testimonio
589 4948 630 5002 sui
653 4947 782 5012 declarat,
797 4957 826 5003 et
845 4965 939 5005 secum
955 4952 1040 5020 capti·
1090 4956 1167 5025 cnjus
1182 4956 1283 5011 iactum
1300 4955 1339 5010 sic
1364 4957 1470 5025 probat,
1496 4963 1525 5009 ut
1537 4969 1584 5010 eos
1602 4968 1670 5025 quaes
1684 4955 1879 5026 congregabat,

246 5045 357 5099 nitatem
371 5058 466 5115 passos
479 5042 541 5097 [idei
555 5056 648 5107 causa,
665 5042 779 5111 ideoque
794 5041 861 5097 istos
875 5042 980 5112 plenius
992 5046 1041 5099 lao-
1090 5044 1186 5115 dignos
1209 5043 1372 5100 salutatione
1386 5060 1434 5098 sua
1453 5044 1585 5116 designet.
1605 5040 1726 5100 Salutate
1749 5043 1877 5099 Herodia-

246 5135 391 5190 norandos.
409 5130 507 5205 (Oria.)
530 5131 567 5186 lie
593 5131 690 5203 quibus
714 5131 842 5203 possibile
864 5142 917 5199 est,
933 5143 960 5188 et
974 5134 1039 5189 illud
1090 5152 1148 5191 aera
1170 5146 1308 5208 capriatam
1333 5150 1429 5190 neum.
1450 5132 1550 5209 (Orig.)
1571 5134 1605 5191 Et
1628 5135 1685 5202 nic,
1709 5136 1835 5192 similiter
1851 5145 1881 5190 nt

247 5228 369 5300 intelligi,
381 5227 453 5297 qnod
478 5225 602 5282 fortassis
622 5243 655 5282 cu
677 5227 730 5282 illis
744 5227 914 5298 septuaginta
936 5226 1041 5283 duobus
1090 5227 1260 5282 Andronicus
1271 5222 1534 5296 etlnnia,cognatus
1546 5224 1620 5281 Pauli
1633 5225 1735 5280 dicitur
1748 5241 1756 5279 a
1771 5225 1819 5281 sed
1831 5240 1879 5280 nc·

244 5321 291 5392 qui
305 5332 334 5377 et
354 5321 403 5391 ipsi
418 5319 533 5391 apostoli
557 5320 688 5375 nominati
709 5327 772 5373 sunt
795 5318 908 5386 luerint,
928 5326 956 5373 ct
977 5317 1039 5375 ideo
1090 5334 1143 5389 aare
1158 5319 1334 5388 concaptivus
1354 5317 1393 5373 uti
1417 5314 1722 5386 illi,uea1ueuoliillsia
1739 5314 1879 5386 apostolis,

246 5413 351 5469 nobiles
363 5428 410 5468 eos
425 5412 452 5468 in
466 5411 595 5483 apostolis
613 5411 696 5477 dicat,
706 5421 733 5466 et
745 5410 773 5465 in
791 5411 834 5466 itis
844 5410 974 5481 apostolis
992 5410 1039 5482 qui
1092 5408 1118 5463 in
1132 5408 1228 5478 hisqui
1239 5415 1301 5462 aute
1310 5407 1423 5462 Paulum
1438 5404 1545 5461 lucrtnn
1555 5402 1878 5471 inchristomontiuamr.

247 5509 309 5556 anto
328 5518 390 5558 enm
404 5502 523 5557 inerunt.
539 5499 633 5557 Sedet
648 5499 712 5556 illud
732 5510 880 5556 memoret
905 5500 976 5571 quod
990 5500 1038 5566 ait,
1092 5498 1169 5555 Unde
1188 5498 1389 5570 intelligendum
1404 5505 1446 5553 est
1464 5496 1545 5552 etiam
1561 5498 1589 5552 itt
1606 5496 1650 5552 itis
1664 5510 1733 5567 quos
1753 5505 1880 5567 cognatos

246 5593 409 5661 concaptivos
423 5609 493 5647 meas
504 5605 513 5644 :
524 5607 584 5663 quae
597 5592 669 5646 enim
687 5599 747 5646 erat
757 5590 833 5646 Pauli
847 5591 999 5661 captivitas,
1011 5590 1039 5645 in
1092 5588 1265 5646 suosPaulus
1282 5587 1417 5659 appellat,
1439 5598 1500 5642 csse
1511 5585 1624 5642 multam
1642 5585 1823 5642 differentiam
1839 5596 1879 5637 sc

245 5678 366 5749 quesibi
386 5681 466 5735 etiam
483 5681 665 5737 Andronicum
689 5690 716 5737 ct
736 5679 843 5736 itaniam
867 5681 1040 5749 concaptivos
1093 5680 1210 5737 cundum
1228 5679 1312 5745 illam,
1330 5689 1358 5734 nt
1377 5692 1427 5747 ego
1442 5677 1572 5742 arbitror,
1583 5676 1730 5742 rationem,
1740 5688 1821 5744 guam
1835 5685 1880 5727 stt·
