4042 6200
187 143 238 200 525
665 147 710 204 DE
729 148 904 208 buttuuso
924 150 1014 205 ttulit
1032 149 1113 208 xxti.
1134 183 1169 194 -
1186 153 1250 210 utu.
1269 153 1339 212 XlK.
1770 162 1823 219 atu

186 272 219 311 ra
239 257 267 312 [lt
286 257 352 314 solia
369 271 461 322 cansa,
476 267 504 314 ot
521 258 579 329 ipsa
592 268 684 315 storur
703 260 844 316 calamites
857 261 976 331 pinguis,
991 264 1015 323 Α
1031 261 1145 317 ticorum
1166 265 1376 334 scriptumest:
1394 262 1506 320 Fistula
1520 276 1543 321 ot
1556 268 1749 327 cinnamomum
1762 292 1821 329 curn

185 349 320 412 resinosa.
333 350 426 406 odoris
443 351 575 420 jucundi,
599 351 734 416 humecta,
749 360 777 407 et
787 353 867 408 ueluti
884 353 977 410 mello-
1030 354 1159 410 uniuersis
1171 354 1249 427 liguis
1271 354 1366 410 Liboni
1389 355 1477 425 (Cant.
1495 355 1544 428 tu).
1571 358 1697 426 Fistula,
1720 378 1781 433 quac
1795 378 1823 421 ct

185 454 244 494 auru
259 439 393 512 liquorem
406 441 544 499 emittens.
560 443 657 500 Storar
672 453 762 501 autern
786 454 892 513 rocam,
905 447 977 516 quoti
1029 447 1113 513 casia,
1129 447 1210 503 arbor
1221 449 1368 504 aromatica
1382 456 1435 516 cst,
1449 448 1496 505 scd
1512 450 1680 508 modicazet
1698 453 1759 512 ideo
1773 458 1822 513 bu·

183 531 220 587 sit
231 540 308 603 gutta
325 532 432 589 arboris
448 534 587 605 profluens
603 546 630 592 et
645 537 796 609 congelata.
812 537 880 594 Num
889 538 978 595 tract
1030 536 1108 593 miles
1122 537 1219 607 spiritu
1235 537 1368 610 designat
1395 537 1507 609 Mystico
1529 540 1604 595 casia
1631 551 1674 597 est
1699 543 1821 601 doctrina

181 618 290 677 stiriam
311 631 416 695 guttam
429 624 532 680 dicunt.
545 623 640 681 Graece
655 635 746 682 utitem
761 635 866 699 styrax,
881 627 978 684 Latine
1029 638 1105 686 recta
1118 631 1175 686 sive
1186 632 1279 701 opinio
1294 631 1425 686 bonorum
1441 647 1562 701 operum,
1576 640 1607 685 ut
1623 632 1649 687 iu
1671 633 1821 692 Psalterio:

182 718 276 766 storax
295 712 405 769 dicitur.
431 714 489 769 lloc
513 729 580 788 ergo
603 716 768 786 pigmentum
792 731 854 772 cum
872 718 978 773 ceteris
1030 722 1147 777 Etruria
1159 740 1176 777 o
1188 724 1346 777 uestimentis
1364 723 1416 776 tuis
1436 722 1523 794 (Paul.
1548 723 1631 795 ιιιι).
1647 723 1713 780 ltcm
1727 719 1823 782 cinna-

181 806 352 862 aromatibus
361 807 497 862 duxerunt
512 807 559 863 lllii
571 808 653 864 lsrael
674 809 702 862 in
716 807 874 881 AEgyptum,
887 819 915 865 et
928 811 975 864 ob·
1030 829 1150 870 nmmum
1170 815 1216 884 qui
1229 814 1333 884 seipsos
1345 813 1497 882 despiciunt
1511 812 1600 882 signat
1622 831 1628 867 ι
1645 815 1708 884 quia
1721 825 1750 870 ct
1763 816 1821 885 ipsu

182 895 303 951 tulerunt
316 894 415 968 ioseph
433 914 483 969 pro
503 914 625 964 maluere,
639 900 711 970 quoti
727 901 813 955 sanati
829 902 880 956 riri
892 902 918 956 in
932 916 977 971 pe
1027 911 1072 959 est
1083 904 1173 959 brevis
1187 904 1279 968 arbor,
1297 903 1345 958 seul
1361 901 1496 959 odorifera
1509 912 1539 958 et
1555 903 1640 959 duricia
1655 923 1661 957 :
1677 904 1717 960 sic
1735 914 1764 960 et
1777 905 1823 959 bu-

182 988 368 1060 regriuatione
384 989 465 1061 httjus
491 991 581 1047 saculi
596 991 731 1047 salvatori
752 1000 846 1048 nostro
861 991 978 1048 alieruut
1029 993 1130 1048 militas
1147 1007 1273 1063 uraguam
1288 993 1368 1048 babet
1383 992 1488 1048 lnutlcm
1511 1000 1539 1048 et
1562 993 1731 1051 dulcedinem
1752 997 1822 1065 apud

181 1080 252 1136 oona
263 1079 341 1137 boum
358 1080 505 1138 voluntatis
520 1090 549 1137 et
568 1098 708 1138 sacrarum
722 1083 865 1149 uirtutum,
879 1084 977 1155 mribus
1029 1082 1200 1152 Deum:quiu
1211 1082 1280 1137 sicut
1291 1081 1378 1137 listula
1387 1082 1621 1138 etcinuatuomum
1635 1084 1750 1141 humiles
1759 1100 1824 1141 sau-

181 1171 239 1242 ipse
259 1171 420 1237 delectatur,
433 1182 462 1227 ιιι
475 1171 615 1244 placabilis
630 1173 665 1228 sit
679 1181 707 1229 et
722 1174 922 1230 annuensuotis
933 1189 978 1231 eo·
1028 1183 1132 1229 ctorum
1147 1173 1347 1243 cogitationes:
1369 1174 1409 1229 sio
1429 1183 1456 1229 ut
1480 1175 1550 1245 liguo
1578 1174 1672 1231 Libani
1695 1176 1824 1233 sublimes

182 1279 253 1317 rum.
268 1262 402 1319 llrlellium
414 1264 495 1320 lmliae
505 1273 533 1320 et
543 1265 651 1320 Arabiae
664 1266 754 1328 orbor,
767 1265 844 1337 cultas
857 1265 976 1337 lacryma
1027 1279 1122 1320 eorum
1142 1264 1263 1320 actiones
1286 1264 1480 1324 demonstrant.
1506 1264 1633 1321 balantua
1657 1269 1824 1325 aromaticus

182 1354 279 1410 melior
299 1355 417 1412 Arabica
436 1365 502 1413 :est
514 1357 587 1413 euim
608 1356 708 1423 lucida,
723 1357 875 1423 subalbida,
897 1356 974 1421 ieris,
1028 1355 1231 1411 asiotilitudiue
1252 1355 1349 1411 calami
1376 1355 1478 1411 usualis
1500 1365 1622 1412 uocatur.
1649 1357 1776 1430 Giguitur
1794 1362 1822 1417 iu

181 1446 302 1517 pinguis,
313 1445 553 1516 equalitercerea,
567 1457 664 1519 etquae
680 1446 759 1503 iacile
773 1447 909 1513 mollitur,
926 1461 975 1504 ne·
1027 1445 1113 1511 ludia,
1126 1446 1218 1502 multis
1229 1447 1307 1502 nodis
1317 1446 1495 1518 geniculatus,
1513 1448 1611 1514 fultus,
1627 1448 1750 1520 fragrans
1766 1453 1822 1522 spi-

181 1552 235 1607 qus
249 1537 324 1609 liguo
345 1536 388 1593 rel
407 1545 487 1593 terre
499 1538 652 1604 commata,
667 1537 880 1605 amara,odoris
898 1539 972 1593 boui.
1028 1539 1097 1595 ritus
1111 1539 1255 1594 suavitate.
1271 1539 1322 1607 Qui
1339 1554 1401 1595 cum
1412 1538 1556 1610 frangitur,
1572 1540 1598 1594 iu
1613 1542 1713 1597 multas
1724 1541 1754 1597 llt
1764 1559 1824 1614 par-

182 1628 250 1684 liam
262 1644 297 1685 ex
312 1628 387 1684 ludia
410 1629 518 1685 sordida
531 1637 572 1684 cst
585 1637 612 1685 et
637 1607 713 1699 nigra
727 1638 754 1684 et
767 1628 870 1698 maiore
888 1628 975 1700 gleba
993 1624 1016 1685 B
1032 1639 1072 1688 tes
1088 1630 1209 1695 scissilis,
1225 1631 1355 1686 simulans
1379 1641 1459 1702 gustu
1474 1633 1576 1687 casium
1601 1649 1662 1689 curu
1686 1635 1737 1691 leri
1754 1639 1824 1691 aeri-

183 1721 452 1793 btlulteraturgenim
494 1719 610 1776 ulnusto
642 1719 763 1790 gummi,
788 1721 834 1790 qui
864 1734 918 1775 nou
940 1718 976 1773 ita
1027 1718 1309 1776 ruoniaremortleute.
1326 1719 1700 1793 Calamusergosimulcutn
1718 1726 1824 1781 sutoris

183 1813 335 1871 amarificat
350 1822 469 1884 gustum.
482 1813 578 1868 liastiu
588 1812 694 1868 arboris
705 1812 811 1868 lentisci
825 1821 901 1885 gutta
914 1819 975 1866 est:
1026 1812 1204 1878 armantibus,
1213 1813 1264 1868 boc
1270 1822 1391 1875 estotim
1403 1814 1524 1885 myrrha,
1534 1814 1705 1870 cinnamomo
1712 1824 1740 1871 et
1749 1819 1823 1873 casir

183 1905 535 1979 taogranomastixuicta,
553 1907 615 1976 quia
641 1904 669 1960 in
693 1905 803 1961 modum
830 1918 975 1976 granorum
1027 1904 1110 1960 rerbo
1120 1904 1226 1959 llomini
1238 1919 1324 1959 sacrae
1336 1905 1370 1960 ad
1383 1906 1518 1961 unctionis
1527 1907 1615 1962 oleum
1626 1909 1734 1965 misceri
1748 1909 1825 1979 iube-

182 2005 234 2072 cst.
245 1996 353 2068 Piperis
370 1995 451 2052 arbor
467 1994 588 2051 nascitur
601 1994 628 2049 in
649 1993 723 2049 ludia
738 1995 765 2048 iu
778 1994 863 2050 lutere
875 1995 976 2051 montis
1028 2005 1081 2060 tur,
1093 2001 1122 2049 ut
1135 1992 1531 2051 sanctillceturtabernaculum
1542 1997 1598 2062 liei,
1610 2005 1639 2053 ot
1648 2000 1740 2055 omniu
1755 2017 1819 2056 vasu

181 2088 393 2158 caucasiorum
405 2085 455 2142 soli
468 2086 612 2142 obversum
622 2093 682 2141 est:
699 2085 762 2141 lolia
772 2085 888 2156 juniperi
901 2086 975 2141 simi-
1025 2084 1094 2155 ojus.
1114 2085 1201 2142 Porro
1221 2097 1388 2158 unguentum
1408 2103 1462 2157 quo
1481 2086 1642 2159 perungitur
1660 2091 1823 2149 tabernacu-

182 2179 324 2235 titudinem
338 2176 448 2242 babent,
464 2176 541 2248 cuijus
552 2177 634 2232 silraa
647 2185 787 2247 senentes
799 2177 973 2233 custodiunt:
1026 2175 1092 2242 lum,
1110 2177 1228 2233 cbrlsma
1251 2187 1295 2234 est
1313 2193 1368 2250 quo
1389 2180 1500 2251 ungitur
1522 2180 1608 2237 tuuis
1632 2183 1769 2254 populus,
1794 2186 1822 2239 iu

183 2269 231 2325 sed
247 2266 343 2324 incolae
355 2266 473 2339 regionis
484 2265 567 2331 illius,
587 2281 648 2321 cunr
674 2274 788 2320 maturae
808 2263 919 2330 suerint,
936 2266 976 2321 in-
1026 2270 1125 2340 quibus
1138 2269 1277 2338 diuinitas,
1295 2278 1424 2342 tanquam
1440 2272 1466 2327 in
1492 2272 1687 2338 tabernaculo,
1707 2274 1821 2333 inabitat.

180 2358 321 2416 seudum:
335 2360 418 2415 etsie
432 2369 571 2429 serpentes
585 2357 801 2430 igueiugantur,
823 2367 851 2412 ct
865 2358 927 2414 iude
942 2374 976 2414 ux
1026 2359 1119 2417 Potest
1135 2360 1244 2431 uiridem
1265 2360 1378 2432 intelligi
1401 2362 1453 2418 boc
1469 2371 1635 2435 unguentum
1653 2366 1736 2422 otiam
1763 2368 1822 2422 rir-

182 2452 292 2508 bammu
308 2451 416 2523 nigrum
439 2451 517 2522 piper
528 2449 653 2507 efficitur.
668 2449 736 2505 liam
760 2449 862 2521 piperis
879 2459 976 2505 natura
1028 2460 1098 2507 tutes
1112 2453 1344 2521 sanctorum,sirc
1355 2452 1423 2509 otior
1434 2453 1549 2524 justitiae
1559 2453 1639 2527 longo
1653 2455 1761 2527 latoque
1772 2456 1824 2511 dt-

181 2544 243 2599 alba
256 2551 319 2610 est,
340 2542 543 2615 uniusquidem
561 2542 686 2598 diuersus
702 2550 747 2598 est
770 2539 884 2598 tracuus.
909 2541 976 2597 Nam
1027 2543 1166 2600 branslis
1191 2559 1246 2615 quo
1265 2544 1331 2601 dicit
1342 2544 1507 2617 Apostolus:
1525 2545 1579 2602 Duo
1602 2556 1692 2602 autem
1710 2549 1823 2620 grumos,

180 2637 254 2708 quod
266 2636 440 2691 immaturum
454 2641 506 2700 est,
519 2634 596 2705 piper
616 2634 727 2706 longum
748 2642 860 2690 roratum
874 2652 881 2688 :
903 2633 976 2704 quod
1026 2635 1071 2705 oui
1085 2633 1230 2707 triumphat
1246 2651 1294 2691 nor
1310 2637 1339 2689 iu
1352 2634 1456 2691 Cirrirto
1470 2634 1548 2704 tau,
1562 2644 1588 2693 ct
1603 2636 1710 2693 odorem
1723 2638 1824 2694 amititur

181 2725 368 2795 incorruptum
386 2724 420 2780 ab
434 2725 507 2794 igne,
518 2723 597 2794 piper
620 2722 731 2780 album:
747 2723 820 2794 qrrod
835 2737 900 2779 reru
914 2733 977 2780 cute
1026 2742 1083 2782 uuir
1096 2725 1250 2797 manifestor
1264 2739 1310 2799 per
1322 2741 1370 2782 nor
1383 2725 1426 2797 (li
1438 2724 1501 2782 Gor.
1518 2726 1560 2798 u).
1573 2724 1691 2784 balsami
1702 2728 1787 2784 arbor
1796 2728 1823 2782 ia

181 2831 282 2889 rugosa
295 2825 323 2873 et
334 2817 443 2873 borritla
465 2815 557 2881 luerit,
572 2831 605 2871 er
632 2813 724 2872 calore
747 2816 816 2886 iguis
841 2816 926 2871 trabit
949 2824 978 2871 et
1027 2814 1118 2871 luoaea
1133 2814 1205 2870 iutra
1218 2816 1349 2872 terminos
1371 2825 1478 2871 tamum
1492 2813 1586 2886 rigimi
1603 2815 1729 2888 iugorum
1742 2827 1823 2875 orat:

181 2909 302 2967 colorem
316 2917 345 2966 et
363 2923 472 2965 nomen.
492 2907 574 2979 Piper
587 2907 609 2964 si
629 2907 688 2963 lero
699 2914 751 2972 cst,
763 2915 954 2963 uetusturuest
968 2925 975 2960 :
1028 2914 1121 2976 postca
1137 2904 1264 2975 quoniam
1275 2906 1370 2962 mooun
1389 2906 1500 2978 regione
1510 2906 1626 2963 bouum
1649 2907 1728 2978 potiti
1747 2917 1823 2972 suut,

180 3001 205 3057 si
224 3014 318 3072 graue,
333 2997 477 3054 novellum.
490 2997 608 3053 llitautla
628 3004 670 3053 est
682 3004 773 3054 autem
796 3005 976 3054 mercatorum
990 2972 1013 3032 C
1030 2998 1111 3054 etiam
1124 2996 1265 3054 latissimis
1274 2997 1389 3055 utilibus
1408 3007 1557 3070 propagata
1570 3005 1613 3055 est
1623 3012 1632 3052 ι
1643 2998 1730 3071 stirps
1751 2999 1825 3056 siuri-

181 3093 276 3150 imus:
296 3092 385 3149 solent
404 3091 478 3148 eubn
492 3089 678 3147 uetustissimo
692 3087 780 3161 piperi
794 3087 921 3145 humecto
933 3104 978 3144 ar·
1027 3086 1061 3143 lis
1077 3086 1136 3153 riti,
1148 3085 1220 3144 loliis
1236 3086 1334 3144 similis
1345 3096 1422 3156 ruta,
1436 3087 1483 3145 sei
1504 3088 1681 3148 albidioribus
1702 3104 1824 3162 sempor-

180 3185 256 3258 genti
277 3199 400 3256 spumam
413 3190 462 3237 uut
475 3182 614 3252 plumbum
631 3194 785 3258 aspergere,
799 3188 831 3234 ιιι
847 3180 978 3251 pondero
1027 3192 1081 3249 que
1090 3178 1272 3235 manentibus.
1283 3177 1372 3235 brbor
1379 3189 1469 3236 autem
1480 3180 1641 3247 balsamum,
1649 3180 1752 3254 liguum
1763 3180 1824 3253 ejus

180 3292 242 3331 sum
258 3274 315 3330 irat.
330 3272 397 3328 Aloe
413 3274 439 3328 iu
452 3273 525 3328 initia
538 3279 621 3342 atquo
634 3270 735 3326 Arabia
757 3271 884 3342 gignitur,
896 3269 977 3326 arbor
1028 3270 1241 3342 xylobalsamum
1256 3271 1356 3328 dicitur
1371 3286 1378 3327 t
1395 3271 1500 3329 tructus
1513 3273 1572 3329 sire
1583 3288 1676 3330 semea
1686 3275 1826 3345 carpobal-

180 3367 275 3424 odoris
288 3366 440 3422 suavissimi
455 3380 488 3421 ac
506 3363 604 3419 summi
617 3381 625 3417 ι
638 3362 757 3433 leuique
767 3362 869 3434 lignum
892 3362 977 3433 ipsius
1027 3373 1133 3414 samum
1148 3376 1156 3413 ι
1172 3359 1493 3431 succusopobalsamum.
1508 3360 1587 3429 Quod
1605 3361 1668 3418 ideo
1678 3377 1739 3419 oum
1752 3362 1823 3433 adju·

182 3460 241 3515 uice
256 3457 465 3529 thymiamatum
480 3454 611 3511 altaribus
623 3452 765 3518 adoletur,
790 3453 904 3510 undeet
925 3469 975 3509 no-
1025 3436 1116 3507 ctioae
1129 3451 1313 3523 signttmtm,
1333 3468 1367 3508 eo
1393 3453 1464 3523 quod
1481 3468 1630 3524 purcussus
1653 3452 1750 3511 iorreis
1774 3470 1824 3511 uu·

180 3568 244 3608 meu
259 3549 377 3606 traxisse
392 3548 523 3605 creditur.
538 3548 576 3604 lle
592 3546 652 3602 aloe
674 3554 764 3601 autem
782 3548 810 3601 in
831 3547 977 3619 Evangelio
1027 3542 1097 3614 gulis
1108 3551 1202 3599 cortex
1219 3543 1286 3615 ligni
1303 3559 1352 3615 per
1368 3559 1500 3600 cauernae
1512 3544 1607 3601 eximii
1625 3544 1717 3602 odoris
1732 3554 1824 3617 guttas

178 3644 215 3699 de
227 3640 366 3714 sepultura
380 3640 485 3696 buruini
499 3640 535 3694 ito
561 3638 679 3710 legitur:
699 3625 775 3693 Vertit
795 3638 975 3709 argutorum,
1027 3632 1149 3688 distillat.
1164 3632 1286 3689 (laroma
1298 3634 1372 3690 enim
1383 3634 1479 3692 Graeco
1492 3649 1620 3692 sermono
1632 3649 1684 3706 ope
1702 3635 1822 3693 dicitur:

178 3744 203 3787 et
216 3732 278 3788 tulit
292 3731 472 3802 corpuslem.
501 3729 575 3785 Venit
589 3739 677 3784 nutem
698 3739 723 3784 et
745 3728 914 3794 Nicodamus,
931 3730 977 3800 oui
1027 3724 1106 3795 cujus
1129 3732 1205 3793 gutta
1230 3723 1411 3790 adulteratur,
1426 3725 1544 3782 admisto
1560 3725 1675 3797 cyprino
1695 3726 1756 3784 olco
1780 3729 1822 3784 rol

179 3833 285 3879 emmor
303 3822 337 3877 uri
355 3808 447 3877 lerum
472 3832 547 3877 nocte
570 3823 700 3892 prinum
727 3821 813 3892 terens
838 3822 975 3876 mistorum
1028 3818 1106 3874 melle
1121 3836 1129 3873 ε
1145 3817 1192 3874 sed
1206 3819 1313 3875 sincera
1339 3819 1500 3889 probatura
1518 3818 1644 3885 mulleri
1666 3833 1729 3875 cum
1752 3819 1823 3876 lactc

178 3918 297 3985 myrrae
311 3923 336 3968 et
354 3910 445 3978 cioca,
470 3914 547 3984 guoti
569 3910 650 3968 libror
662 3922 766 3968 centum
787 3911 880 3983 (loon.
906 3911 974 3984 mr).
1027 3910 1231 3982 coagulaverit:
1253 3909 1289 3966 ab
1307 3909 1379 3976 oleo,
1394 3910 1416 3965 si
1443 3909 1573 3965 instillata
1594 3923 1682 3979 aquae,
1707 3917 1756 3965 aut
1777 3913 1824 3965 atl-

180 4004 290 4061 llineet
302 4005 330 4059 iu
343 4002 455 4059 Cantica
472 4003 638 4058 cauticomm
658 4001 848 4072 scriptumest
873 4002 900 4056 iu
922 4001 976 4055 lau·
1028 4002 1118 4067 mima,
1142 4001 1223 4058 iucilo
1250 4000 1332 4056 luerit
1351 3999 1483 4064 resoluta,
1507 4008 1638 4071 preterea
1659 3999 1711 4055 etsi
1736 3999 1823 4056 leucu

179 4098 241 4153 dun
257 4110 385 4167 sponse:
405 4092 516 4165 Myrrlro
537 4103 562 4148 et
584 4094 642 4149 oioe
662 4109 721 4148 rom
740 4094 861 4148 omnium
885 4091 976 4162 primia
1028 4093 1235 4164 restesexipsa
1248 4091 1357 4163 pullutat
1376 4090 1822 4157 nonmuctrlantur3utlttitorairum

179 4187 325 4258 unguentis
340 4185 431 4258 (Gom.
445 4184 493 4258 rr).
508 4184 708 4259 liyrrlraenim
732 4194 761 4240 et
784 4184 843 4241 aloe
865 4183 977 4238 arbores
1026 4185 1135 4255 quidem
1148 4198 1236 4255 neque
1246 4198 1308 4240 cum
1319 4181 1697 4253 tuoremagutar,etutotum
1710 4182 1739 4238 in
1751 4196 1822 4253 aqua

179 4286 245 4338 suut
256 4275 491 4346 aromatumque
500 4275 694 4349 continuantium
707 4275 799 4331 camis
810 4275 975 4345 exprimunt,
1028 4282 1196 4344 supernatat,
1210 4282 1239 4330 ot
1253 4279 1354 4329 uestem
1379 4272 1507 4329 maculat.
1531 4271 1659 4328 balteum
1683 4280 1774 4331 auteur
1798 4274 1821 4329 si

178 4385 244 4427 oum
256 4368 384 4427 omnibus
397 4368 493 4440 primis
517 4360 670 4440 unguetitis,
687 4368 714 4423 id
732 4377 785 4433 est,
801 4366 975 4422 charismati-
989 4329 1016 4390 D
1028 4382 1095 4438 pura
1103 4366 1214 4434 luerint,
1223 4367 1387 4424 tautamrim
1398 4367 1509 4433 babem,
1518 4377 1547 4422 ut
1557 4366 1626 4423 sisoi
1634 4368 1821 4433 maduerit,

180 4463 231 4518 ltus
243 4461 385 4517 virtutum.
407 4458 486 4515 Casia
499 4459 621 4515 nascitur
641 4459 668 4513 iu
683 4457 795 4523 brabia,
808 4456 976 4528 virgambu·
1029 4457 1157 4516 sustineri
1172 4458 1292 4514 iumanu
1315 4457 1493 4529 nonpossint.
1506 4455 1593 4529 liuius
1612 4471 1679 4528 ergo
1698 4458 1821 4529 liquoris,

178 4553 214 4608 sti
228 4550 352 4616 corticis,
366 4559 394 4606 et
406 4552 549 4621 purpureis
559 4551 641 4616 loliis,
653 4558 683 4605 ut
694 4551 813 4621 piperis:
827 4557 870 4606 est
883 4558 975 4606 autem
1030 4552 1082 4608 boe
1091 4550 1266 4617 estbalsami,
1277 4549 1391 4622 mystice
1405 4549 1508 4609 mentis
1519 4547 1551 4605 m
1568 4550 1596 4605 in
1609 4549 1680 4606 libro
1693 4549 1757 4608 iesu
1774 4550 1822 4606 lilii

177 4646 286 4700 rirmte
296 4644 468 4699 cinnamomo
478 4642 584 4709 similis,
597 4644 645 4698 scd
655 4643 776 4713 potentia
787 4641 916 4699 interior:
926 4658 976 4698 un·
1030 4642 1137 4711 Siraoir,
1152 4643 1199 4699 ubi
1211 4643 1250 4698 ita
1264 4643 1394 4714 scriptum
1406 4649 1468 4698 ost:
1484 4640 1518 4696 tit
1536 4639 1685 4703 bubonum
1701 4658 1755 4697 nort
1775 4643 1824 4696 mi·

178 4735 214 4790 tie
224 4749 277 4805 pro
287 4733 451 4788 cinnamomi
462 4733 520 4788 uice
530 4732 628 4804 duplet
638 4732 696 4801 ejus
706 4732 845 4801 pomlusiu
858 4732 976 4788 predica·
1030 4739 1276 4803 aromatarium
1293 4735 1389 4810 (ucat.
1401 4736 1488 4809 artu).
1506 4735 1539 4791 tu
1563 4735 1590 4791 iu
1608 4734 1721 4792 Cautius
1735 4736 1823 4790 cauti·

179 4827 283 4883 meli&
300 4826 473 4882 idllllsoeilll'.
483 4826 692 4880 Clttnontontttnt
703 4824 817 4890 diatim,
829 4828 902 4895 (111011
918 4838 977 4880 col·-
1027 4849 1132 4899 corum,
1146 4833 1252 4889 (figente
1266 4846 1365 4902 sponsa
1376 4830 1410 4886 dg
1426 4845 1536 4900 spongo,
1551 4829 1589 4883 ita
1604 4829 1734 4899 geg-ippum
1757 4826 1822 4897 legi.

179 4930 225 4977 tcr
240 4919 302 4989 ejus
319 4921 346 4976 in
368 4922 479 4976 modurn
496 4936 590 4976 cauum
605 4920 641 4976 sit
664 4921 795 4975 rutundus
811 4928 839 4975 et
854 4919 974 4990 gracilis.
1028 4934 1093 4981 tur:
1111 4925 1179 4980 Data
1192 4934 1257 4980 emet
1268 4938 1315 4980 rar
1325 4925 1353 4978 io
1363 4922 1484 4979 occulus
1498 4937 1558 4984 ouo,
1571 4921 1671 4977 norom
1683 4936 1739 4974 aren
1750 4918 1782 4974 tle
1801 4920 1821 4972 it

178 5013 311 5084 Giguitur
330 5021 421 5068 autem
439 5013 466 5068 in
486 5013 568 5068 ludite
591 5020 619 5066 et
639 5011 785 5082 AEtbiopiae
811 5013 976 5083 regionibus,
1028 5017 1245 5071 odoremruum:
1260 5011 1732 5086 forcicolusmgrrluttilectursrcur
1746 5008 1819 5065 milti.

179 5103 283 5161 irutice
299 5104 374 5160 breui
390 5103 505 5161 duorum
516 5114 621 5173 tautum
635 5104 798 5168 cubitoium,
810 5103 901 5159 colore
914 5104 978 5158 sub-
1028 5110 1097 5163 inter
1113 5107 1192 5161 utem
1202 5122 1259 5161 meo
1272 5103 1486 5161 commorabitur.
1504 5101 1603 5159 Borrae
1617 5098 1699 5172 Cpprl
1710 5096 1821 5153 memor

178 5195 435 5269 uigmrelciuereo‚
445 5196 663 5252 tenuissimarum
673 5194 896 5267 virgarumllam
906 5195 977 5266 quoti
1029 5214 1103 5252 meur
1123 5197 1187 5251 milri
1201 5196 1230 5250 in
1250 5196 1331 5250 uineis
1356 5193 1479 5264 burgoaldi
1491 5189 1581 5256 (Cant.
1595 5189 1627 5264 r).
1639 5189 1739 5247 Botrus
1754 5202 1821 5260 ergo

179 5289 208 5344 iu
223 5287 433 5343 crassitudinem
459 5289 634 5352 extenditur,
662 5287 800 5358 despectui
822 5298 883 5353 est;
905 5290 977 5359 quud
1028 5291 1110 5363 Cypri
1122 5290 1222 5346 iactum
1237 5289 1420 5345 estbominus
1436 5288 1463 5342 iu
1477 5284 1744 5355 resurrectionettui
1766 5283 1822 5339 iuc-

178 5394 248 5436 rero
259 5370 390 5450 gracilius
401 5379 566 5449 provenerit,
579 5380 727 5435 eximium:
745 5381 817 5450 qarob
829 5396 890 5435 curu
904 5381 977 5435 iruu-
1029 5392 1073 5437 rut
1085 5379 1230 5437 fasciculus
1242 5379 1360 5450 myrrlru
1370 5376 1540 5448 inpassioue.
1557 5375 1608 5442 Qui
1619 5374 1777 5431 boueetium
1792 5375 1820 5428 io

177 5470 268 5542 gittrr,
280 5470 384 5526 risibile
396 5472 590 5542 spiramentum
603 5472 702 5527 emittit
722 5473 756 5528 ad
770 5472 914 5545 imaginem
931 5489 978 5529 ue·
1029 5472 1116 5528 uineis
1131 5470 1251 5540 liugadai
1268 5483 1328 5525 esse
1340 5477 1528 5524 memoratur:
1547 5482 1666 5539 namquo
1684 5467 1712 5523 iu
1732 5466 1822 5523 abacis

178 5565 254 5623 bute
266 5579 314 5620 scu
328 5562 456 5634 pulueris.
477 5564 514 5621 bo
537 5565 580 5621 bis
591 5564 732 5622 arboribus
743 5564 770 5619 iu
782 5562 976 5620 Cunuoooau-
1029 5557 1821 5633 Eugadsiimtpraeiatisumus,balsamumgigrtitur,qootliu
