4042 6200
201 353 254 411 ‘ido
477 291 480 296 ἱ
536 345 567 401 Β.
587 341 714 402 llAEle
734 338 843 396 traete
861 331 1021 392 eueniet).
1041 334 1197 390 ttetttirtr.
1216 328 1359 418 euasura
1377 326 1469 385 PARS
1486 327 1529 385 itt.
1786 319 1840 377 'lbi

201 468 247 523 eiu
259 469 395 520 arerem
410 460 525 518 audire:
538 454 635 512 ereo
652 455 691 524 {tri
703 463 727 508 ιι
741 451 880 524 aperuistis
891 454 932 504 itte
945 464 955 514 ,·
968 456 994 503 ιι
1008 454 1032 509 Λ
1044 445 1171 516 qualibus
1190 445 1247 515 ipse
1259 443 1415 500 terribiliter
1431 444 1556 500 intonat:
1569 443 1662 511 Arnen,
1677 443 1738 497 dico
1753 441 1838 510 nolit,

200 554 328 628 qnantdirt
342 550 440 622 {scisma
458 547 608 603 residebis
624 545 740 600 mirrinn'r
756 544 842 607 meis,
869 541 934 596 milti
954 539 992 610 ie·
1046 547 1196 608 receperunt
1218 538 1362 592 mercedem
1380 551 1457 592 suam
1469 534 1577 607 (llottlr.
1593 536 1644 609 rr).

202 646 274 704 citor
285 643 393 718 (Ιιιιιι.
402 641 477 711 aar).
490 636 627 709 Operatur
636 643 727 691 autera
738 632 852 689 moabia
864 644 993 686 nmuuum
1081 628 1115 683 Et
1131 628 1164 684 ιιι
1178 638 1252 683 nacte
1268 626 1397 692 semeae,
1412 626 1534 697 deditque
1550 627 1670 698 predam
1685 628 1836 685 damastrin

202 750 325 802 suarum,
338 734 391 791 boe
402 743 553 792 ocrearum
568 740 757 800 personarum,
776 737 827 794 per
843 736 911 792 quas
924 719 995 776 elee-
1044 719 1100 773 saia
1110 728 1133 773 ιι
1144 718 1243 774 ciboria
1253 716 1357 772 ancillis
1367 718 1432 772 ιιιι.
1446 715 1523 771 Sicut
1533 724 1606 772 totus
1617 716 1836 776 laberrtissreeutt

203 842 344 900 irrosguaru
361 822 528 896 pauperibus
541 818 654 887 tribuit,
666 817 694 873 in
709 830 824 887 querum
841 828 925 887 apere
948 812 996 869 de-
1045 824 1143 866 comus
1163 808 1274 880 perenni
1289 808 1342 864 diei
1357 822 1389 864 ac
1405 809 1493 864 noctis
1510 807 1689 866 alternatione
1705 809 1840 870 variatur.

202 931 267 980 reto
283 918 328 976 illo
344 913 524 973 saluberrimo
539 909 625 965 utitur
638 906 752 964 coasilio
767 913 798 960 ut
813 918 876 959 cum
888 903 994 973 disper·
1046 909 1074 955 ιι
1087 898 1268 971 diesquidem
1282 895 1512 969 adoperandum,
1526 912 1578 952 nox
1595 896 1628 951 ad
1644 897 1838 969 quiescendum

203 1013 259 1085 git,
270 1004 501 1079 datpauperibus,
512 1017 566 1057 nou
579 1001 638 1071 ipsa
657 998 692 1053 ab
704 996 860 1068 bominibus
873 993 997 1049 lanietur
1047 990 1207 1046 naturaliter
1217 988 1326 1046 condita
1339 997 1397 1056 est,
1410 988 1450 1046 sic
1461 996 1546 1044 toturn
1557 990 1699 1060 presentis
1711 989 1841 1047 Ecclesia

204 1101 240 1156 ad
254 1108 380 1168 tempus,
403 1094 452 1151 sed
465 1091 574 1163 inmuta
601 1089 661 1160 ejus
685 1095 793 1143 maneat
818 1086 847 1140 iu
868 1083 997 1141 amulum
1047 1087 1154 1151 tempus
1175 1080 1283 1151 gemino
1302 1080 1420 1151 quodam
1437 1080 1536 1162 quietis
1556 1088 1584 1135 ιι
1596 1081 1687 1150 operis
1706 1089 1779 1138 stata
1792 1082 1841 1139 de·

204 1191 308 1259 saculi,
316 1204 402 1246 mrim
413 1184 473 1256 aius
481 1183 617 1240 exaltetur
627 1183 655 1237 iu
669 1180 764 1252 gloria.
778 1179 896 1235 Possunt
906 1185 997 1234 autem
1047 1172 1170 1228 comitur
1190 1189 1197 1225 ι
1220 1171 1298 1242 quasi
1319 1171 1392 1227 enim
1417 1178 1497 1228 nocte
1515 1171 1647 1243 quiescit,
1671 1186 1734 1226 ctrm
1758 1172 1843 1246 aliqui

204 1273 773 1356 mystloeiulauaquioriuusestbabitus
786 1270 876 1328 omoia
890 1268 1000 1342 pietatis
1049 1264 1168 1322 ssdeliurrt
1190 1263 1266 1335 ejus,
1290 1265 1445 1322 intermissa
1469 1268 1503 1323 ad
1527 1275 1635 1338 tempos
1658 1267 1844 1325 sollicitudine

205 1384 235 1432 cr
256 1369 441 1444 siruplicitatis
465 1382 548 1439 opera
571 1380 632 1435 qum
655 1352 796 1436 proximis
819 1359 1000 1432 impendimus
1048 1365 1177 1424 externa,
1192 1356 1301 1413 sibimet
1309 1371 1407 1413 vacare
1419 1373 1503 1429 seque
1515 1358 1588 1429 ipsos
1599 1359 1760 1430 spiritaliter
1774 1360 1845 1416 inei-

206 1462 316 1535 aoeipi:
338 1467 428 1533 potest
440 1458 468 1514 iu
483 1456 540 1512 lino
554 1455 626 1527 qood
642 1470 676 1510 ex
696 1462 769 1508 terra
781 1451 874 1507 virens
887 1451 976 1506 oritur
991 1491 999 1516 ,
1049 1447 1127 1517 pioni
1146 1461 1262 1512 curare..
1281 1446 1325 1503 rel
1347 1448 1508 1505 lectionibus
1526 1441 1652 1506 uidelicet
1669 1451 1778 1517 meris,
1801 1449 1843 1506 rel

207 1558 257 1615 ced
270 1557 350 1627 louge
365 1569 400 1610 ac
423 1549 564 1624 multiplici
589 1549 720 1605 exercitio
743 1548 844 1602 amittit
859 1546 1000 1601 boororem
1049 1535 1235 1603 ‹itallttssibus›
1261 1551 1295 1593 ιθ
1316 1536 1444 1609 Ῑιθῑιιιιὶὓ
1464 1553 1524 1594 ⁸080
1548 1539 1589 1594 tel
1603 1539 1664 1596 eliis
1687 1541 1843 1618 huiusmodi

208 1650 329 1706 murum
351 1654 433 1717 atque
447 1644 482 1700 ad
503 1641 620 1715 gratiam
638 1640 704 1698 nori
728 1634 1000 1708 candorisperreait,
1050 1627 1147 1684 stadiis
1160 1628 1291 1685 secretius
1305 1630 1465 1686 exercende.
1486 1628 1580 1702 Surgit
1591 1639 1682 1688 autem
1695 1634 1729 1689 do
1745 1645 1843 1702 ιιοιιι,

209 1738 352 1809 castigatio
366 1743 468 1793 nestrae
483 1734 573 1790 carnis
592 1730 724 1797 intimari,
747 1731 791 1786 cui
810 1728 874 1784 darn
893 1726 1000 1799 ingeni·
1051 1735 1114 1777 euru
1137 1721 1164 1776 in
1189 1719 1292 1776 eisdem
1311 1719 1369 1777 suis
1397 1719 1522 1778 ssdelibus
1542 1722 1578 1779 ad
1597 1724 1730 1795 agendam
1758 1726 1844 1783 etiam

210 1829 393 1886 turrinorum
415 1826 510 1881 sordes
523 1838 573 1896 per
586 1821 780 1878 continentiam
804 1819 981 1891 excoquimus
992 1826 1040 1886 ,Β
1053 1814 1237 1887 proximorum
1252 1827 1345 1870 curam
1363 1829 1393 1870 ιι
1407 1814 1523 1870 sollicita
1541 1814 1674 1888 accingit:
1693 1817 1766 1888 quod
1786 1816 1845 1872 lra-

209 1923 320 1993 rlignam
333 1917 454 1990 proiecto
466 1932 527 1974 eam
541 1931 594 1986 qua
608 1915 745 1972 Christum
763 1914 905 1969 induamus
917 1910 1002 1969 ellici·
1053 1913 1139 1960 tertre
1155 1902 1397 1959 administrationis
1410 1918 1479 1975 opus
1493 1903 1597 1961 duobus
1612 1905 1701 1962 tundis
1713 1920 1846 1963 exercere

210 2028 282 2078 mos,
290 2010 368 2082 juxta
381 2010 445 2066 illud
457 2007 655 2079 apostolicum:
671 2006 804 2078 Quotquot
815 2005 915 2076 crpore
926 2001 1003 2059 cisi.
1052 1994 1194 2051 cousuerit
1216 2010 1224 2048 ι
1243 1992 1305 2064 quin
1319 2001 1347 2049 et
1364 2009 1413 2051 eos
1431 1995 1478 2065 qui
1498 1995 1566 2051 loris
1584 1997 1714 2052 errabant
1733 1998 1768 2053 arl
1783 1998 1845 2055 fidoi

209 2114 249 2159 ,ω
263 2097 612 2173 supremitatigclniemm
623 2095 887 2169 meorumnam),
901 2095 1004 2163 Quaefir
1053 2087 1168 2158 gratiam
1183 2093 1329 2152 convocat,
1346 2093 1374 2141 et
1386 2085 1446 2142 illos
1457 2087 1503 2157 qui
1519 2085 1580 2143 lidei
1594 2089 1774 2146 sacramentis
1788 2090 1847 2162 ianr

209 2190 479 2265 ergomulierlortis
495 2188 585 2244 ianam
605 2198 634 2244 et
652 2186 735 2242 linum
757 2195 785 2241 ιι
798 2194 926 2258 operabar
939 2201 1002 2240 enn-
1053 2185 1116 2232 sont
1131 2176 1244 2243 imbuti,
1268 2185 1299 2231 ut
1319 2175 1398 2231 botris
1419 2176 1546 2248 operibus
1563 2179 1678 2249 amplios
1700 2179 1848 2248 insistant,

209 2282 271 2337 silio
293 2295 423 2336 manuum
437 2293 559 2344 suarum,
574 2291 637 2332 cum
649 2276 770 2331 Ecclesia
785 2282 878 2331 saneta
890 2274 1004 2330 sollicite
1054 2268 1175 2324 excitare
1197 2283 1249 2324 uon
1265 2266 1379 2335 desinit3
1401 2269 1472 2325 uode
1485 2268 1555 2325 bene
1574 2271 1697 2327 dieitur:
1718 2272 1849 2344 Dedirquc

209 2372 355 2444 perquirit,
365 2370 465 2443 quibus
478 2384 508 2425 se
523 2367 634 2439 pietatis
647 2366 780 2422 fructibus
790 2375 926 2433 exerceat,
937 2381 1004 2437 quo.
1053 2357 1171 2428 prrt'dattt
1186 2357 1335 2413 domicellula
1346 2358 1420 2426 attis,
1441 2369 1464 2415 el
1479 2360 1580 2446 elladia
1600 2361 1704 2417 ancillis
1716 2363 1783 2418 wls.
1798 2365 1850 2419 [itti

211 2462 489 2521 orodoacaruaiibus
503 2460 631 2516 emundet
645 2459 1007 2525 illecebris,etbucutrurn·
1055 2463 1172 2519 rranrque
1200 2449 1321 2520 Diffidam
1347 2450 1504 2507 d⁰m0⁵¹l⁰l⁵
1521 2451 1600 2518 ⁵⁰¹³»
1626 2467 1689 2508 ⁰¹¹⁰]
1709 2469 1756 2510 ⁰⁰⁸
1779 2470 1851 2526 <1⁰0³

211 2569 264 2625 quo
278 2552 392 2611 coasilio
406 2550 627 2622 prudentissimo,
639 2550 691 2605 boc
702 2558 756 2614 est,
769 2565 893 2621 snpemae
903 2551 1006 2606 sotum.
1056 2540 1169 2611 anriquo
1182 2540 1254 2595 trosti
1272 2541 1394 2598 docendo
1408 2542 1514 2614 eripere
1525 2544 1629 2615 potuit,
1648 2545 1770 2601 societati
1787 2546 1850 2601 illn-

212 2646 294 2700 urudo
308 2641 496 2698 retributionis
516 2639 582 2695 lacit
600 2641 710 2707 iutuitu,
727 2639 805 2711 errius
821 2641 1007 2697 retributionis
1057 2648 1116 2687 “1¹¹¹
1137 2632 1183 2703 qui
1197 2633 1224 2687 1¹1
1240 2633 1293 2688 fide
1307 2647 1487 2710 Ριωθβῦθθῐῖι
1509 2635 1683 2704 ffissfflissffiali
1697 2637 1745 2694 ilai
1762 2645 1791 2692 ⁰²
1803 2655 1853 2691 ιιι·

214 2749 331 2806 ιιιμιιιιι
345 2746 452 2803 quoque
473 2730 623 2788 versiculus
645 2731 770 2802 apertius
792 2731 1007 2798 mombritium
1056 2722 1126 2778 cillis
1144 2723 1262 2789 cibaria,
1278 2738 1340 2779 cum
1356 2723 1472 2780 bumiles
1486 2740 1626 2796 quosque,
1647 2725 1852 2783 debito'tiruoro

216 2823 364 2881 subditur:
1057 2831 1105 2871 sua
1116 2816 1193 2886 jussa
1212 2825 1367 2883 seruantes,
1389 2831 1424 2872 nc
1443 2817 1493 2872 sub
1507 2817 1551 2889 pio
1564 2818 1658 2874 labore
1680 2817 1852 2887 lassescant,

253 2910 336 2966 Facto
350 2919 388 2965 ιιι
401 2907 479 2981 qnasi
502 2909 576 2964 naris
600 2909 728 2965 institerit
751 2909 784 2965 dc
806 2908 884 2982 longe
899 2920 1007 2982 portam
1058 2922 1183 2978 supernae
1193 2910 1326 2965 mercedis
1339 2912 1597 2967 commemoratione
1611 2911 1708 2969 reiicit.

215 3018 410 3077 pomeranam.
424 3001 579 3058 Institorem
594 3002 789 3073 negotiatorem
805 3003 883 3069 uicit,
892 3005 940 3074 qui
958 3019 1009 3074 pro
1094 2999 1273 3056 Conciderant
1282 3017 1375 3072 aprum
1385 3011 1408 3057 et
1417 3003 1479 3057 emit
1489 3019 1548 3058 eam
1560 3019 1569 3058 :
1581 3005 1612 3059 de
1623 3003 1711 3075 fracta
1723 3022 1852 3062 manuam

213 3112 247 3154 ea
261 3096 302 3153 sie
313 3102 426 3152 roeatur
441 3093 477 3150 ab
490 3090 620 3166 antiquis,
642 3094 714 3166 quod
727 3095 899 3166 acquirendis
918 3096 1009 3153 molti·
1058 3109 1168 3149 suanno
1181 3090 1307 3164 planetarii
1321 3093 1434 3149 uincam.
1456 3094 1558 3166 Agrum
1573 3094 1639 3151 dicit
1652 3099 1853 3166 comessionem

213 3187 401 3262 curandisque
416 3168 555 3242 mercibus
576 3184 684 3242 sedulus
712 3186 828 3242 insistat.
858 3187 941 3242 Facta
965 3180 1043 3245 estC
1059 3197 1182 3254 superne
1194 3183 1379 3251 baereditatis,
1404 3185 1438 3240 de
1453 3200 1506 3256 qua
1521 3186 1685 3244 benedicens
1705 3187 1789 3245 lilium
1802 3207 1853 3262 pa·

214 3293 281 3351 ergo
294 3276 485 3334 lurtismolier
507 3277 583 3349 quasi
606 3276 681 3333 narb
694 3278 833 3340 institoria,
858 3278 921 3349 quia
936 3280 1008 3336 sient
1060 3276 1178 3333 triarcba
1191 3277 1310 3347 loquitur
1324 3294 1332 3333 ι
1348 3275 1417 3333 Ecce
1431 3276 1557 3346 odorfilii
1571 3279 1701 3334 meiaicm
1716 3280 1857 3351 adorogri

215 3374 294 3429 uaris
305 3372 439 3429 institoris
450 3383 548 3428 onusta
560 3370 743 3427 mercimoniis
754 3386 815 3443 quse
825 3372 851 3426 in
861 3387 910 3428 sua
918 3374 1007 3444 patria
1058 3370 1177 3442 pleniori
1188 3370 1317 3427 benedicit
1329 3370 1458 3453 Dominus
1471 3367 1547 3443 (Gen.
1555 3372 1654 3443 xxrrr).
1669 3370 1744 3431 Odor
1753 3375 1857 3447 qnippe

216 3467 303 3540 tnagis
318 3466 469 3531 abundant,
485 3479 567 3536 porro
581 3479 631 3536 per
644 3478 721 3519 mare
735 3462 802 3533 petit
810 3464 966 3536 peregriua,
979 3474 1008 3520 ιιι
1059 3470 1216 3518 sanctorum
1236 3470 1279 3518 est
1301 3461 1372 3517 sicut
1391 3461 1459 3517 odor
1475 3462 1534 3534 agri
1555 3462 1626 3533 pleni
1652 3464 1695 3519 cui
1716 3464 1857 3522 irerrediait

216 3555 402 3613 illicrenditis
423 3569 483 3624 quae
502 3552 639 3617 attulerat,
655 3551 782 3608 chariora
791 3544 900 3609 domurn
912 3569 1008 3625 repar·
1060 3551 1206 3617 muninus,
1228 3553 1290 3622 quia
1318 3561 1374 3610 tota
1395 3554 1494 3609 mentis
1517 3554 1668 3612 intentione
1690 3564 1855 3613 contuentur

216 3657 274 3717 tet;
292 3649 331 3705 sic
344 3647 474 3703 nimirum
486 3655 579 3702 saneta
593 3644 725 3711 Ecclesia,
742 3645 782 3700 sic
794 3645 884 3701 anima
895 3660 1009 3716 quaeque
1060 3657 1120 3712 quae
1133 3643 1169 3700 sit
1183 3643 1322 3715 plenitudo
1338 3644 1536 3702 benedictionis
1556 3648 1582 3702 in
1598 3648 1686 3718 qmtria
1704 3648 1780 3721 requi
1796 3663 1855 3705 cre-

215 3741 335 3812 perleeta
356 3739 486 3793 virtutum
505 3736 607 3793 divitiis
627 3736 727 3808 gaudet
749 3736 885 3803 onustari,
910 3736 1009 3806 qaibns
1061 3733 1146 3792 lestis.
1174 3734 1363 3792 Considerarit
1387 3752 1452 3808 ergo
1475 3738 1597 3795 Ecclesia
1617 3755 1713 3811 agroru
1738 3749 1768 3797 et
1788 3741 1855 3797 enrit

217 3831 321 3903 ruajom
344 3828 442 3886 divine
460 3828 555 3900 gratim
568 3826 640 3883 dona
657 3836 802 3884 mercetur.
817 3827 955 3898 Optimum
967 3837 1010 3885 est
1060 3841 1138 3893 eum,
1153 3828 1216 3898 quia
1231 3828 1352 3885 studiose
1365 3828 1460 3885 didicit
1473 3845 1533 3901 que
1544 3831 1600 3887 siut
1613 3833 1712 3903 gaudia
1729 3833 1794 3891 vire
1805 3848 1854 3905 pe-

217 3936 336 3993 namque
361 3918 574 3983 mormoreium,
599 3932 661 3973 cum
675 3917 769 3986 berra,
790 3933 851 3989 que
864 3918 1007 3983 valemus,
1061 3918 1172 3985 renuis,
1187 3927 1216 3974 et
1232 3934 1282 3991 pro
1301 3935 1396 3976 eorum
1419 3922 1595 3993 perceptione
1614 3923 1745 3995 quidquid
1768 3923 1855 3997 poerit

217 4022 379 4089 operantes,
403 4011 491 4083 prime
512 4009 582 4065 banc
604 4023 620 4063 a
638 4007 753 4065 boruirro
769 4009 922 4065 mercedem
941 4010 1011 4066 reei-
1061 4010 1187 4067 laborare
1204 4012 1343 4067 eaaurrrttt
1358 4029 1365 4066 ι
1380 4013 1536 4081 quaeetiara
1558 4012 1593 4069 de
1612 4011 1702 4069 trram
1724 4028 1855 4070 manuum

217 4103 317 4175 piurrts,
331 4109 362 4156 ιιι
374 4100 408 4156 ad
419 4096 644 4170 majumflseuaper
657 4097 760 4170 agenda
772 4097 1011 4170 proiciamusde·
1062 4116 1172 4158 suarum
1188 4101 1446 4172 plantaritrineam,
1457 4104 1521 4174 quia
1535 4103 1726 4161 delruetiieris
1735 4104 1855 4163 bdelium

218 4191 283 4249 birrc
299 4198 328 4247 et
343 4190 426 4245 vitam
447 4186 615 4260 percipimus
637 4186 843 4257 sempiternam.
862 4187 945 4245 Facta
968 4198 1011 4246 est
1062 4206 1172 4248 suorum
1188 4189 1266 4251 laetis
1277 4191 1335 4248 sire
1346 4193 1437 4249 uerbis
1448 4191 1615 4264 Scriptorum
1629 4204 1752 4251 sanctam
1763 4194 1857 4252 caudi·

219 4299 284 4355 ergu
296 4282 387 4338 aalma
402 4288 493 4337 macta
506 4278 585 4349 quasi
599 4277 677 4333 uaris
687 4277 829 4345 institoris,
841 4293 901 4349 quae
915 4281 1013 4336 transit
1062 4281 1113 4347 dit,
1128 4296 1177 4351 per
1187 4295 1268 4351 quam
1279 4292 1383 4338 mentes
1396 4283 1562 4338 audientium
1574 4285 1600 4340 in
1612 4284 1665 4342 bde
1674 4294 1702 4341 ιι
1711 4285 1855 4343 dilectione

219 4372 354 4432 desiderio
371 4369 469 4428 duetus
482 4368 573 4425 saeculi
587 4368 748 4440 praesentis,
772 4368 839 4434 seia,
863 4385 923 4441 qum
942 4371 1011 4427 sein
1063 4370 1184 4429 ebriaret
1206 4371 1247 4427 stri
1271 4371 1469 4443 Redemptoria.
1490 4372 1546 4431 Nec
1558 4375 1594 4431 ab
1618 4390 1648 4432 re
1667 4385 1709 4432 ιιι
1723 4377 1748 4433 si
1770 4377 1856 4435 riom

220 4462 298 4520 coelis
310 4462 434 4533 accipere
448 4468 550 4531 sperat,
566 4466 669 4514 eterna
692 4457 791 4532 gaudia
810 4460 969 4529 meditatur,
983 4472 1011 4518 ιι
1064 4460 1174 4517 nomine
1186 4462 1274 4532 ipsam
1289 4461 1448 4531 Ecclesiam,
1465 4480 1526 4537 qum
1539 4480 1589 4537 per
1601 4465 1742 4523 mulierem
1754 4465 1855 4527 sortem
1910 4456 1915 4471 '

219 4572 270 4632 pro
294 4556 338 4613 bis
360 4555 543 4612 abuudantius
568 4555 751 4627 adipiscendis
782 4555 912 4631 quidquid
940 4556 1013 4614 ualet
1025 4553 1053 4616 b
1065 4561 1107 4610 ιιι
1119 4554 1272 4625 designata,
1290 4556 1439 4613 sentiamus
1452 4556 1678 4629 esseligoratarn,
1691 4567 1718 4614 ιι
1738 4573 1856 4616 ιιιιιιι

221 4650 358 4705 instanter
369 4661 462 4719 agere,
477 4646 606 4718 quidquid
620 4646 765 4705 adversum
777 4649 939 4715 occurrerit,
954 4648 1011 4706 lor·
1063 4649 1225 4719 propagines
1245 4649 1348 4717 vitree,
1370 4649 1417 4720 qui
1438 4661 1501 4706 suut
1522 4650 1571 4707 tilii
1586 4651 1708 4709 mulieris
1728 4671 1736 4707 z
1759 4654 1856 4710 molier

221 4741 286 4796 titer
304 4752 435 4810 superare
448 4737 597 4794 mutendlt.
620 4736 659 4793 lle
683 4753 737 4809 qua
752 4738 935 4797 recredieitur
949 4742 1013 4812 quia
1066 4745 1156 4795 autem
1170 4738 1277 4795 tineam
1300 4739 1445 4812 plantavit,
1469 4756 1531 4798 cum
1554 4741 1673 4799 Ecclesia
1698 4743 1856 4814 primitiva,

222 4832 303 4903 lange
316 4836 406 4901 portat
423 4844 521 4901 panem
533 4844 623 4893 suum,
635 4828 699 4899 quia
714 4830 741 4886 iu
756 4831 862 4888 cuncus
872 4846 933 4902 quae
946 4840 1014 4888 terrr-
1065 4828 1147 4887 latios
1157 4846 1207 4902 per
1219 4833 1313 4889 arbom
1328 4835 1420 4892 missis
1433 4834 1667 4906 predicatoribus,
1678 4835 1741 4893 ildei
1753 4839 1857 4897 semina

221 4921 351 4995 porriitur
363 4920 435 4976 bona
449 4918 521 4989 agit,
536 4928 665 4975 aeternam
680 4918 849 4977 solummodo
859 4922 1015 4979 retributio-
1066 4921 1204 4992 dispersit.
1228 4922 1415 4980 Considerarit
1441 4942 1558 4998 namque
1580 4943 1695 5000 agrum,
1723 4947 1786 4986 cum
1811 4946 1858 5003 pr

222 5030 284 5072 uerrr
306 5019 456 5085 exspectat.
472 5009 564 5066 Solam
581 5010 636 5065 riri
652 5010 731 5082 punis
754 5014 924 5070 saturitatem
942 5015 1015 5070 desi·
1066 5016 1160 5074 orbem
1186 5017 1365 5082 universum,
1387 5017 1515 5074 vitiorum
1538 5019 1651 5090 spinetis
1676 5018 1857 5087 borrenterrr,

222 5106 311 5173 derat,
325 5102 385 5174 ejus
399 5102 528 5159 nimirum
542 5101 588 5172 qui
607 5101 665 5158 suis
679 5101 849 5159 auditoribus
860 5105 904 5175 pie
920 5114 1014 5176 poten·
1067 5109 1172 5165 cultore
1194 5109 1308 5181 spiritali
1322 5125 1389 5181 opus
1402 5109 1503 5166 babere
1522 5112 1670 5182 perspexit.
1695 5110 1770 5166 Emit
1793 5126 1857 5166 reru

223 5206 319 5270 terque
329 5196 483 5270 promittit:
501 5192 592 5252 Vertite
610 5194 645 5249 ad
661 5210 718 5262 me,
731 5210 819 5250 omncs
834 5195 878 5266 qui
889 5195 1016 5254 laboratis
1067 5215 1140 5269 uonr,
1152 5218 1225 5270 eum,
1237 5203 1329 5259 missis
1342 5204 1441 5275 ubique
1453 5205 1624 5272 doctoribus,
1638 5207 1769 5264 talenmm
1783 5204 1858 5263 verbi

223 5299 248 5345 et
267 5290 368 5345 onerati
388 5290 459 5354 eatis,
484 5295 508 5342 et
531 5303 578 5358 epo
598 5285 715 5356 reficiam
734 5285 963 5361 ancillantur).
981 5289 1017 5344 at
1068 5292 1747 5364 audituriseontulituteoseredeotcsfelicissimo
1757 5296 1857 5355 Cbristi

224 5388 319 5436 eorrtra
329 5380 357 5434 io
368 5379 493 5450 proximo
506 5392 604 5449 panem
618 5390 698 5432 suum
710 5376 817 5448 recipit,
835 5385 864 5433 et
876 5393 929 5434 uon
942 5379 1015 5436 lruoc
1069 5384 1233 5454 mancipatui
1247 5386 1382 5443 subderet.
1397 5386 1533 5442 Plaotarit
1544 5396 1634 5443 autem
1644 5387 1672 5443 io
1683 5388 1779 5444 eodem
1793 5400 1858 5460 agro

225 5474 258 5528 de
280 5473 358 5544 louge
378 5481 452 5527 trans
475 5471 562 5527 maria
579 5477 680 5542 portat,
695 5470 741 5541 qui
762 5470 790 5525 iu
808 5486 840 5527 eo
860 5473 931 5542 quod
943 5473 1017 5545 juste
1067 5474 1185 5540 rinearrr,
1198 5490 1259 5530 cum
1275 5475 1301 5530 irt
1316 5476 1392 5533 noris
1407 5476 1574 5532 credentium
1591 5477 1697 5549 populis
1711 5476 1859 5535 Ecclesiam

225 5563 316 5619 rivere
336 5558 458 5628 ridetur,
479 5562 709 5619 humanitauturn
729 5559 956 5636 larerisprmmia
970 5581 1018 5621 et·
1068 5564 1147 5636 plena
1171 5566 1334 5638 evangelicae
1359 5567 1481 5624 raritatis
1508 5568 1677 5625 institutione
1703 5568 1823 5624 iirtaarit
1850 5584 1858 5621 t

226 5656 309 5727 petit,
324 5668 412 5735 neqrre
433 5655 488 5712 ullo
510 5656 573 5711 ritae
589 5658 774 5727 permanentis
789 5658 896 5725 intuitu,
912 5674 1018 5730 eaquae
1069 5673 1151 5728 quarn
1174 5660 1284 5729 quidem
1306 5659 1412 5716 tineam
1435 5659 1469 5715 de
1492 5659 1581 5717 fructa
1596 5675 1725 5717 manuum
1749 5672 1859 5717 suarum

228 5745 257 5803 iu
276 5745 337 5800 imis
358 5745 486 5801 labuntur
505 5761 669 5817 exsuperare
682 5755 710 5802 et
723 5748 829 5807 calcare
848 5751 947 5822 satagit
961 5768 968 5818 ;
984 5752 1018 5808 de
1070 5750 1213 5821 plantavit,
1226 5751 1290 5821 quia
1301 5766 1356 5810 nou
1366 5750 1452 5809 solam
1463 5751 1546 5809 verbo
1558 5750 1736 5808 instimebant
1745 5749 1859 5822 apostoli
