4042 6200
353 322 420 379 titt
668 324 700 380 D.
722 324 850 382 mesu!
869 324 978 382 nubet
996 322 1157 382 tuentur.
1177 322 1332 380 UOGUNT.
1345 319 1487 380 oruntttt
1506 318 1596 377 PARS
1613 318 1664 376 tlt.
1871 313 1915 374 titt

352 443 478 498 recedere
492 439 642 513 eligebant,
656 441 772 511 superba
786 439 982 497 wintomiam
995 438 1143 495 delmden·
1157 443 1183 501 Α
1196 445 1247 493 ret.
1274 435 1333 492 lion
1358 447 1464 493 sentum
1491 434 1575 491 etiam
1599 433 1725 506 requisita
1751 434 1831 491 unirer
1848 439 1916 502 teri,

352 543 407 599 tes,
428 532 506 604 quasi
524 532 637 601 iustitie
655 540 830 589 easeeutores
847 546 896 603 per
907 529 1054 587 ieremiam
1073 529 1143 586 diei·
1193 527 1302 599 qnando
1322 543 1411 599 neque
1429 528 1488 598 ipsa
1509 527 1543 582 ad
1564 541 1594 583 se
1614 525 1719 597 ubam
1737 525 1916 594 rotabundus·

352 634 405 679 tur.
422 622 499 681 Unde
514 630 542 679 et
555 624 699 693 sequitur:
1193 618 1283 689 premis
1297 617 1364 675 illud
1383 618 1604 691 persuasionibus
1625 618 1759 690 replicavit
1775 619 1916 676 desertior·

389 713 474 768 Tine.
492 733 503 767 r
518 713 611 770 liedde
630 713 671 769 eis
684 713 792 778 vicera,
815 711 943 774 Domine,
961 709 1041 780 juxta
1059 724 1142 781 opera
1195 724 1264 780 pens
1276 708 1384 780 moeplt
1396 723 1440 765 rne
1452 717 1481 765 et
1493 710 1616 775 comedi,
1631 718 1662 764 ut
1676 709 1730 780 ipsa
1743 725 1832 781 qnoque
1848 722 1916 768 retra

355 822 364 854 r
383 817 509 857 manuum
533 817 655 858 suarum.
671 821 681 855 r
697 801 815 871 lloxque
837 798 961 856 eamdem
983 799 1072 855 vicem
1096 811 1144 854 ex·
1197 813 1276 853 suum
1290 797 1401 870 oblique
1415 799 1443 855 iu
1455 797 1616 855 Creatorem
1631 800 1747 865 duceret,
1761 801 1800 870 qui
1816 801 1858 856 illie
1871 803 1916 857 istu

352 891 474 962 pressius
488 891 619 957 subdidit,
634 891 748 946 dicens:
1195 902 1226 943 se
1247 895 1401 958 serpentem
1421 902 1617 958 persuasurum
1638 887 1701 943 talia
1717 887 1864 957 permisisset.
1878 889 1916 946 Se

392 981 478 1037 ileu.
496 1002 506 1034 r
523 982 605 1037 Dabis
618 981 659 1037 eis
671 989 778 1038 scutum
792 978 882 1036 cordis
894 978 1016 1035 laborem
1029 987 1115 1034 tunm.
1131 996 1142 1030 r
1195 994 1262 1051 pens
1275 995 1340 1036 uero
1350 979 1408 1049 iarn
1423 995 1477 1035 nen
1493 980 1651 1051 requiritur,
1665 980 1726 1051 qnia
1744 994 1788 1035 uec
1802 979 1848 1050 dos
1860 983 1915 1051 psai

353 1068 454 1144 (Grrq.
469 1070 480 1145 )
495 1071 585 1126 Labor
595 1072 696 1143 quippe
711 1070 760 1128 Dei
774 1085 909 1142 apperens
922 1069 995 1125 iuter
1008 1069 1144 1134 homines,
1196 1071 1280 1128 tentia
1305 1072 1488 1143 quaerebatur.
1514 1070 1548 1127 lli
1571 1080 1664 1127 antem
1686 1086 1789 1142 quorum
1808 1072 1913 1140 petitorii

352 1163 489 1238 passibilis
507 1166 566 1236 eius
580 1165 736 1222 humanitas
751 1164 819 1231 tuit,
835 1175 917 1235 quern
928 1162 1014 1222 ludaei
1030 1163 1146 1236 superbe
1196 1164 1310 1236 quresita
1329 1171 1389 1229 est,
1405 1173 1512 1219 scotum
1526 1163 1699 1236 nequissima
1711 1163 1848 1220 &Qumis
1857 1175 1914 1219 eres

354 1254 464 1326 sapiens
485 1254 550 1309 doru
574 1262 718 1310 cernerent
739 1253 937 1325 despexerunt,
958 1268 1076 1325 eumque
1095 1254 1148 1310 im·
1193 1253 1352 1325 lusussimse
1377 1254 1556 1326 correptionis
1583 1255 1667 1311 rerba
1693 1254 1846 1324 protulerunt.
1870 1254 1915 1311 intr

354 1348 496 1404 mortalem
510 1348 623 1404 credere
637 1347 772 1419 dedignati
786 1353 865 1414 sunt,
878 1363 958 1419 quern
974 1355 1071 1404 natura
1085 1364 1147 1419 pas·
1197 1363 1270 1404 nnuc
1285 1362 1371 1419 usqne
1386 1347 1413 1403 in
1427 1363 1506 1403 mum
1520 1347 1690 1418 peccantium
1709 1347 1818 1411 trabitur,
1833 1355 1856 1401 rt
1869 1348 1913 1416 erp

354 1438 426 1494 sibili
452 1437 594 1493 urortalem
619 1437 754 1493 viderunt.
775 1437 897 1508 Cumque
922 1437 980 1507 elus
1010 1438 1147 1494 bumilita·
1197 1454 1260 1495 cum
1278 1438 1402 1512 arquitur
1420 1439 1589 1505 detrudatur,
1610 1447 1640 1495 et
1657 1439 1725 1493 narde
1743 1436 1804 1493 loiri
1820 1438 1915 1493 reatalr·

355 1537 409 1584 tem
424 1528 629 1598 conspicerent,
644 1530 777 1601 superbie
796 1528 868 1585 laetu
888 1529 1025 1596 indurati,
1041 1545 1147 1587 summa
1197 1531 1273 1596 buit,
1288 1532 1351 1588 iude
1365 1531 1527 1588 cumuletur.

354 1634 420 1675 eura
434 1618 521 1675 moliti
543 1627 626 1686 suut,
642 1634 677 1675 ne
697 1635 792 1676 eorum
815 1628 920 1676 mentes
940 1628 1035 1676 sancta
1050 1622 1149 1692 predi·
1235 1622 1319 1677 Tiar.
1337 1641 1346 1675 r
1363 1621 1541 1693 Perseqneris
1562 1621 1591 1677 iu
1617 1619 1710 1677 lurore
1729 1628 1786 1687 tuo,
1802 1627 1825 1675 et
1838 1630 1915 1674 entes

355 1708 476 1764 cautium
497 1710 778 1780 rerbapenetrareut.
794 1708 861 1766 Dum
876 1724 942 1781 erpo
956 1710 997 1767 eis
1017 1711 1148 1768 Dominus
1202 1727 1277 1770 reos
1301 1714 1352 1770 sub
1378 1711 1466 1779 omlis,
1485 1710 1611 1768 Dormm.
1633 1708 1817 1784 illituum)
1835 1707 1868 1764 lle
1883 1717 1913 1761 us

354 1801 443 1857 vicem
457 1800 590 1859 meierum
604 1817 716 1872 opernm
731 1802 873 1870 redderet,
887 1803 962 1860 dedit
974 1804 1028 1862 illis
1039 1814 1145 1862 seuwm
1161 1819 1184 1880 Β
1198 1806 1354 1871 sentemiae,
1374 1820 1442 1876 quas
1462 1804 1543 1862 mede
1560 1805 1787 1865 enumeravimus,
1803 1815 1850 1870 qna
1862 1800 1914 1855 utu

355 1889 446 1960 cordis
461 1888 580 1946 laborem
596 1906 691 1957 mum,
712 1890 758 1961 qni
782 1900 857 1948 recto
876 1889 981 1961 judicio
1003 1894 1066 1951 inde
1087 1895 1148 1952 illos
1199 1896 1287 1952 littera
1306 1902 1465 1966 praenotata
1485 1902 1568 1961 suut,
1590 1888 1912 1966 respoudeutadsmrriem.

354 1988 449 2036 contra
473 1995 503 2037 se
524 1980 640 2052 superbe
661 1981 813 2039 obstinatos
832 1984 967 2040 exhibuit.
990 1986 1068 2044 Unde
1089 1987 1147 2058 ipoe
1200 1984 1299 2056 quibus
1312 1984 1482 2054 iniquitatem
1505 1982 1661 2040 ludaeorum
1684 1991 1711 2038 et
1730 1981 1831 2037 debunt
1845 1976 1914 2032 noda

355 2086 405 2142 pre
441 2072 519 2129 uobis
550 2073 579 2129 iu
611 2073 769 2130 intirmitate
802 2074 945 2133 laborarit.
980 2076 1148 2150 liepulerunt
1200 2077 1301 2132 tionem
1315 2081 1498 2146 expresserat,
1510 2074 1660 2130 ostendens
1673 2073 1733 2143 quid
1746 2070 1913 2136 usuarium

356 2161 456 2233 quiippe
480 2179 495 2219 a
521 2177 552 2219 se
574 2164 656 2221 rerba
679 2165 900 2236 predicantium,
923 2167 987 2238 qnia
1010 2168 1146 2241 dedignati
1199 2168 1272 2224 ulum
1300 2168 1327 2223 iu
1353 2167 1446 2224 lurore
1471 2167 1563 2224 divine
1587 2167 1690 2239 iudicio
1713 2167 1845 2236 dispomrto
1860 2163 1913 2215 irus

356 2265 420 2312 suut
435 2256 462 2312 in
478 2257 592 2315 Domino
604 2257 713 2314 irrlirura
727 2260 895 2330 passionum.
916 2259 1051 2318 Labomm
1066 2262 1149 2334 iqitur
1200 2271 1296 2313 eorum
1310 2256 1369 2313 illos
1382 2256 1518 2327 persecuti
1531 2264 1608 2324 sont,
1621 2265 1650 2312 st
1663 2256 1689 2311 in
1703 2253 1813 2327 presenti
1822 2250 1861 2306 titt
1871 2248 1913 2302 lul

357 2345 464 2402 Domini
479 2356 573 2402 eontra
582 2349 707 2405 eumdem
721 2348 863 2405 Dominum
878 2359 985 2408 scotum
998 2351 1091 2408 cordis
1103 2352 1151 2408 bu·
1202 2346 1459 2411 erconberctum,
1475 2346 1514 2401 itt
1528 2353 1560 2401 ul
1578 2346 1709 2401 breones
1724 2360 1767 2416 pet
1783 2352 1848 2399 rotun
1859 2341 1912 2394 ΝΜ

356 2434 492 2502 buerunt,
507 2436 554 2506 qni
569 2437 685 2508 superba
702 2437 871 2508 sapientibus
884 2453 917 2494 eo
931 2438 1085 2511 despectius
1104 2455 1152 2511 ap-
1201 2432 1335 2505 dispersi,
1362 2432 1464 2490 malurn
1487 2434 1577 2491 exsilii
1604 2435 1746 2507 patiantur,
1771 2433 1865 2488 edere
1881 2429 1912 2482 siat

356 2527 463 2599 paruit,
483 2542 538 2598 qno
558 2537 668 2600 prepter
686 2543 734 2585 cos
755 2529 865 2586 humilis
878 2527 939 2585 luit.
955 2528 1013 2585 lloc
1027 2539 1150 2597 scumm,
1201 2539 1266 2596 rege
1285 2540 1318 2581 ae
1337 2525 1490 2582 sacerdotio
1511 2525 1612 2598 regali,
1634 2533 1663 2583 et
1681 2527 1736 2581 sine
1753 2519 1911 2594 umbem

358 2616 430 2672 sieut
441 2616 497 2688 jaun
511 2626 540 2673 et
558 2618 684 2689 superius
704 2617 840 2684 diximus,
866 2621 942 2690 prius
961 2618 1006 2675 ille
1023 2627 1152 2691 peccator
1203 2615 1276 2672 orrltu
1290 2615 1410 2687 pietatis.
1431 2614 1482 2684 Qui
1502 2624 1598 2673 autem
1616 2618 1652 2672 ad
1669 2614 1793 2672 Christum
1810 2615 1911 2666 nurum

359 2707 461 2774 tonuit,
481 2706 526 2777 qui
541 2708 698 2778 requirente
712 2707 827 2764 Dorium
845 2725 895 2764 cnr
913 2707 1015 2780 imnum
1035 2709 1150 2766 uetitum
1202 2714 1258 2772 tur,
1273 2704 1482 2777 promissionem
1496 2706 1570 2761 illam
1584 2720 1646 2777 quas
1658 2705 1691 2761 ad
1704 2714 1786 2776 patres
1796 2714 1864 2757 tortu
1873 2695 1910 2749 lt*

359 2794 534 2867 contigisset,
557 2810 612 2850 non
636 2794 671 2850 ad
694 2811 724 2852 se
746 2796 851 2867 cuipam
875 2797 1045 2863 retulit,sed
1060 2813 1076 2853 a
1091 2813 1151 2853 mu·
1202 2807 1246 2851 est
1258 2795 1417 2865 spiritaliter
1428 2795 1639 2853 haereditabunt
1656 2795 1767 2865 Detrique
1783 2783 1911 2854 triltttlllb

358 2885 424 2941 llere
438 2901 520 2957 qnam
535 2887 665 2943 Dominus
679 2888 704 2944 ei
719 2888 831 2945 dederat
843 2905 873 2946 se
887 2890 1024 2962 accepisse
1039 2905 1151 2963 respon·
1203 2886 1275 2943 betis
1293 2887 1498 2953 consummatis,
1518 2885 1619 2958 quibus
1637 2884 1787 2941 austeriorem
1803 2871 1910 2951 padul*

358 2974 413 3041 dit,
428 2983 457 3030 ut
470 2978 548 3046 qnasi
563 2984 668 3032 reatum
683 2992 761 3034 suunt
776 2978 885 3049 oblique
898 2980 926 3035 iu
939 2987 1078 3037 auctorem
1088 2980 1152 3036 reli-
1204 2978 1379 3037 ureutationis
1389 2979 1522 3051 propbeta
1535 2978 1694 3050 explicarit,
1706 2976 1757 3047 jam
1767 2971 1820 3043 quid
1829 2970 1848 3024 iu
1856 2969 1910 3035 qun

358 3066 451 3135 deret,
466 3068 513 3140 qui
527 3069 552 3126 ei
566 3069 707 3126 mulierem
721 3067 908 3143 dederatque
926 3069 989 3127 talia
1003 3069 1152 3142 persuade·
1166 3063 1189 3128 C
1204 3071 1324 3128 insinuet
1336 3070 1563 3131 considerandum
1577 3080 1632 3129 est.

1864 3212 1901 3231 ,a

942 3352 1095 3431 LIBER
1120 3354 1419 3436 VIGESIMUS.

662 3638 776 3699 CAPUT
789 3641 835 3699 ll.
1203 3645 1274 3715 Quid
1286 3645 1433 3702 sanctuarii
1445 3644 1560 3716 lapides,
1572 3639 1626 3702 ursi
1643 3655 1772 3700 securum
1782 3634 1908 3697 selinunte

260 3722 273 3749 ⁴
394 3734 531 3809 (llisren.)
539 3733 761 3790 Extremusliber
770 3731 895 3792 ieremias
905 3735 1076 3793 inoboaudus
1085 3745 1153 3794 esta
1203 3751 1277 3793 soon
1286 3735 1446 3809 signantur?
1458 3734 1528 3802 Quid
1553 3733 1703 3806 platearum
1717 3720 1908 3789 renuenti*

358 3825 697 3899 quartoalpbabeto‚quod
709 3825 780 3882 sieut
789 3827 1154 3898 primnmetseeundumSa·
1203 3831 1287 3887 sentis
1298 3830 1361 3886 rita
1371 3828 1485 3886 latitudo
1500 3828 1648 3899 liguraturl
1657 3824 1720 3894 Duris
1730 3821 1791 3879 enin
1804 3806 1907 3873 trram

359 3915 710 3991 plrieometrodecurrit;in
719 3917 861 3987 quosimili
873 3919 1036 3985 medo,utin
1045 3919 1153 3975 ceteris
1203 3902 1908 4000 quiorlirorlatitudodiciturprolectoalatitudinrplrltt

358 4009 547 4084 essumpepuli
557 4009 652 4075 ludaei,
660 4013 926 4082 atquerastatiouem
937 4014 1013 4070 urbis
1022 4014 1153 4070 lamenta·
1204 4019 1269 4068 suut
1292 4020 1405 4068 uocatae.
1430 4010 1484 4066 Der
1506 4010 1679 4081 semetipsam
1703 3992 1907 4062 sententiale:

359 4102 631 4174 bilivooepropbeta
649 4101 825 4158 historialiter
850 4102 989 4174 deplorat;
1021 4103 1152 4174 spiritali·
1207 4103 1307 4159 slata
1324 4111 1353 4160 et
1370 4102 1487 4175 spatiosa
1503 4100 1688 4171 deestque
1706 4095 1771 4153 ducit
1788 4090 1815 4146 al
1832 4078 1905 4157 prdit
1939 4098 1940 4167 l

360 4205 402 4253 ter
412 4203 503 4252 auem
513 4192 618 4264 lapsum
629 4193 727 4249 animae
737 4191 824 4249 tidelis
836 4199 917 4264 atque
929 4193 1036 4249 ruinam
1050 4194 1078 4249 lu
1088 4208 1152 4264 pec·
1204 4177 1907 4269 nemlllruluru).›Aurumiqiturobscuratuucmlti

359 4285 427 4342 catis
447 4283 639 4342 miserabiliter
661 4283 774 4355 plangit,
799 4285 963 4341 subnectens
988 4284 1151 4352 oratimem,
1204 4287 1277 4343 renis
1290 4286 1397 4343 artibus
1409 4282 1562 4341 sancdtatis
1572 4283 1627 4338 rita
1638 4279 1764 4353 polluitur.
1775 4261 1906 4365 tolerarim·⁵
1939 4278 1940 4357 q

358 4391 440 4446 qnam
462 4375 532 4431 ludit
554 4373 705 4446 lacrymosa
727 4389 794 4431 uoce
809 4384 920 4448 prepter
937 4376 1075 4433 interitum
1086 4391 1151 4433 sno-
1203 4384 1396 4442 commutatur,
1409 4390 1471 4430 curn
1484 4374 1673 4446 quommdam,
1687 4367 1729 4440 qui
1741 4366 1822 4437 (tepere
1835 4353 1906 4421 muti

360 4481 419 4520 rum
430 4466 465 4521 ad
478 4464 538 4535 pias
551 4476 633 4518 aures
646 4463 763 4526 Domini,
779 4472 914 4534 qnatenus
937 4465 996 4535 ipse
1017 4465 1151 4536 beniquns
1164 4443 1190 4502 Ῑ)
1202 4470 1394 4534 credebantur,
1404 4466 1549 4523 estimatio
1563 4472 1683 4521 enumera
1694 4458 1813 4517 minatur.
1822 4448 1904 4505 umet

359 4554 474 4610 mim
487 4568 596 4609 manum
611 4552 701 4610 8013ῑῆ
713 4555 889 4626 immitendi),
902 4555 930 4612 ln
945 4564 1046 4613 titium
1059 4555 1152 4627 prieti·
1202 4558 1316 4630 quilibet
1331 4565 1393 4629 post
1406 4555 1559 4614 mnctitatis
1575 4555 1694 4614 habitum
1706 4546 1806 4607 terreris
1817 4530 1905 4597 „seit

360 4658 425 4699 nuru
450 4642 549 4714 erigat,
574 4651 656 4713 atque
681 4641 808 4713 perlectae
833 4644 943 4700 sanitati
967 4644 1104 4701 restituat.
1202 4649 1307 4715 inserit,
1319 4647 1397 4718 quasi
1408 4646 1498 4703 colore
1508 4651 1660 4716 permutato
1672 4649 1730 4697 ane
1745 4616 1904 4726 lunanum*
1938 4632 1939 4643 ¹

387 4734 502 4806 Alepbn
518 4732 661 4802 Quomodo
673 4733 846 4791 mmnrawm
857 4743 899 4791 est
911 4750 1020 4802 aurum,
1032 4744 1152 4794 mutatus
1202 4737 1260 4808 eius
1274 4736 1425 4794 reuerentia
1445 4736 1572 4807 despecta
1599 4731 1725 4806 pallescit.
1747 4719 1904 4783 menanti*

363 4845 374 4881 r
387 4834 430 4884 est
437 4824 648 4896 eoloroptirnus,
660 4825 774 4896 dispersi
783 4834 848 4883 sunt
858 4826 961 4897 lapides
968 4828 1116 4886 smctnarli
1124 4829 1151 4884 lu
1201 4843 1255 4899 que
1264 4827 1367 4901 lapides
1380 4828 1408 4883 in
1419 4826 1515 4898 plateis
1524 4826 1716 4898 disperguntur,
1727 4830 1780 4876 utut
1791 4821 1850 4868 &¹¹⁸²
1860 4808 1904 4855 Μ’

362 4938 371 4972 r
388 4917 477 4990 eapite
488 4916 609 4974 omnium
619 4916 814 4988 platearunt»
832 4917 979 4990 (mnan.)
996 4917 1066 4975 liam
1087 4919 1153 4976 lieet
1201 4918 1311 4985 larium,
1321 4916 1397 4974 ieras
1410 4916 1464 4972 lata
1484 4917 1583 4973 itinera
1599 4907 1767 4987 expetuntlri
1783 4903 1819 4975 qui
1829 4895 1904 4952 tili*

359 5011 418 5069 haec
434 5009 614 5067 historialiter
630 5008 707 5065 urbis
729 5006 961 5082 ierosolymitana
985 5010 1153 5067 destructio·
1201 5017 1323 5066 mentum
1337 5007 1466 5065 Ecclesia
1477 5007 1591 5064 internis
1604 5003 1733 5079 myteriis
1746 4994 1810 5070 quati
1825 4989 1903 5046 turem

358 5118 432 5170 netu,
458 5110 486 5159 et
506 5099 600 5174 templi
615 5100 862 5159 concremationem
884 5101 1028 5158 rideantur
1042 5116 1150 5167 sonare,
1201 5098 1237 5155 tis
1250 5097 1509 5155 sarnetuariiracare
1521 5096 1675 5155 debuerant.
1691 5090 1781 5148 ldlm
1795 5079 1904 5163 ΨΜ

359 5198 405 5255 ubl
421 5205 494 5254 totus
508 5195 553 5254 ille
571 5202 685 5253 oreatus
704 5202 826 5252 retemm
845 5193 993 5265 dissipatus
1006 5200 1059 5259 est,
1075 5200 1103 5249 et
1118 5192 1153 5250 ad
1202 5188 1298 5244 etuarii
1312 5187 1527 5260 lapidesdebant
1540 5188 1651 5243 utintra
1669 5188 1752 5241 sauna
1764 5166 1903 5232 murnuul
1936 5248 1937 5261 χ

360 5286 475 5343 nibilum
486 5286 625 5351 redactus,
637 5292 727 5342 nmen
741 5283 831 5340 altiori
843 5298 924 5339 senso
936 5281 1029 5355 templi
1044 5282 1152 5355 mystici
1201 5280 1365 5336 uestimento
1374 5279 1474 5335 summi
1485 5280 1635 5337 sacerdotis
1652 5276 1801 5346 apparerent.
1812 5259 1858 5315 cm
1869 5254 1903 5351 ’ἐξ

359 5372 539 5445 ᾱθὶοοιὶοααω
553 5376 700 5449 signilloat,
714 5375 760 5446 qni
781 5374 902 5445 quotidie
923 5375 951 5430 iu
974 5375 1153 5445 reproborum
1202 5369 1319 5427 ministri
1333 5369 1471 5440 religionis
1490 5385 1506 5425 a
1520 5369 1634 5425 subditis
1649 5368 1764 5423 bonorem
1781 5347 1903 5477 dulffflfss

360 5465 416 5519 rita
429 5472 459 5520 et
467 5467 589 5523 moribus
600 5466 836 5536 olluscatnratque
847 5465 1007 5522 destruitur.
1027 5464 1152 5539 (Grrq.)
1202 5463 1244 5518 sui
1258 5476 1291 5519 ox
1307 5461 1406 5519 merito
1429 5464 1492 5519 ritae
1514 5476 1567 5518 nou
1589 5461 1702 5530 erigunt,
1715 5435 1876 5545 sanctuuul'l'

361 5553 433 5619 Qultl
444 5570 560 5626 namque
573 5572 649 5622 auro,
658 5559 730 5627 quod
740 5557 972 5615 metallisertteris
982 5557 1151 5629 praaeminet,
1201 5553 1230 5609 in
1241 5562 1403 5610 ornamento
1411 5552 1549 5625 pontificis
1559 5567 1612 5608 uon
1625 5560 1693 5606 suun
1704 5543 1748 5612 Qui
1762 5527 1903 5635 ultumum?

363 5639 588 5701 „massonae
602 5648 771 5704 enarrasse
784 5646 956 5716 morrone
969 5649 1084 5720 optma,
1099 5647 1152 5705 urar
1202 5643 1300 5700 cruam
1313 5643 1417 5715 unna
1426 5626 1855 5715 uspersrpapnenneuut
1868 5615 1896 5705 p

364 5730 470 5785 cuneis
493 5734 617 5792 amabilis
638 5739 789 5795 reverenda
809 5738 948 5811 religionis
970 5739 1152 5810 exprimitur?
1203 5750 1278 5793 sone
1290 5750 1432 5792 sacrorum
1451 5734 1576 5792 ordinum
1594 5732 1745 5800 voluptatum
1753 5701 1901 5775 maruntii*
