4042 6200
259 317 325 375 ιιιι
574 311 605 366 n.
624 307 750 368 ututur
769 306 878 364 mum
896 304 1055 363 sucrum.
1076 302 1231 362 ιιιιιιιιι.
1251 304 1395 362 erennu
1413 303 1503 361 runs
1522 304 1566 360 ιι.
1787 312 1841 369 un

254 428 372 500 quadam
389 421 567 495 appellatione
584 422 610 475 iu
625 421 677 475 trec
691 434 827 483 sermone,
846 418 874 474 id
887 426 940 482 est.
956 418 983 472 in
998 431 1044 472 ee·
1059 417 1082 476 Α
1096 415 1207 472 seientia
1220 416 1380 484 sentiamus,
1395 432 1448 471 nen
1462 426 1607 488 prepterea
1625 415 1675 473 erit
1690 418 1783 490 aliquid,
1794 424 1841 495 qq,

253 514 409 580 ‚senescendo
423 514 460 568 uti
474 512 556 569 selet:
568 510 641 565 reiut
650 526 712 566 cum
724 510 790 564 dicit
804 533 810 565 ;
826 508 1046 580 caesareorum
1098 507 1125 562 id
1140 508 1190 563 seit
1204 508 1275 564 Deus
1285 507 1404 562 futurum
1419 525 1426 563 r
1442 510 1487 563 sed
1500 508 1563 578 quia
1575 507 1687 564 buturum
1698 521 1741 574 est,
1753 513 1842 574 seire„

257 606 341 660 ddum
362 621 470 660 “wem
487 621 563 658 ‘imm
582 599 667 672 (Gel-
696 599 756 672 lv),
777 616 827 672 pre
851 615 883 655 ee
907 608 936 654 ιιι
957 599 1047 663 dieat,
1099 599 1304 670 lleoentequem
1316 597 1448 654 ssat.Nam
1458 602 1529 666 etsi,
1539 599 1844 673 uerbigratiadingeremnr

257 700 390 755 admistus
412 707 455 755 est
479 697 555 753 uxori
574 711 638 752 suar.
657 696 691 752 Et
710 696 807 750 iterum
823 694 856 750 de
870 693 993 750 bebecre
1008 691 1049 748 di·
1098 691 1249 746 benennon
1267 704 1437 760 prenoscere
1454 690 1568 760 aliquid,
1594 688 1705 746 luterum
1716 692 1765 749 siue
1782 695 1844 753 delrio

257 789 295 844 cit
308 810 315 844 :
337 789 414 860 l'irqe
427 797 484 843 eret
495 828 503 854 ,
516 788 557 842 nir
571 803 622 840 nen
637 794 788 856 coenaverat
799 800 858 839 eum
871 782 948 856 (Gen.
960 782 1046 855 xtra).
1099 791 1157 838 emt
1169 784 1242 853 qued
1254 791 1307 848 est,
1323 783 1360 838 ita
1374 791 1403 837 ut
1414 791 1457 839 est
1469 801 1476 836 ι
1488 791 1517 837 ιιι
1535 791 1609 853 puta,
1621 782 1698 839 iudas
1709 786 1807 854 proditer
1818 787 1845 841 le.

258 879 344 934 Sedet
350 877 384 934 de
396 877 530 934 liliisLeri
543 877 654 941 dieitur,
665 891 727 931 eum
739 875 959 945 prevaricatores
970 874 1048 945 puni·
1098 882 1159 929 etus
1167 882 1220 938 est,
1233 882 1261 928 et
1275 874 1328 929 lree
1343 874 1379 928 ita
1403 872 1523 928 loturum
1543 875 1677 944 propbeta·
1690 877 1843 947 preditemot.
1932 927 1933 934 ,

259 977 332 1032 rent,
357 970 418 1041 quio
434 986 485 1023 uon
502 967 648 1038 cepueeerit
667 965 843 1036 unusquisqne
853 974 954 1036 petrem
970 979 1048 1018 surrrn
1098 964 1157 1020 Non
1171 980 1237 1036 erqo
1251 966 1314 1036 quia
1329 966 1468 1036 propbetse
1481 966 1671 1035 praedixerunt,
1684 967 1845 1040 ideireopmli·

256 1072 302 1116 out
317 1073 426 1115 matrem
444 1077 521 1116 auom
534 1059 605 1131 (Leo.
624 1058 692 1131 su).
709 1059 738 1114 ln
759 1074 813 1130 que
826 1059 884 1114 siue
900 1058 980 1115 dnbio
996 1059 1049 1114 boe
1098 1053 1138 1110 dit
1157 1053 1253 1120 iudas;
1276 1055 1323 1110 sed
1338 1056 1403 1126 quie
1425 1054 1532 1110 iuturus
1550 1064 1623 1110 esset
1634 1057 1752 1125 proditor,
1763 1073 1789 1114 ιι
1803 1076 1846 1129 que

256 1152 417 1216 ostenditur,
429 1152 492 1222 quia
512 1167 566 1205 non
584 1149 674 1220 jrruxit
693 1148 817 1205 affectum
832 1165 910 1205 surim
930 1158 956 1205 et
973 1165 1050 1206 ame·
1100 1142 1144 1198 ille
1161 1159 1194 1199 01
1212 1145 1342 1215 Ριῡιῡιίῑῑ
1357 1145 1399 1200 sui
1413 1144 1536 1215 nequitia
1555 1154 1676 1216 gesturus
1684 1158 1737 1202 arat
1747 1151 1847 1217 pretim

257 1257 314 1298 rem
328 1258 388 1297 cnm
409 1253 484 1311 petre
506 1240 548 1296 rel
562 1250 658 1296 matre.
680 1239 734 1296 Sed
752 1249 780 1295 ιι
800 1240 885 1294 multa
902 1240 1048 1295 secuudum
1099 1215 1162 1292 r⁸uot
1178 1239 1336 1308 prophetae:
1358 1253 1419 1293 eum
1439 1239 1535 1310 utique
1548 1237 1630 1293 turbs
1651 1238 1676 1294 in
1694 1242 1847 1309 petenteb-

257 1331 328 1385 bune
340 1345 448 1385 sensum
462 1330 489 1385 in
504 1328 652 1400 seripturis
667 1329 700 1384 de
719 1329 907 1400 cognoscendo
927 1329 1050 1385 invenies
1099 1326 1203 1384 buisset
1216 1337 1245 1381 ιιι
1256 1338 1329 1384 esset
1341 1327 1439 1384 similis
1449 1327 1531 1384 Petro
1542 1336 1571 1383 et
1583 1326 1687 1393 ioanni,
1699 1330 1719 1384 si
1731 1330 1846 1386 noluisset:

256 1421 343 1475 «lictae
360 1429 389 1475 et
401 1420 552 1475 ideeetiam
568 1418 594 1473 in
609 1420 737 1489 praesenti
748 1419 806 1475 loeo
818 1428 926 1475 constat
937 1419 1050 1489 Aposto·
1099 1418 1147 1473 sed
1165 1417 1246 1489 elegit
1267 1418 1388 1488 peeumae
1402 1418 1579 1489 cupiditatem
1590 1419 1672 1490 magis
1687 1433 1758 1488 quarn
1768 1429 1847 1489 aposto

256 1512 312 1566 lum
330 1510 475 1567 ιιιιιιιιιιιιι
496 1509 643 1578 Scriptune
665 1525 750 1565 sacrae
768 1510 992 1565 consuetudinem
1006 1524 1051 1563 ee·
1100 1506 1143 1563 liei
1156 1509 1284 1564 eensertii
1298 1509 1428 1581 gloriam:
1441 1518 1469 1564 et
1482 1509 1554 1564 bane
1571 1508 1847 1579 ejesrelnntateulntt·

256 1601 401 1675 gueseendi
426 1601 547 1672 posuisse
571 1617 735 1667 sermenem,
760 1601 871 1657 utilius
894 1600 1051 1658 ostenderet
1101 1613 1159 1654 ram
1167 1599 1501 1670 praeridentespropbete,
1509 1598 1639 1656 librorum
1649 1600 1767 1658 tradidere
1777 1616 1848 1657 nene

257 1695 438 1767 praecognitos
455 1694 549 1760 abeo,
569 1694 719 1764 inquibus,
734 1694 824 1750 sciens
839 1694 1047 1763 quatesessenn
1101 1688 1210 1745 mentis.
1226 1688 1262 1745 ttr
1272 1696 1363 1745 eutem
1378 1690 1449 1746 selas
1467 1690 1597 1762 quianon
1613 1690 1640 1746 ie
1655 1691 1800 1762 prescientia
1813 1690 1847 1748 bet

257 1802 379 1842 :retorem
408 1802 485 1843 suurn
514 1787 601 1852 Deus,
628 1785 806 1855 affectumque
827 1785 978 1855 posuisset,
1003 1768 1245 1850 se-Buuieuique
1265 1780 1360 1836 salutis
1380 1797 1462 1838 eausa
1473 1782 1654 1851 ponitur,sed
1669 1783 1694 1837 in
1709 1783 1847 1853 prepositae

257 1877 375 1932 erundum
395 1876 460 1932 illud
482 1878 552 1945 qued
567 1877 697 1947 seriptum
720 1884 786 1931 est:
813 1875 937 1947 Coquecit
961 1875 1051 1932 Denu-
1099 1870 1207 1926 bolibut
1227 1870 1296 1935 suls,
1317 1871 1380 1926 title
1401 1871 1515 1932 Paulum
1537 1881 1671 1929 terentem
1687 1889 1719 1928 ue
1735 1873 1791 1928 lette
1803 1888 1846 1929 ctu

258 1983 307 2022 rena
323 1982 366 2020 eor
380 1966 425 2035 qui
436 1975 496 2020 runt
510 1965 566 2035 ejus
577 1979 586 2018 :
599 1981 660 2021 cum
674 1966 767 2036 tutique
782 1975 910 2035 quantum
924 1967 957 2022 ad
967 1966 1048 2024 istam
1101 1958 1162 2014 allis
1174 1960 1374 2030 bfaedlffllflrll,
1387 1961 1445 2032 illst
1455 1962 1591 2033 reprobus
1604 1962 1847 2030 effieiauctllioenll

256 2072 427 2112 communem
444 2056 586 2112 seientiam
601 2057 730 2127 pertinet,
743 2057 815 2112 Deus
829 2072 881 2112 neu
900 2056 988 2112 selum
1002 2071 1050 2114 ees
1100 2064 1200 2119 eorpus
1211 2064 1301 2116 stum.
1312 2051 1630 2121 etsubjieereserritnti.
1645 2053 1847 2111 ιιιιιιιιιιιιιιιιι

258 2146 306 2217 qni
318 2148 359 2206 sui
376 2156 449 2213 srrnt,
464 2148 512 2204 sed
525 2158 612 2204 eteos
631 2148 677 2218 qui
690 2157 809 2204 errante
824 2164 853 2208 se
867 2165 920 2204 nen
933 2149 1048 2219 ignoret.
1100 2142 1203 2212 eosqui
1218 2143 1297 2200 nobis
1319 2141 1473 2211 btq‘usrnedi
1492 2146 1656 2215 quta-stiones
1676 2147 1847 2211 mereetetine

258 2236 483 2308 ειιιοςιιιιιιι
499 2254 563 2295 sues
587 2239 696 2304 dicitur,
714 2240 765 2295 boc
783 2248 836 2306 est,
859 2240 886 2295 in
907 2240 1050 2298 dilectione
1101 2233 1159 2288 nee
1183 2249 1327 2303 pessumus
1347 2235 1457 2290 utere:
1475 2233 1505 2291 Si
1524 2251 1594 2306 utros
1613 2237 1746 2306 prescivit,
1764 2236 1848 2291 tuoe

259 2325 386 2384 babuisse
410 2327 516 2399 sibique
543 2328 672 2385 metasse.
696 2327 736 2384 lta
763 2343 829 2400 erge
848 2347 913 2400 quoe
936 2331 1050 2400 presciti
1100 2321 1319 2392 predestirrauit3
1334 2326 1849 2396 nouarrtemoumesprodestimrit3erqo

167 2397 178 2420 '
262 2419 342 2484 Deus,
357 2418 418 2474 illes
441 2419 687 2491 etvprederrtnoetr,
712 2429 737 2476 et
756 2436 820 2491 ques
843 2421 1049 2491 predestinaret,
1101 2429 1261 2472 ttunomncs
1277 2416 1396 2485 praesciit
1414 2434 1421 2471 ι
1439 2418 1628 2475 etseeundum
1640 2418 1847 2486 eosemntuiiqm

259 2510 318 2565 illos
332 2521 357 2566 et
377 2511 494 2577 receeit,
516 2521 540 2565 et
554 2527 620 2582 quos
634 2511 752 2578 ιοιιιιὶι,
768 2510 828 2565 illes
845 2521 869 2565 et
886 2510 1049 2580 justificavit.
1101 2504 1277 2574 quzeiqnoret
1289 2506 1370 2561 beus.
1383 2505 1411 2562 Si
1426 2522 1492 2562 uero
1505 2523 1673 2578 praenoscere
1681 2509 1802 2565 secundun
1812 2510 1849 2562 bec

260 2601 390 2674 Superest
407 2601 485 2658 nobis
500 2602 589 2658 udltue
606 2602 677 2657 illius
693 2601 850 2671 quaestionis
863 2601 971 2666 solutio,
982 2616 1048 2671 que·
1101 2593 1250 2664 uscipiatur
1261 2596 1424 2666 quodsupra
1436 2597 1567 2668 diximus,
1590 2601 1641 2656 boe
1655 2608 1704 2666 est,
1715 2599 1738 2656 iu
1754 2598 1848 2654 ιιιιιιιι

260 2694 340 2749 ruodo
362 2709 427 2765 quur
443 2693 553 2760 nocent,
573 2691 634 2747 illes
650 2700 675 2747 et
684 2691 854 2762 justificent,
874 2706 936 2746 cum
953 2706 1051 2747 secun«
1101 2683 1342 2756 recipereturque
1357 2687 1479 2753 sociale,
1498 2704 1595 2745 verbm
1609 2691 1660 2745 0151
1674 2690 1730 2761 quit
1743 2690 1798 2744 siml
1810 2703 1848 2744 ιιι

259 2785 322 2839 rium
335 2798 367 2838 ea
377 2798 437 2853 que
449 2797 531 2855 supra
552 2783 670 2840 diximus
689 2789 794 2837 constet
807 2779 906 2836 multos
922 2795 982 2836 esse
1004 2795 1052 2835 ιο-
1101 2791 1197 2834 entnes
1208 2778 1426 2850 praedestinavit,
1442 2781 1480 2836 ita
1495 2797 1586 2853 neque
1597 2797 1687 2839 omnes
1698 2782 1846 2854 pretepmrit.

259 2882 345 2940 cates,
360 2887 460 2943 paucos
477 2880 567 2928 autem
581 2871 691 2928 eleetos.
715 2871 770 2928 Sed
787 2871 894 2926 videtur
912 2870 978 2925 mibi
991 2884 1052 2927 esse
1103 2867 1149 2923 Sie
1167 2869 1240 2924 eubu
1255 2878 1283 2924 ιι
1293 2867 1372 2926 lesus
1385 2871 1484 2926 dieitur
1501 2888 1555 2928 nen
1568 2873 1717 2942 mgeerirse
1731 2879 1847 2942 peecatum

259 2966 381 3036 quedem
396 2964 546 3020 necationis
561 2963 724 3031 dillereotia,
739 2963 886 3020 seeundum
900 2961 965 3018 illud
978 2977 1017 3035 qe
1036 2960 1052 3015 d
1102 2956 1292 3028 liunquidnam
1304 2960 1426 3017 dicemus
1438 2963 1503 3032 quia
1517 2964 1643 3020 nescierit
1653 2962 1725 3019 lesus
1734 2962 1786 3034 quid
1795 2971 1848 3016 esset
1932 3031 1933 3036 η

259 3055 288 3110 ιι
301 3053 441 3125 superiore
459 3054 577 3126 capitulo
598 3053 783 3127 exposuimus,
800 3052 864 3125 quia
883 3067 978 3109 omnes
991 3051 1053 3123 qui·
1101 3052 1847 3128 merstemboeeeteuterreseteritbemtctdtunproauu

260 3145 321 3200 deut
336 3146 425 3202 neeati
438 3156 511 3209 sunt,
534 3162 587 3202 nen
605 3154 696 3201 ιιιιιιι
715 3160 810 3201 omnes
828 3143 972 3199 secundnm
988 3160 1050 3213 pre-
1064 3114 1087 3176 C
1102 3157 1174 3209 esse,
1190 3143 1233 3198 rei
1248 3144 1420 3211 adulterium,
1436 3146 1478 3202 rel
1495 3146 1609 3215 lurtum,
1622 3156 1650 3204 et
1668 3148 1706 3203 bis
1717 3142 1847 3203 similialln

258 3235 372 3304 peanum
384 3233 473 3290 roeati
491 3244 563 3290 sunt.
578 3233 645 3289 Num
667 3234 693 3289 bi
707 3234 753 3304 qui
768 3234 915 3291 seeundum
927 3233 1050 3303 proposi·
1103 3231 1156 3290 ltee
1171 3233 1294 3305 estquod
1305 3234 1406 3292 dieitur
1424 3237 1533 3292 nescire
1551 3246 1695 3309 peceatum,
1705 3238 1849 3308 quiapeecuu

261 3329 318 3377 tum
332 3323 450 3386 benum,
469 3331 498 3377 et
515 3324 614 3378 benum
628 3323 796 3378 seduntatem
815 3339 896 3394 quaer
913 3323 985 3378 circo
1003 3323 1050 3379 bei
1102 3336 1196 3379 tenen
1209 3324 1328 3389 miscuit,
1339 3340 1427 3398 neque
1451 3327 1567 3384 adlraesit
1589 3328 1614 3384 ei
1627 3326 1769 3399 peceauml
1782 3321 1846 3378 Suet

260 3411 362 3467 eultum
387 3419 494 3484 gemet,
514 3420 661 3476 vocantur,
684 3412 734 3483 ipsi
755 3420 818 3467 sunt
837 3412 882 3482 qui
906 3412 1050 3467 secundnm
1101 3412 1165 3470 alibi
1180 3416 1311 3485 seriputm
1324 3425 1366 3471 est
1383 3434 1390 3471 :
1406 3417 1459 3483 Qui
1472 3429 1560 3474 seruet
1575 3419 1728 3485 mundusne,
1739 3428 1846 3485 nonoque·

260 3505 421 3578 prepositum
439 3503 525 3559 roeati
543 3503 670 3559 dicuntur
683 3520 690 3558 :
702 3512 729 3558 ιι
754 3503 798 3557 isti
819 3511 883 3558 sunt
900 3504 945 3573 qui
961 3502 1050 3559 uocati
1101 3514 1154 3561 rect
1173 3506 1278 3560 mrtem
1292 3506 1407 3574 motum,
1422 3507 1475 3565 beo
1491 3518 1552 3576 est,
1573 3525 1627 3565 non
1648 3508 1747 3579 recipiet
1764 3505 1847 3560 verbm

256 3593 450 3666 juutucamor.
475 3592 550 3648 Bene
578 3592 650 3647 enim
678 3607 772 3648 eorum
797 3592 935 3664 preposito
957 3593 1052 3652 deerat
1101 3596 1214 3663 malum
1233 3613 1286 3653 non
1299 3599 1401 3664 credet,
1416 3614 1470 3655 nen
1488 3600 1605 3657 libenter
1617 3601 1709 3664 andiu,
1728 3611 1798 3665 neque
1813 3594 1847 3659 ul·

259 3682 317 3759 sela
331 3684 446 3740 necatio.
461 3681 494 3738 te
507 3698 572 3738 rem
583 3682 628 3752 qui
644 3698 699 3738 nen
713 3682 815 3739 babent
827 3685 928 3740 bonrum
950 3682 1049 3739 buum«
1100 3683 1192 3745 mittet
1212 3685 1316 3758 ingredi
1330 3697 1448 3744 mentem
1463 3705 1553 3746 suem.
1568 3692 1640 3760 Ques
1661 3706 1720 3761 erqo
1735 3687 1848 3743 secmdtu

258 3791 311 3848 que
324 3776 501 3847 propesitum,
518 3774 561 3829 rel
575 3789 638 3845 erga
660 3774 780 3830 ditinum
801 3774 967 3838 cultumtel
986 3790 1051 3846 erga
1101 3778 1174 3833 bnne
1186 3777 1275 3834 locum
1297 3781 1406 3850 praescit
1423 3782 1505 3849 bens,
1529 3784 1589 3841 ilios
1609 3793 1637 3840 et
1658 3781 1846 3855 prudentiorne

258 3882 326 3937 epus
338 3868 450 3930 benum,
465 3857 597 3920 roea'utur
609 3865 717 3935 quidem
731 3873 758 3921 et
777 3866 839 3936 ipsi,
861 3881 895 3920 ne
913 3866 953 3922 eis
966 3880 1051 3920 exau«
1100 3882 1170 3943 quos
1179 3870 1364 3939 praedestinat,
1375 3872 1436 3929 illes
1448 3881 1477 3928 ιι
1489 3883 1579 3941 voert,
1595 3890 1626 3931 ea
1638 3872 1770 3930 nomimis
1779 3866 1846 3923 distit-
1932 3872 1933 3877 ’

258 3958 327 4014 satie
342 3957 518 4027 relinquatur,
537 3964 565 4011 et
582 3956 641 4011 brec
664 3957 721 4028 ipsa
741 3958 845 4028 possint
863 3958 971 4013 causari
987 3971 1050 4012 cum
1101 3958 1191 4015 ctione
1201 3975 1254 4029 qua
1268 3960 1400 4019 diximus:
1417 3972 1442 4019 ιι
1457 3979 1526 4035 ques
1543 3973 1628 4032 reeat,
1642 3960 1844 4031 tttosotjusuteq

256 4045 423 4116 judicantur.
445 4044 514 4112 Quia
528 4053 556 4101 et
566 4061 616 4101 nes
630 4046 653 4103 si
674 4047 761 4102 receti
777 4047 931 4113 fuissemus,
944 4048 1050 4118 petuis·
1100 4058 1129 4107 et
1147 4065 1216 4120 ques
1230 4050 1373 4120 justilleat,
1401 4053 1462 4111 illes
1484 4065 1513 4111 et
1535 4057 1673 4129 glorificat.
1697 4054 1730 4111 be
1746 4048 1843 4123 gunter

258 4150 350 4191 semum
360 4136 453 4207 utique
462 4135 618 4205 justificari,
631 4145 657 4191 ιι
670 4153 724 4192 nen
738 4137 824 4194 selum
835 4138 989 4209 justillcurl,
1002 4139 1050 4194 sed
1102 4140 1174 4197 tiene
1189 4158 1332 4212 pessumus
1352 4154 1380 4200 et
1398 4146 1425 4202 in
1443 4149 1570 4217 praesceti
1583 4148 1676 4205 seculo
1692 4144 1812 4202 seuerum
1822 4137 1845 4192 il

259 4237 287 4284 et
297 4228 451 4300 glorificari.
465 4228 529 4284 ldee
541 4244 606 4300 ergo
619 4238 749 4285 necamur
760 4229 868 4300 quidem
882 4238 910 4285 et
924 4229 990 4301 ipsi;
1002 4230 1050 4289 seu
1100 4231 1145 4288 lud
1159 4233 1319 4306 intelligere,
1333 4237 1405 4306 quod
1416 4239 1482 4293 dicit
1493 4240 1652 4311 apesntus:
1667 4239 1843 4295 botetour

261 4322 377 4391 quasiin
396 4330 504 4390 petrosa
522 4321 670 4377 seminetur
684 4337 787 4388 semem
806 4321 862 4377 cite
875 4323 983 4392 quidem
1002 4338 1050 4377 ex·
1100 4336 1145 4375 net
1161 4322 1354 4392 rceemtoperie
1368 4324 1480 4396 plenium
1492 4327 1600 4385 bonini
1615 4320 1842 4400 speculantermrden
1932 4388 1933 4411 χ

260 4412 362 4477 ortum
381 4412 549 4468 increscente
576 4420 666 4468 autem
680 4413 881 4469 tribulationum
904 4413 970 4479 sole,
984 4414 1047 4483 quie
1100 4409 1215 4481 inopine
1226 4414 1448 4484 tronsfenumeor
1463 4436 1481 4472 e
1494 4419 1579 4489 pierio
1591 4421 1617 4474 iu
1626 4419 1739 4490 pluriam.
1750 4424 1841 4482 illim

258 4518 313 4558 nen
329 4501 430 4557 babent
442 4502 523 4557 altam
539 4503 657 4559 radicem
679 4504 741 4559 beni
759 4505 903 4576 pmpositi,
919 4506 1047 4562 continuo
1100 4498 1234 4559 nitemini
1248 4504 1423 4575 miritaebist
1435 4523 1500 4580 erge
1515 4519 1541 4564 et
1552 4512 1608 4567 bec
1622 4509 1699 4580 gioria
1710 4498 1841 4577 quaeritate

257 4601 386 4648 arescunt
407 4602 435 4648 et
457 4601 581 4665 pereunt.
604 4594 637 4649 Et
656 4595 707 4666 ipsi
737 4604 800 4650 sunt
817 4596 961 4667 dequibus
980 4599 1049 4654 dieit
1101 4590 1172 4648 dean
1184 4593 1285 4665 quique
1306 4595 1333 4650 in
1350 4600 1478 4667 presenti
1491 4601 1547 4655 vira
1563 4601 1715 4672 percipiunt;
1732 4604 1768 4652 est
1779 4588 1841 4648 etb

257 4680 420 4753 Apostolus:
436 4680 488 4747 pot
508 4682 730 4755 noufroqneerunt
754 4703 771 4739 o
796 4685 849 4754 fide
872 4685 898 4757 (l
922 4686 989 4743 Tim.
1014 4688 1046 4757 r).
1100 4696 1159 4751 quae
1173 4692 1298 4755 speratur
1315 4685 1343 4741 in
1357 4685 1459 4753 lutere,
1475 4705 1536 4746 eum
1552 4705 1646 4760 eorpus
1662 4690 1709 4743 bec
1720 4678 1842 4740 luni'ittlit

259 4771 331 4839 Ques
343 4787 407 4842 erqo
417 4770 533 4835 vocavit,
545 4771 571 4825 id
582 4780 633 4837 est,
645 4787 713 4842 ques
722 4775 869 4860 secundum
878 4777 1046 4847 propesitum
1099 4780 1199 4828 nostre
1214 4775 1286 4844 quod
1301 4777 1447 4833 sentinetur
1461 4779 1489 4834 in
1503 4780 1669 4853 contumelio,
1683 4786 1757 4846 carpet
1768 4768 1839 4839 iupit-

257 4862 320 4919 leoni
342 4865 462 4929 necavit,
484 4863 543 4920 illes
565 4873 593 4921 et
601 4864 769 4935 justificavit.
782 4867 860 4935 Quod
873 4879 900 4923 et
912 4868 935 4924 si
948 4884 1046 4925 seeun·
1097 4866 1139 4921 rio
1152 4880 1162 4919 :
1172 4876 1201 4924 et
1211 4883 1273 4924 euru
1287 4871 1354 4925 sicut
1368 4869 1423 4925 olio
1437 4871 1523 4943 pierio
1532 4874 1604 4941 sotir,
1615 4872 1665 4927 otio
1673 4864 1839 4941 planetarum

257 4952 320 5009 dum
333 4953 498 5024 prepositum
512 4953 544 5010 ad
556 4954 640 5013 Deum
660 4953 804 5021 relerstru,
819 4956 872 5013 boe
887 4965 939 5023 est,
953 4968 984 5013 ut
1001 4975 1047 5017 se-
1095 4954 1151 5011 nlie
1163 4955 1248 5028 plotio
1263 4956 1413 5023 stellarum,
1428 4971 1453 5015 et
1463 4962 1539 5017 stello
1551 4963 1583 5017 ut
1596 4960 1667 5018 stella
1678 4958 1754 5031 dipert
1769 4952 1790 5009 ia
1799 4946 1839 5023 ge·

256 5043 373 5099 cundum
384 5045 550 5117 pmpositum
565 5044 625 5112 bei,
644 5045 689 5115 qni
700 5045 791 5101 sciens
804 5045 830 5102 in
840 5047 881 5103 eis
891 5047 1045 5120 religiosam
1098 5045 1148 5110 ι’ἱι,
1162 5045 1199 5100 ite
1211 5047 1259 5100 erit
1269 5057 1293 5102 et
1306 5050 1463 5105 resurrectio
1475 5063 1646 5107 mertuorum.

257 5142 387 5200 mentem,
405 5144 433 5191 et
442 5136 536 5193 salutis
552 5136 640 5195 inesse
653 5138 827 5205 desiderium,
840 5141 928 5199 secati
948 5142 1045 5198 dietm-
1132 5134 1202 5201 put
1215 5153 1276 5208 ‘²9⁰
1288 5137 1405 5195 didm*
1419 5141 1454 5195 “d
1466 5142 1543 5199 luet?
1552 5142 1583 5198 δι’
1593 5142 1659 5196 ΒΜ
1667 5153 1709 5210 ι’·
1719 5124 1839 5197 ’'wilm'‘

257 5231 310 5289 tur,
326 5239 379 5281 uon
394 5225 529 5282 ridebitur
545 5226 589 5283 bis
606 5242 668 5297 que
691 5230 866 5299 exposuimus
887 5232 970 5289 etiarn
994 5234 1046 5290 ιω
1096 5237 1187 5282 contre
1194 5245 1240 5283 nor
1247 5229 1404 5296 leoteriam
1412 5231 1437 5285 F
1437 5213 1837 5307 iliornepropn'orerurrepettt‘bi‘d

255 5325 315 5368 esse
341 5315 517 5371 contrarium
543 5315 601 5373 lieo
622 5332 687 5389 erqo
709 5328 789 5388 pacto
816 5335 903 5391 neque
923 5321 951 5377 iu
975 5337 1046 5393 pra·
1097 5335 1145 5390 pre
1154 5320 1227 5379 nodis
1239 5324 1359 5381 erunibus
1375 5326 1486 5382 tradidit
1495 5327 1586 5394 ilion,
1601 5323 1718 5400 quomedo
1727 5334 1769 5374 non
1778 5311 1835 5367 etita

257 5402 367 5458 sereneo
381 5404 428 5460 ee
447 5405 489 5462 ιιι
507 5407 602 5463 satore
615 5409 657 5464 ιι
672 5410 831 5479 miurinus
850 5422 1044 5471 nurerum
1097 5411 1318 5470 eurinome
1331 5416 1644 5493 mitterenturque.)
1661 5396 1837 5479 mernerunt

255 5492 392 5559 eorrsistit·,
406 5511 493 5568 ecque
504 5494 661 5565 justificatio
673 5516 706 5555 ex
718 5501 773 5556 sela
791 5503 932 5559 ruentique
945 5505 1045 5573 pende·
1097 5514 1147 5569 pre
1159 5502 1237 5557 uobis
1250 5504 1287 5559 sit
1300 5505 1472 5561 mauilesbrm
1484 5518 1527 5563 est
1538 5524 1571 5564 ex
1582 5509 1685 5576 bisque
1696 5510 1762 5568 snpra
1772 5499 1833 5556 llll*

256 5577 314 5645 1¹5²,
334 5596 421 5650 neque
444 5585 589 5654 glorificari
611 5589 644 5643 ιιι
670 5601 761 5647 nestra
783 5592 890 5662 penitus
910 5601 1044 5663 potestate
1097 5598 1161 5659 solt,
1184 5595 1211 5649 td
1229 5604 1280 5659 est
1300 5597 1372 5666 qued
1388 5598 1505 5667 Spiritus
1523 5601 1567 5656 bei
1584 5592 1714 5654 babitatiu
1731 5579 1834 5643 nebien
1932 5600 1933 5643 ι

255 5668 391 5735 sublatum
402 5679 452 5729 est.
467 5675 534 5732 Nam
547 5679 608 5735 etsi
621 5683 754 5739 cornmuni
777 5683 913 5743 intellectu
928 5686 961 5742 dc
972 5703 1042 5759 pne·
1096 5687 1167 5758 truce
1187 5686 1303 5758 Spiritus
1320 5689 1431 5757 Cbristi,
1445 5692 1487 5747 rel
1502 5692 1620 5751 cbristus
1632 5692 1656 5745 in
1670 5681 1737 5740 nobb
1746 5682 1793 5731 eut
1802 5663 1832 5717 ιιι
