4042 6200
149 276 207 338 tto
533 273 717 335 expositio
736 275 769 331 ΙΝ
788 273 986 331 Pnot'Etttltt
1008 276 1215 337 salomonis.
1235 312 1269 323 -
1289 282 1352 337 tto.
1372 283 1403 338 ll.
1740 290 1792 351 750

149 393 248 451 confisi
262 394 386 450 veritatis
405 395 508 466 ignari,
527 404 608 466 atque
622 394 649 448 in
664 392 716 449 lide
729 390 881 448 coelestium
900 389 948 444 do
962 397 985 453 Α
1000 405 1082 460 quam
1100 407 1245 463 parumper
1258 404 1446 467 conceperant.
1471 396 1632 457 innocentes
1645 415 1709 458 rere
1722 403 1795 476 Apo-

149 486 208 541 cuit
225 485 379 542 habendam
396 502 457 543 esse
471 485 612 552 fiduciam,
629 496 838 556 queenunquam
857 489 950 553 posset
1000 481 1063 537 stoli
1082 485 1298 553 pertransierunt
1320 487 1418 544 itincre
1438 497 1513 545 recto
1535 488 1713 561 professionis
1737 511 1793 568 quo

151 578 267 633 destrui.
293 578 348 636 Sed
367 588 395 635 et
410 579 530 650 quotidie
544 578 681 634 civitatem
697 575 808 632 fortium
826 572 949 630 ascendit
999 583 1149 646 coeperant,
1171 588 1199 632 et
1210 576 1302 634 alllicti
1314 589 1378 634 sunt
1392 579 1516 648 uerbere,
1531 581 1656 650 vinculis,
1669 599 1791 656 carcere,

149 670 262 741 sapiens
275 677 305 725 ct
320 668 438 726 destruit
461 669 544 725 robur
559 667 665 724 fiduciae
679 666 755 738 cjus,
774 681 835 722 curn
851 664 949 736 aliquis
999 672 1028 720 ct
1051 665 1109 736 ipsa
1133 667 1216 723 ctiam
1247 678 1335 725 niorte
1359 670 1502 738 mulctati,
1528 679 1675 743 utrumque
1700 683 1793 733 autem

150 759 239 818 idelis
252 762 359 827 doctor,
375 769 533 833 argumenta
544 759 776 832 pbilosophorum,
789 756 832 813 uel
842 754 950 812 haereti·
998 756 1163 827 exemplum,
1184 757 1260 813 multi
1276 775 1363 831 usquc
1382 770 1495 816 nuncet
1508 760 1537 816 in
1552 763 1702 819 certamine
1718 763 1791 832 ildei,

149 866 256 919 eorum,
282 852 326 908 rel
352 854 435 908 ctiam
457 859 633 908 contumaces
656 850 805 907 carnalium
834 847 948 903 fratrum
999 854 1028 902 et
1048 847 1076 903 in
1088 849 1277 907 communibus
1297 859 1447 922 sequnntur
1459 853 1574 909 actibus.
1591 853 1669 911 Ilunc
1682 871 1793 913 versum

150 943 401 1008 contradictiones,
414 931 513 1014 quibus
526 957 574 998 sua
589 941 693 999 scelera
706 939 852 997 defendere
869 949 896 995 et
908 938 948 994 al·
999 939 1102 1010 antiqui
1115 940 1277 1013 interpretes
1289 942 1471 1011 manifestius,
1485 945 1575 1001 sedin
1588 945 1670 1003 abum
1681 962 1792 1007 sensum

148 1031 253 1091 leviare
279 1037 420 1099 nituntur,
441 1032 592 1089 assertione
613 1031 677 1088 fidei
703 1027 730 1087 et
757 1031 947 1088 ecclesiasticae
999 1031 1205 1088 transtulerunt.
1220 1032 1334 1090 Astutus
1353 1035 1447 1091 videns
1460 1049 1577 1105 nequam
1592 1036 1694 1108 puniri,
1712 1036 1793 1093 raldo

150 1123 339 1197 castigationis
358 1122 501 1194 disciplina
525 1124 674 1196 redarguit,
693 1130 775 1193 atque
792 1123 947 1180 eviscerans
998 1120 1056 1190 ipse
1076 1123 1245 1195 disciplinam
1266 1123 1375 1197 accipit.
1394 1124 1555 1196 iusipientes
1573 1135 1663 1185 nomm
1679 1136 1792 1201 praeter·
1832 1195 1838 1206 ⁸

149 1216 271 1272 annulat.
997 1217 1308 1275 contestamnoatlictt
1322 1227 1397 1276 suut.

183 1309 270 1366 Testis
285 1309 399 1365 madae
411 1309 527 1381 peribit:
546 1310 586 1364 nir
601 1308 722 1365 obediens
732 1307 850 1379 loquitur
862 1307 945 1362 victo·
1032 1304 1058 1360 F
1059 1308 1110 1363 inir
1125 1309 1260 1365 modestior
1278 1309 1357 1365 timor
1370 1309 1496 1379 Domini,
1514 1310 1613 1368 dicitioe
1627 1321 1652 1367 et
1668 1311 1754 1385 picria
1765 1323 1791 1371 et

145 1401 226 1456 riarm
249 1399 300 1469 Qui
321 1417 351 1457 se
366 1402 422 1457 Dec
442 1402 546 1458 servire
565 1410 693 1467 testatur,
714 1415 765 1456 nec
779 1398 859 1456 tactis
873 1399 945 1456 dicta
995 1398 1060 1453 cite.
1075 1397 1232 1454 blodestiam
1247 1398 1312 1454 dicit
1322 1400 1504 1456 constantiam
1519 1415 1632 1472 operum
1645 1403 1788 1472 bonorum,

145 1493 316 1563 exsequitur,
328 1492 440 1563 peribit;
456 1492 503 1562 qui
520 1501 611 1547 autem
632 1490 747 1547 lideliter
756 1499 787 1545 ut
799 1489 944 1560 promittit,
998 1490 1123 1546 timorem
1139 1505 1205 1547 uero
1215 1490 1323 1547 Domini
1338 1491 1424 1559 illum,
1440 1492 1486 1564 qui
1504 1502 1647 1564 permanet
1662 1495 1690 1550 in
1705 1510 1791 1553 saeem

144 1581 229 1654 iussis
250 1584 377 1639 subditur
391 1583 500 1648 divinis,
525 1581 605 1652 liujus
621 1582 733 1654 loquela
752 1579 945 1637 adulatoriam
995 1575 1052 1632 lum
1067 1576 1173 1656 seculi.
1189 1576 1259 1648 Quia
1281 1579 1410 1635 nimirum
1431 1581 1562 1652 perfectio
1584 1582 1717 1639 virtutum
1737 1593 1788 1651 est,

146 1676 291 1749 pervenit:
308 1676 371 1747 quia
384 1675 448 1731 dum
461 1690 509 1747 per
525 1675 734 1731 inobedientiam
748 1689 795 1729 sua
810 1671 942 1729 desideria
996 1666 1030 1722 td
1059 1667 1132 1723 hunc
1153 1668 1237 1725 animi
1259 1677 1360 1726 statum
1383 1673 1577 1743 conscendere,
1600 1689 1654 1746 qna
1673 1676 1789 1747 gratiam

146 1769 258 1824 vincere
270 1767 382 1839 satagit,
399 1781 448 1838 per
457 1766 591 1839 justitiam
605 1762 706 1834 judicis
719 1763 890 1835 postmodum
901 1761 943 1816 ri·
956 1742 981 1803 Β
994 1761 1145 1819 conditoris
1168 1762 1213 1821 rel
1235 1764 1263 1820 in
1286 1764 1393 1821 modico
1414 1767 1560 1824 timeamus
1579 1767 1731 1838 offendere,
1751 1769 1790 1828 nil

145 1860 241 1916 ctoriae
250 1858 367 1931 palmam
380 1859 505 1930 percipit.
992 1870 1106 1925 prorsus
1120 1856 1178 1925 eius
1195 1858 1333 1913 memoriae
1346 1870 1551 1930 praeponentes,
1566 1875 1626 1932 quae
1639 1861 1704 1918 alibi
1721 1862 1787 1918 clia-

184 1948 235 2005 l'ir
256 1951 352 2021 impius
373 1950 519 2022 procacior
530 1949 652 2020 obfirmet
665 1946 765 2002 calcum
781 1964 878 2012 auum·
896 1946 941 2017 qui
992 1948 1060 2002 ritas
1074 1955 1188 2003 vocatur
1198 1946 1335 2020 perlecta,
1351 1944 1425 2005 lo'ras
1438 1951 1551 2008 mittens
1566 1952 1711 2020 timorem,
1730 1967 1788 2009 ser·

145 2053 236 2099 artent
248 2052 334 2097 rectas
348 2051 396 2109 cet,
411 2042 519 2113 corripit
532 2042 602 2096 aium
618 2057 705 2096 suum.
719 2039 803 2096 iudas
813 2040 879 2110 quia
891 2039 942 2095 im·

143 2133 206 2205 pius
229 2132 312 2188 corde
332 2140 411 2200 erat,
430 2131 555 2202 quamvis
576 2132 634 2202 ipso
656 2130 771 2187 Domino
792 2145 823 2186 se
845 2129 940 2186 redur-

142 2233 266 2294 guente,
285 2224 372 2280 noluit
394 2223 464 2280 mola
483 2232 572 2294 coepta
589 2223 771 2293 restringere3
791 2235 872 2291 porro
889 2221 941 2278 Pe·

143 2323 203 2370 tros
218 2315 284 2385 quia
298 2326 390 2371 rectus
401 2321 462 2370 erat
473 2314 566 2379 corde,
580 2312 671 2378 idest,
686 2311 856 2368 rectitudinis
867 2326 941 2368 ama·

142 2417 198 2476 tor,
214 2409 379 2480 respiciente
391 2424 421 2464 se
434 2407 549 2464 Domino
561 2421 625 2462 mox
637 2404 795 2476 poenitcndo
809 2404 937 2470 correxit,

141 2502 216 2573 quod
230 2499 356 2569 rimando
374 2499 496 2570 deliquit.
527 2496 590 2553 Noa
612 2505 650 2554 eat
671 2496 813 2567 sapientie,
835 2510 887 2549 aon
900 2503 939 2548 ert

142 2588 292 2657 pudentia,
308 2605 360 2644 rtoa
374 2600 411 2644 eat
426 2586 565 2643 consilium
579 2594 673 2641 contro
685 2583 839 2639 Dominum.
860 2581 938 2651 Quae·

141 2693 261 2750 eumque
271 2678 450 2735 consiliantur
462 2687 491 2735 et
502 2677 610 2750 rapiunt
624 2674 762 2743 baeretici,
776 2674 843 2730 uilril
855 2682 898 2731 cst
910 2683 939 2730 ct

140 2784 241 2826 vanum
256 2779 286 2825 et
297 2768 401 2825 inutile.

177 2856 272 2930 Equus
286 2866 399 2929 paratur
411 2857 447 2911 nd
459 2858 527 2913 diem
540 2855 611 2925 octtt,
623 2855 754 2912 Dominus
768 2865 855 2913 cutem
866 2856 939 2913 scic·

992 2035 1074 2091 rilem
1086 2035 1229 2102 videlicet,
1245 2046 1273 2093 ct
1285 2039 1475 2110 insipientem,
1493 2057 1548 2113 quo
1561 2041 1659 2098 metult
1672 2041 1788 2115 quisquc

992 2143 1027 2185 ne
1052 2128 1123 2187 iorte
1145 2134 1282 2204 peccando
1308 2134 1397 2205 pteris
1421 2143 1559 2191 mereatur
1583 2135 1681 2207 subigi.
1708 2134 1788 2204 Quod

992 2226 1083 2276 autem
1099 2220 1245 2293 subjungit,
1268 2223 1369 2280 divitiae
1382 2233 1410 2280 et
1430 2223 1637 2297 gloriantem,
1653 2222 1788 2283 inlutum

991 2308 1137 2379 significat,
1152 2310 1215 2367 imis
1229 2327 1294 2384 ergo
1316 2313 1455 2370 modestiae
1471 2314 1553 2370 timor
1570 2314 1693 2382 Domini,
1714 2314 1786 2372 diri·

991 2401 1037 2457 tiae
1056 2408 1084 2458 ct
1102 2401 1188 2475 gloria
1206 2404 1313 2460 etaim.
1329 2405 1398 2475 Quia
1412 2406 1539 2462 nimirum
1556 2405 1786 2478 perlectiouirtu·

992 2500 1050 2547 tum
1062 2502 1104 2549 est
1116 2494 1145 2549 in
1164 2494 1216 2553 bac
1237 2496 1301 2563 rita,
1318 2506 1348 2552 ut
1362 2498 1507 2554 timeamus
1525 2497 1670 2554 Dominum
1688 2499 1785 2560 timore

990 2594 1095 2652 sancto,
1105 2587 1158 2643 boc
1167 2595 1210 2643 est
1222 2588 1328 2644 sincera
1339 2588 1414 2644 illum
1425 2588 1567 2647 dilectione
1579 2590 1712 2658 colamus,
1724 2591 1786 2649 linis

990 2678 1121 2735 virtutum
1132 2680 1159 2736 in
1171 2679 1273 2748 futuro,
1292 2689 1324 2737 ut
1334 2682 1442 2738 divitias
1451 2682 1619 2740 hereditatis
1631 2684 1783 2755 promisse,

989 2769 1066 2839 regni
1080 2769 1199 2827 coelestis
1209 2771 1332 2842 gloriam,
1340 2780 1368 2830 ει
1376 2773 1459 2829 ritaru
1470 2773 1530 2831 sine
1541 2772 1594 2831 ssne
1602 2775 1785 2847 percipiamus

988 2859 1136 2917 abomino.
1149 2860 1225 2918 Unde
1233 2861 1331 2920 Petrus
1340 2863 1387 2920 eit.
1399 2863 1555 2933 Quem'cuur
1564 2865 1687 2922 videritis
1696 2864 1786 2923 exsul·

141 2958 193 3005 tetra
208 2947 312 3003 tribuit.
325 2948 448 3004 llominis
458 2948 566 3020 quidem
579 2955 621 3002 est
632 2947 688 3002 Deo
700 2945 801 3014 devoti,
815 2955 937 3019 tempore
989 2952 1082 3009 tabitis
1093 2952 1187 3010 lmtitia
1200 2954 1374 3012 inenarrabili
1393 2965 1422 3013 et
1434 2954 1594 3030 gloriilcata,
1612 2964 1785 3029 reportantes

140 3041 340 3116 persecutionis
365 3041 486 3097 animum
511 3054 689 3113 praeparare,
715 3054 815 3111 corpus
838 3038 936 3096 olierre
989 3042 1072 3102 inem
1085 3044 1147 3102 idei
1160 3054 1258 3103 restrae
1272 3047 1388 3104 salutcm
1400 3047 1553 3105 animamm
1566 3055 1728 3106 vestrarum.

140 3131 303 3188 discrimini.
328 3129 382 3187 Sed
393 3130 476 3187 dirini
490 3138 533 3186 est
545 3128 692 3200 adjutorii,
707 3136 738 3185 ut
748 3137 837 3200 ctepto
849 3105 974 3186 laboric
1026 3134 1108 3192 Arma
1127 3147 1151 3194 ct
1171 3137 1255 3210 gladii
1270 3138 1297 3194 in
1315 3139 1357 3195 niu
1370 3139 1486 3211 peruersi
1504 3149 1590 3195 custos
1603 3139 1699 3195 anime
1714 3155 1781 3207 ettte,

139 3226 236 3298 monis
246 3225 363 3282 ricmria
374 3225 502 3297 salusque
517 3223 653 3280 succedat.
988 3225 1067 3300 longe
1085 3228 1181 3285 recedit
1199 3229 1232 3284 ui
1248 3230 1295 3285 eie.
1320 3228 1469 3301 Dupliciter
1482 3229 1703 3302 intelligendum,
1717 3230 1784 3302 quia

175 3315 276 3371 ileliae
298 3325 336 3371 est
362 3332 456 3371 nomen
481 3315 577 3369 ionem
605 3330 687 3386 quum
712 3313 812 3369 divitie
834 3313 935 3370 multe.
988 3320 1110 3390 perversi
1123 3328 1151 3375 ct
1164 3320 1263 3376 armati
1277 3329 1461 3391 suntscmpcr
1474 3320 1509 3375 ad
1522 3319 1672 3376 nocendum
1686 3319 1782 3391 proxi·

138 3407 243 3465 Nomen
262 3410 364 3466 bouum
375 3409 452 3476 dicit,
469 3423 523 3464 non
542 3406 615 3478 quod
628 3422 643 3462 a
658 3405 744 3461 turbis
758 3405 831 3475 tulgi
851 3406 937 3478 inape·
988 3409 1053 3477 ruis,
1066 3410 1152 3467 rerbo
1166 3410 1209 3468 rel
1228 3424 1311 3481 opere
1324 3410 1450 3476 scelesto,
1465 3418 1493 3466 ει
1515 3409 1589 3485 ipsos
1610 3423 1719 3480 semper
1733 3424 1781 3482 pa-

138 3500 195 3561 riti.
210 3499 259 3557 sed
272 3501 345 3573 quod
367 3499 485 3556 noctium
502 3496 627 3571 quamuis
639 3512 787 3568 paucorum
809 3497 934 3554 testimo·
987 3508 1047 3556 rata
1069 3508 1210 3573 exspectat
1230 3502 1297 3557 ultio
1312 3500 1396 3558 diuini
1421 3499 1566 3556 examinis.
1577 3497 1629 3568 Qui
1646 3511 1710 3555 reru
1723 3498 1782 3557 ani-

138 3596 185 3648 nlo
196 3592 333 3648 laudetur.
350 3590 444 3668 licque
455 3591 528 3647 enirn
547 3589 648 3644 bonum
664 3587 765 3643 babere
777 3603 876 3645 nomen
892 3603 936 3644 re-
986 3606 1060 3646 mam
1072 3607 1149 3647 suam
1164 3592 1191 3647 in
1206 3599 1337 3648 aeterrmm
1352 3589 1451 3646 salvari
1468 3597 1607 3660 procurat,
1620 3587 1700 3657 longe
1710 3585 1781 3643 reiu-

138 3682 220 3755 lugit,
235 3684 284 3739 sed
299 3682 407 3738 abonis
420 3681 507 3738 solum
522 3679 663 3752 quaerebat
673 3676 798 3745 laudari,
816 3679 862 3750 qui
874 3679 933 3734 alta
987 3684 1026 3753 git
1039 3683 1075 3739 ab
1087 3682 1244 3753 hujusmodi
1256 3684 1341 3745 armis
1354 3693 1382 3739 et
1399 3682 1514 3754 gladiis,
1530 3681 1595 3752 quia
1611 3690 1640 3738 et
1660 3689 1780 3739 mentem

137 3767 168 3829 Si
193 3770 284 3827 adice
308 3771 457 3828 inminibus
477 3769 618 3843 placerem,
642 3764 742 3823 Girioti
768 3784 858 3824 seruam
881 3785 934 3825 non
986 3790 1152 3846 manumque
1174 3790 1265 3842 suam,
1283 3790 1299 3829 a
1317 3774 1502 3845 proximorum
1516 3773 1626 3828 laesione
1647 3771 1779 3839 refrenat,

137 3879 234 3918 esrem
260 3861 364 3918 Nomen
391 3877 457 3934 crgo
479 3863 579 3918 bonnm
603 3867 645 3915 est
667 3874 766 3915 nomen
794 3861 935 3931 religionis
985 3872 1014 3921 et
1031 3880 1065 3922 ne
1083 3865 1316 3923 animadversione
1330 3862 1445 3919 districti
1457 3861 1558 3935 judicis
1572 3861 1631 3931 ipse
1651 3859 1777 3928 leniatur,

137 3954 213 4025 quod
227 3953 332 4009 diuitiis
345 3952 526 4010 mundialibus
538 3955 602 4026 jure
619 3953 771 4026 prefertur.
786 3950 854 4008 Nam
868 3959 897 4007 et
910 3952 934 4006 si
984 3956 1088 4012 intenta
1103 3963 1192 4012 mente
1204 3963 1348 4027 praecavet.

137 4046 271 4102 mundum
293 4046 354 4116 quis
376 4046 529 4102 lucraretur
547 4048 716 4113 universum,
742 4045 840 4101 merito
862 4046 934 4101 bunc
1020 4047 1191 4104 Proceriium
1204 4058 1240 4103 est
1254 4063 1263 4102 ε
1277 4046 1432 4103 Adolescens
1439 4046 1520 4118 jactu
1530 4044 1614 4111 aiore
1626 4045 1706 4100 etium
1717 4060 1777 4101 eam

135 4147 337 4204 contemneret,
359 4148 464 4194 tantum
483 4145 513 4193 ut
533 4137 706 4208 nomenoius
723 4137 888 4194 scriberetur
906 4136 933 4192 iu
983 4142 1176 4207 neotericam
1192 4140 1287 4196 recedit
1306 4139 1339 4195 oi
1352 4157 1394 4195 eo.
1407 4139 1521 4195 Constat
1539 4138 1682 4209 plerosque
1695 4152 1777 4196 sene-

136 4231 221 4298 coelo,
235 4230 349 4302 ejusque
366 4232 497 4288 memoria
509 4241 536 4288 et
548 4232 620 4288 inter
632 4231 743 4302 angelos
754 4240 783 4287 et
796 4230 868 4287 inter
884 4231 934 4287 bu-
983 4237 1058 4286 ctute
1080 4230 1195 4287 Domino
1208 4230 1325 4286 donante
1338 4228 1439 4285 mutari
1458 4243 1475 4282 a
1498 4228 1583 4295 uitiis,
1597 4242 1657 4299 quae
1670 4226 1777 4284 adoles·

135 4326 228 4383 mines
238 4333 348 4380 sanctos
364 4325 493 4394 figeretur
504 4332 615 4381 eterna.
983 4328 1077 4377 centes
1090 4320 1251 4387 habuerant,
1265 4328 1294 4376 et
1304 4333 1321 4375 e
1331 4327 1427 4377 contra
1444 4318 1588 4377 nonnullos
1599 4319 1645 4377 illo
1657 4333 1687 4377 so
1698 4319 1778 4378 dese·

170 4416 406 4488 Saperurqentem
418 4429 441 4474 ct
453 4434 550 4473 uorum
566 4419 741 4490 protiaionc.
755 4416 830 4473 illam
848 4416 931 4489 signi·
983 4422 1081 4477 rente,
1107 4412 1234 4469 deserere
1254 4411 1326 4470 eirca
1353 4412 1459 4468 senium
1485 4412 1601 4468 virtutes
1625 4411 1724 4484 quibua
1746 4412 1778 4471 ln

134 4511 202 4567 licat
222 4510 354 4580 gratiam,
374 4526 438 4567 cum
450 4510 572 4581 quispro
590 4511 662 4566 bono
678 4524 760 4581 opere
776 4509 931 4567 laudatura
984 4503 1164 4561 adolescentia
1185 4503 1347 4560 ridebantur
1370 4501 1509 4571 illustrari,
1532 4500 1581 4561 sed
1602 4503 1666 4575 qula
1689 4507 1776 4561 mutto

133 4601 227 4659 bonis.
242 4600 328 4658 lmmo
340 4617 390 4673 pro
402 4601 508 4658 collatis
524 4602 549 4659 ci
561 4602 639 4658 donis
652 4603 828 4670 meritorum,
848 4603 931 4675 glori·
984 4594 1083 4666 saetlids
1095 4593 1209 4665 quisque
1225 4608 1317 4651 mores
1329 4593 1428 4665 1111111111
1441 4593 1477 4650 ab
1493 4593 1673 4651 aioloeoenlia
1687 4592 1779 4652 imbri⁴

133 4690 237 4748 ficator
245 4688 326 4746 Pater
336 4693 383 4762 qui
397 4693 424 4748 in
437 4693 513 4748 coelis
523 4702 575 4748 est.
984 4694 1029 4742 tus
1040 4694 1094 4753 est,
1108 4685 1137 4742 in
1149 4686 1282 4757 reliquum
1296 4686 1360 4745 vitae
1377 4694 1483 4759 tempus
1499 4687 1611 4759 exsequi
1622 4688 1773 4756 consuerit,

169 4780 288 4836 Diceret
301 4798 401 4853 pauper
410 4781 575 4839 uiduarum
586 4781 647 4848 eiii,
659 4786 795 4855 urnasque
809 4794 931 4855 operator
984 4778 1156 4850 proverbium
1170 4792 1231 4835 esse
1247 4777 1323 4845 dicit,
1333 4778 1397 4848 quia
1409 4778 1481 4850 qood
1492 4778 1651 4837 adolescens
1660 4780 1776 4852 quisque

131 4878 172 4926 eet
185 4867 327 4923 Dominus.
338 4867 431 4941 ideque
439 4869 549 4926 divitem
560 4880 672 4955 propter
681 4871 790 4926 divitias
800 4872 929 4938 bonores,
984 4868 1107 4940 ceperit,
1122 4869 1150 4923 in
1164 4877 1273 4926 senecta
1290 4884 1345 4926 nou
1367 4868 1524 4934 mutaverit,
1540 4883 1595 4925 non
1611 4877 1703 4925 tamen
1716 4869 1775 4939 ipse

131 4974 225 5031 neque
243 4959 334 5029 inopia
350 4975 495 5031 pauperem
511 4961 660 5032 despicias,
682 4962 730 5017 sed
742 4962 795 5018 boc
810 4963 837 5019 in
853 4974 930 5019 utro·
983 4975 1090 5032 semper
1103 4961 1143 5017 ita
1155 4962 1265 5019 evenire
1277 4959 1422 5019 contirmat
1436 4978 1444 5017 :
1459 4960 1562 5017 idcirco
1574 4970 1666 5017 autem
1680 4959 1775 5031 buius·

132 5069 190 5129 que
202 5053 300 5109 merito
313 5067 453 5120 tenerare,
469 5054 534 5125 quia
548 5070 616 5126 opus
634 5062 697 5111 suut
718 5055 851 5123 diuinum,
865 5056 929 5128 quia
983 5052 1056 5107 modi
1074 5049 1246 5122 proverbium
1265 5051 1356 5132 ponit,
1381 5058 1410 5105 ut
1424 5050 1561 5107 auditmes
1575 5065 1669 5107 suosa
1687 5050 1775 5122 prima

133 5148 170 5205 td
186 5146 335 5217 imaginem
354 5146 401 5201 Dei
414 5155 443 5202 et
454 5146 657 5203 similitudinem
669 5144 744 5203 iacti.
982 5149 1062 5196 aetate
1073 5141 1219 5197 virtutibus
1228 5141 1337 5197 studere
1345 5140 1518 5212 persuadeat,
1531 5154 1566 5196 nc
1576 5139 1646 5196 lorte
1656 5139 1684 5196 in
1696 5154 1775 5198 seue-

168 5235 292 5293 Ccliidua
315 5236 385 5292 uidet
410 5236 509 5292 malem
535 5247 559 5293 et
585 5237 722 5293 abscondit
744 5255 783 5306 se,
804 5238 928 5295 innocens
982 5238 1057 5288 111111
1079 5232 1376 5302 1111111111111111111113111
1390 5230 1494 5297 8111111,
1512 5230 1612 5302 ‘llll’ul
1633 5230 1662 5287 111
1681 5239 1772 5289 W

131 5331 287 5401 pertransiit
298 5340 322 5384 et
335 5331 445 5403 afflictata
456 5342 494 5387 est
508 5332 614 5387 damno.
626 5329 703 5388 llulti
716 5348 750 5388 ex
762 5333 929 5405 principibus
982 5333 1064 5382 aeltle
1076 5324 1225 5396 mancipari
1238 5325 1418 5396 despexerant
1433 5342 1441 5380 τ
1458 5338 1522 5381 111111
1534 5332 1563 5381 et

131 5421 310 5477 crediderunt
334 5423 361 5477 in
386 5424 541 5480 Dominum.
564 5424 617 5481 Sed
639 5434 750 5497 propter
777 5424 930 5483 enarrseos
1046 5436 1669 5552 quosenelestimbatarecenaserrabltodoren

133 5528 189 5569 non
210 5512 413 5571 confitebantur
424 5524 455 5571 ut
469 5516 503 5572 de
527 5532 661 5590 synagoga
684 5535 738 5575 non
754 5517 928 5587 ejicerentur.
1069 5510 1121 5551 0⁸¹²
1132 5500 1193 5561 ‘¹¹¹¹‘

133 5600 203 5673 Quia
215 5604 288 5659 enim
301 5613 380 5661 erant
395 5607 636 5673 callidi,ridebant
649 5608 749 5665 malum
764 5608 930 5680 persecutio-
982 5615 1011 5662 ct
1030 5605 1123 5663 Graeca
1146 5614 1241 5661 narrat
1263 5603 1376 5660 historia
1400 5600 1598 5669 texandrum,
1619 5602 1774 5675 potentiosi·

135 5691 191 5761 ula,
205 5693 279 5768 quod
295 5694 466 5766 imminebat,
480 5699 929 5773 etabsconderuntlldempietatis
983 5714 1058 5757 mum
1077 5713 1169 5776 regem
1183 5697 1313 5773 orbisque
1326 5696 1504 5767 domitorem,
1523 5703 1552 5755 et
1565 5696 1593 5754 in
1614 5695 1775 5794 moribuset
