4042 6200
226 462 275 517 531
550 457 581 514 ll.
602 457 729 513 usuam
747 457 856 514 hauhi
874 455 1035 512 unehine.
1056 451 1211 511 huchue.
1228 443 1372 509 effluunt
1391 449 1482 507 haus
1501 449 1532 507 h.
1783 454 1828 508 55²

227 574 340 636 rihharii,
353 571 380 627 id
395 579 454 634 est,
465 570 574 625 Christo
597 567 797 623 Pharisaeomm
821 567 1017 639 superstitioni·
1032 571 1056 630 Α
1070 566 1242 623 comederent
1255 579 1316 621 oum
1333 563 1402 620 assis
1417 563 1479 636 agui
1494 564 1626 619 menibus.
1645 562 1758 621 Lacteus
1775 545 1831 623 uer'o

227 664 339 718 busuou
359 660 540 716 consentienti
566 659 647 729 impia
669 674 738 714 uror
758 658 879 723 lezabel,
903 658 954 712 huc
976 666 1018 711 est
1068 654 1279 728 agrestesralde
1294 669 1393 710 amarae
1409 662 1471 710 arsut
1488 672 1495 707 :
1514 668 1681 710 cornescere
1703 655 1758 725 agui
1777 671 1830 711 eum

226 765 363 823 synagoga
383 746 551 813 iudaeorum,
578 747 729 802 machinata
752 755 796 802 est
819 754 933 801 mortem
948 745 1016 816 ejus.
1067 747 1182 803 lactucis
1197 745 1350 819 agrestibus
1364 754 1427 802 sunt
1438 745 1557 807 eleusim,
1573 752 1602 799 ut
1613 760 1670 799 eoru
1683 757 1771 815 corpus
1788 746 1833 801 lie-

229 838 328 895 iiortus
341 839 465 894 internas
475 837 585 893 delicias
595 837 713 908 paradisi
725 836 879 908 significat:
895 837 965 890 unde
978 834 1019 889 di·

230 933 299 986 :itur
309 944 316 983 :
326 929 400 983 lutra
408 929 512 983 hortum
523 943 618 992 meum,
629 944 704 981 soror
714 911 771 980 brea
779 943 874 997 sponsu
882 926 969 997 (Cant.
978 926 1016 996 r).

229 1021 293 1076 item
309 1019 404 1073 hortus
418 1025 460 1073 est
478 1016 592 1087 populus
604 1014 769 1082 iudaeorum,
784 1014 818 1071 de
831 1032 885 1087 quo
896 1015 994 1071 dicitur
1009 1030 1017 1069 :

230 1110 345 1164 ilileetus
355 1125 427 1163 meus
439 1106 571 1162 deseendit
584 1109 611 1161 irr
622 1108 727 1161 hortum
742 1123 819 1161 suum
840 1107 875 1161 ud
901 1106 1019 1162 areolam

229 1209 375 1254 oromatum
389 1197 476 1271 (Crat.
489 1197 538 1268 m).
554 1197 671 1252 Rursum
686 1198 780 1253 hortus
794 1198 916 1267 quedam
935 1198 1020 1268 hypo-

229 1293 357 1348 :·ritarurn
371 1290 516 1357 simulatio,
531 1298 561 1345 ut
575 1290 602 1345 iu
613 1289 680 1345 lsaiu
698 1290 764 1357 :Qui
777 1290 888 1344 mundos
901 1306 928 1343 se
942 1299 1020 1360 puto·

229 1384 290 1436 izrrrt
299 1384 327 1436 irs
337 1381 419 1435 hortis
432 1380 500 1453 (ise.
508 1381 593 1453 axvi).
605 1380 703 1436 Areola
711 1378 793 1451 Virgo
809 1379 894 1435 llario
909 1380 937 1435 in
951 1378 1021 1435 Can·

229 1475 283 1530 tico
297 1473 466 1529 canticorum
484 1471 624 1527 :Dilectus
641 1488 713 1527 meus
730 1472 849 1527 ascendit
862 1472 897 1525 od
916 1471 1021 1526 bortum

228 1580 317 1631 saum,
331 1564 365 1618 ud
380 1563 496 1618 areolum
506 1563 631 1618 oromatis
650 1560 739 1636 (Curat.
750 1563 799 1637 rr).
814 1561 919 1620 hreote
937 1562 1020 1618 corda

228 1662 397 1718 assuetorum,
412 1651 542 1708 virtutum
554 1654 635 1710 odore
648 1636 807 1725 fragrantes,
821 1654 864 1708 uhi
877 1662 1017 1723 utsupra:

231 1744 489 1800 ‹treoloeuromutum
509 1747 616 1800 consite
640 1765 656 1801 u
678 1745 856 1817 pipmeatnriis
879 1743 1020 1819 (Canto).

1068 837 1215 908 demptoris
1236 836 1402 908 accipimus,
1424 851 1473 891 nos
1496 851 1545 906 pro
1567 836 1680 907 pereatis
1700 837 1791 892 uostris
1809 837 1833 891 in

1068 925 1345 998 lletibusaffligamus,
1360 935 1492 996 quatenus
1513 926 1570 995 ipsa
1596 924 1739 980 amaritudo
1758 926 1834 995 pruni-

1069 1021 1163 1077 tentiae
1174 1020 1311 1090 abstergat
1325 1034 1340 1074 a
1355 1017 1453 1074 ruentis
1468 1017 1607 1080 storrraeho
1629 1030 1754 1087 porrersae
1774 1030 1836 1069 arrio·

1068 1127 1126 1168 rem
1140 1112 1210 1167 vitm.
1224 1110 1390 1167 cucumeres
1402 1110 1473 1180 quod
1486 1110 1541 1164 siut
1553 1109 1682 1163 interdum
1696 1107 1785 1171 amari,
1796 1107 1835 1175 qui

1069 1203 1162 1259 dulces
1192 1202 1266 1257 nasei
1290 1202 1484 1272 perhibentur,
1502 1201 1524 1257 si
1549 1200 1618 1255 lacte
1644 1200 1738 1255 arellito
1753 1216 1836 1254 eorum

1070 1291 1396 1366 semeninlrrndatur.1le
1414 1290 1604 1347 cucumeribus
1621 1297 1648 1343 et
1667 1289 1801 1359 peponibus
1815 1287 1837 1341 in

1070 1380 1255 1438 Pentateucho
1268 1382 1376 1454 legitur,
1393 1381 1465 1453 quod
1479 1397 1527 1437 eos
1548 1379 1594 1436 lilii
1617 1378 1697 1435 lsrael
1716 1378 1839 1448 maormiu

1071 1480 1149 1538 runt,
1163 1480 1324 1544 spernentes
1344 1488 1444 1528 manna
1459 1489 1468 1528 a
1484 1472 1557 1529 sicut
1573 1469 1779 1539 oiarreupiseentia
1789 1482 1841 1523 ear·

1071 1562 1141 1618 ualis
1154 1560 1259 1617 fastidit
1270 1562 1360 1618 ellium
1372 1561 1531 1633 spiritalem,
1545 1571 1573 1619 et
1590 1561 1690 1633 speruit
1711 1575 1777 1616 eum.
1796 1558 1840 1614 Cu·

1072 1653 1178 1709 curhita
1193 1654 1276 1708 herha
1298 1661 1340 1710 est
1362 1653 1452 1710 alieno
1474 1668 1558 1726 egens
1580 1651 1756 1709 sustentamlo
1771 1667 1777 1704 :
1791 1663 1843 1719 que

1072 1742 1207 1815 signifieat
1221 1742 1344 1800 intirmos
1358 1757 1481 1815 quosque
1499 1751 1528 1800 et
1541 1743 1672 1807 indoctos,
1682 1741 1727 1813 qui
1744 1739 1842 1795 shomm

229 1835 423 1903 tt‘us,simplex
435 1843 514 1892 estet
525 1836 831 1907 apertapraelieatiumt
842 1833 1019 1906 inhpostolo:
1073 1832 1197 1902 indigent
1214 1834 1322 1898 solatio,
1345 1849 1399 1904 quo
1421 1833 1581 1901 fulciantur,
1603 1848 1637 1888 ne
1661 1837 1788 1888 cormunt.
1812 1826 1844 1882 he

231 1927 282 1991 thri
295 1927 416 1997 infirmus
435 1937 489 1994 est,
502 1930 573 1982 olere
593 1929 733 1984 manducet
757 1926 844 2000 (Rem.
867 1925 934 2000 xm).
957 1925 1022 1998 Olus
1036 1916 1059 1978 B
1073 1925 1219 1981 cucurbitis
1232 1925 1258 1980 in
1269 1925 1337 1982 iona
1353 1926 1484 1996 propbeta
1497 1924 1596 1996 legitur
1611 1922 1683 1997 (ies.
1698 1919 1840 1993 trhhpium

171 2066 173 2068 .
232 2019 371 2073 rarissimum
391 2021 513 2089 operatio
533 2020 613 2085 bona,
626 2036 659 2076 ex
674 2036 726 2090 qua
747 2021 856 2090 quidam
872 2019 1022 2092 hypocritas
1073 2014 1268 2085 dictum,quod
1280 2030 1312 2071 ex
1327 2029 1361 2070 eo
1375 2030 1453 2092 apex,
1469 2014 1497 2070 ld
1519 2022 1574 2081 est,
1590 2020 1670 2083 caput
1692 2009 1844 2079 antiquomm

233 2109 384 2164 trirrsrinibus
407 2087 661 2180 plaeere³studenu
681 2118 713 2166 ot
735 2112 761 2166 iu
786 2110 955 2181 Evangelio:
975 2108 1022 2165 Vm
1073 2107 1298 2177 triumphantium
1312 2107 1503 2163 coronabatur.
1526 2104 1659 2162 ilercules
1680 2111 1764 2158 autem
1784 2099 1845 2152 lianc

230 2199 309 2265 aubia
326 2197 456 2255 lerisoei
470 2203 611 2271 hypocrite
622 2218 632 2256 .·
644 2202 689 2267 qui
707 2202 843 2255 decimatis
862 2210 976 2255 mentum
998 2209 1022 2254 et
1074 2197 1185 2253 berbaru
1199 2198 1302 2268 primus
1315 2197 1394 2268 capiti
1411 2195 1580 2252 circumtulit
1595 2213 1602 2250 :
1618 2209 1679 2249 nam
1694 2205 1761 2246 nuuc
1772 2201 1846 2259 popu·

230 2293 366 2359 russeriam,
380 2294 511 2363 epmirmm
522 2302 546 2348 et
562 2310 637 2348 orrrrre
649 2293 706 2348 olus
722 2293 829 2365 (Matri.
842 2293 931 2365 sauir).
951 2293 1023 2364 Cepe
1073 2294 1129 2348 lum
1143 2294 1231 2363 eapite
1246 2291 1417 2364 praelerebat,
1426 2306 1497 2346 nunc
1510 2289 1669 2353 oleastrum,
1682 2299 1750 2340 nuuc
1759 2282 1847 2352 apion.

230 2393 258 2439 et
274 2384 337 2440 allia
351 2385 551 2456 eornrptionem
573 2385 682 2449 mentis,
699 2391 726 2440 et
743 2385 896 2440 acredinem
918 2385 1023 2457 peccati
1074 2384 1151 2453 errjus
1165 2384 1269 2440 radices
1282 2381 1429 2439 efficaciter
1446 2389 1569 2453 pugnant
1588 2387 1681 2435 contra
1693 2373 1847 2431 insidiasve·

230 2474 395 2546 significant,
412 2490 472 2545 quae
489 2485 590 2546 quanto
601 2475 716 2546 amplius
730 2476 858 2542 eduntur,
872 2484 949 2531 tanto
965 2492 1023 2531 ma·
1074 2488 1205 2530 nenorum
1220 2488 1227 2527 :
1241 2473 1300 2542 ejus
1312 2472 1420 2544 gesseris
1432 2480 1495 2525 siunt
1511 2468 1706 2541 petroselinon,
1718 2460 1849 2535 hipposeti·
1898 2478 1905 2500 0

232 2566 273 2634 gis
287 2564 379 2621 dolore
392 2565 517 2620 cruciant
533 2583 540 2619 ε
557 2565 627 2619 uude
652 2573 679 2619 et
700 2565 727 2619 in
752 2565 932 2620 Numerorum
955 2567 1024 2621 libro
1075 2581 1128 2621 non
1141 2575 1170 2622 et
1180 2565 1355 2622 oleoselinon.
1378 2563 1568 2620 Petroselinou
1592 2554 1802 2628 vocatum,quod
1819 2552 1851 2608 ali

233 2656 280 2711 tilii
294 2651 377 2711 lsrael
394 2663 594 2710 murmurantes
605 2655 730 2727 leguntur
741 2656 857 2716 dixisse:
867 2655 900 2711 la
913 2667 1024 2712 meatem
1075 2658 1163 2714 simile
1184 2658 1246 2728 apio
1258 2667 1286 2714 et
1299 2666 1427 2713 nascatur
1441 2656 1468 2711 in
1483 2656 1570 2728 petris
1596 2652 1778 2720 montibusque
1789 2660 1848 2719 pree

231 2744 338 2800 serrium
357 2744 431 2798 nobis
444 2760 602 2806 cucumeres,
613 2756 637 2799 er
652 2762 773 2817 pepones,
782 2747 904 2819 porrique
914 2756 938 2801 et
952 2764 1023 2814 cepe,
1076 2750 1163 2820 ruptis
1177 2767 1185 2803 t
1199 2749 1271 2821 quod
1283 2764 1332 2805 uos
1342 2747 1494 2819 petrapium
1508 2747 1602 2803 dicere
1620 2755 1767 2815 possumus.
1788 2734 1849 2792 Seli·

232 2842 256 2886 rt
267 2829 342 2887 ollio.
355 2831 451 2886 Animo
461 2842 551 2888 nostro
565 2834 641 2888 arida
651 2844 688 2889 est
701 2835 784 2890 :nihil
795 2834 868 2890 uliud
884 2837 1023 2908 respiciunt
1075 2854 1129 2894 nou
1143 2838 1214 2893 enirn
1227 2836 1321 2894 Graece
1334 2838 1424 2907 apium
1439 2837 1550 2902 dieitur,
1565 2835 1615 2892 sed
1627 2841 1672 2890 est
1687 2841 1812 2887 summurn
1824 2839 1852 2879 aa

233 2921 303 2977 oculi
313 2923 466 2987 nostri,nisi
475 2940 572 2977 munire
585 2921 680 2998 (Num.
689 2922 739 2998 m).
753 2924 862 2996 sinapis
874 2926 1025 2998 appellatur
1075 2929 1214 3001 probabile
1222 2929 1434 2993 Macedonicum,
1443 2937 1522 3004 gustu
1531 2934 1663 2993 suasmet
1674 2924 1753 2981 orioro
1762 2931 1856 2975 aroma·

231 3015 305 3086 equod
321 3014 393 3071 loliis
409 3015 446 3071 sit
459 3015 556 3072 similis
569 3016 655 3088 napis.
671 3015 734 3072 liaeo
750 3017 834 3072 herba
849 3018 963 3089 mystice
984 3018 1024 3074 si·
1076 3021 1141 3076 tico.
1156 3019 1313 3076 Ferriculum
1324 3019 1414 3075 Latini
1428 3026 1534 3083 uocant,
1550 3018 1626 3089 qnod
1645 3015 1703 3086 ejus
1720 3009 1800 3084 thyrsi
1813 3021 1854 3064 sot

231 3104 343 3176 guidcat
370 3105 546 3177 &angelium
575 3106 687 3174 Christi,
714 3108 785 3163 sicut
811 3110 869 3178 ipse
893 3109 1025 3166 Donrinus
1076 3113 1175 3169 radicis
1188 3130 1286 3170 succus
1308 3124 1388 3171 acuat
1408 3114 1508 3179 uisum,
1532 3113 1614 3184 cujus
1634 3110 1719 3166 virtus
1742 3103 1852 3163 truditur,

232 3193 351 3250 ostendit
363 3194 475 3250 diceus:
491 3194 584 3251 Simile
602 3207 639 3251 est
661 3213 768 3268 repnum
795 3196 916 3252 celorum
941 3214 1025 3268 pruno
1076 3212 1257 3276 antuerpenses
1270 3222 1387 3262 annuam
1414 3213 1584 3262 senectutem
1607 3201 1667 3273 ejus
1687 3206 1763 3273 gustu
1784 3194 1855 3263 depo·

231 3286 341 3357 sirmis,
351 3294 404 3343 etc.
417 3285 524 3359 (narrt.
537 3289 596 3362 ntur)
615 3307 622 3344 ε
637 3291 708 3360 quod
721 3291 748 3345 in
759 3291 841 3347 eorde
853 3290 1021 3347 credentium
1035 3284 1057 3348 C
1073 3295 1214 3352 uantahoc
1223 3297 1283 3352 olus
1294 3296 1385 3353 Graeci
1398 3296 1554 3350 marathron
1569 3300 1681 3349 uocaus
1695 3287 1761 3357 Qrsid
1775 3291 1854 3339 autem

233 3378 395 3432 serninatum
409 3378 553 3449 germinat,
565 3389 588 3434 et
603 3391 679 3436 reete
690 3381 753 3451 fidei
767 3400 798 3437 nc
819 3382 943 3438 bonorum
964 3400 1025 3454 ope·
1075 3384 1160 3451 olera,
1176 3400 1236 3456 qum
1251 3395 1345 3442 conum
1361 3399 1492 3441 uenenum
1513 3383 1608 3439 aptent
1630 3381 1743 3451 mystice
1763 3368 1855 3445 signill-

233 3482 292 3521 rom
302 3467 402 3537 profert
413 3468 537 3538 fructum.
553 3468 714 3541 Raphanum
729 3471 826 3540 Greci,
842 3489 892 3530 nos
906 3474 1025 3531 radicem
1075 3480 1148 3538 cerri,
1160 3472 1217 3543 jam
1233 3475 1356 3545 superius
1370 3472 1536 3528 dictumest.
1552 3470 1721 3543 ligusticum
1733 3481 1747 3520 a
1760 3462 1856 3532 regiorru

233 3570 372 3625 sommus,
385 3572 418 3615 eo
432 3560 504 3631 quod
523 3569 596 3617 tutus
614 3563 740 3619 deorsum
753 3565 867 3620 enititur:
888 3566 951 3622 dum
966 3565 1027 3621 rell·
1075 3580 1173 3621 nomen
1184 3565 1289 3637 accepit
1302 3582 1308 3619 :
1321 3563 1441 3620 nascitur
1456 3563 1527 3618 euim
1542 3561 1691 3632 plurimum
1706 3557 1732 3612 iu
1747 3549 1855 3625 uagum.

233 3658 286 3717 qua
299 3647 373 3703 olera
386 3649 411 3704 in
428 3664 533 3705 summa
548 3651 635 3722 magis
648 3651 809 3723 prosiliantr
825 3653 901 3723 cujus
921 3654 1025 3710 semino
1075 3657 1159 3713 odore
1185 3655 1343 3720 aromatico,
1369 3661 1397 3709 et
1424 3661 1505 3723 gustu
1529 3651 1599 3706 aeri.
1624 3645 1799 3705 coriandrum
1826 3651 1855 3692 et

235 3749 371 3797 nucereto
386 3742 508 3814 quisquis
528 3758 591 3800 suas
616 3760 711 3801 manos
730 3745 863 3810 iniecerit,
887 3754 1026 3816 serpentes
1075 3749 1169 3805 Graeco
1185 3748 1293 3804 nomine
1312 3754 1458 3816 sumptum,
1481 3743 1554 3815 quud
1574 3742 1613 3797 illi
1635 3740 1728 3796 eonon
1751 3739 1855 3790 vocant.

235 3830 345 3901 irupune
358 3830 489 3889 tractabit
503 3851 511 3889 :
527 3834 660 3905 siquidem
676 3836 807 3906 exipsius
830 3834 922 3890 radice
943 3835 1026 3890 etiam
1076 3838 1152 3908 cujus
1163 3853 1254 3895 semen
1270 3839 1297 3892 in
1312 3837 1383 3892 dulei
1398 3838 1460 3892 rino
1476 3836 1567 3891 ilatum
1584 3833 1728 3904 proniores
1738 3824 1821 3884 reddit
1833 3821 1856 3874 iu

234 3921 302 3975 ebur
314 3920 436 3990 albescit,
452 3921 478 3977 ln
493 3922 555 3979 cibo
575 3938 682 3995 quoque
696 3923 809 3979 uenenis
825 3923 935 3979 resistit.
957 3920 1027 3976 Num
1075 3942 1201 3984 uenerem
1218 3946 1225 3981 ι
1241 3927 1263 3983 si
1277 3941 1359 3997 supra
1381 3926 1491 3980 modum
1514 3923 1634 3984 dederis,
1651 3917 1793 3976 amentiam
1815 3924 1858 3966 uu·

234 4023 329 4071 (ΟΜΝ
344 4030 447 4072 venena
465 4013 544 4087 huius
558 4017 673 4083 radices·
687 4030 779 4078 ³⁰0⁰&
794 4013 890 4084 lullssl·
905 4013 1025 4078 Cillium»
1077 4020 1144 4074 trit:
1163 4033 1245 4074 canos
1256 4018 1339 4072 ctiam
1350 4032 1383 4072 en
1394 4015 1537 4071 coriandro
1565 4011 1640 4068 inlici
1664 4009 1789 4065 traditum
1812 4008 1857 4056 eat

234 4106 325 4176 apium
334 4114 448 4175 prosunt
459 4121 467 4175 ;
480 4107 526 4162 sed
533 4114 627 4161 contra
639 4105 767 4169 loturum,
781 4121 834 4160 non
845 4112 939 4160 eontra
950 4117 1027 4157 aece-
1076 4109 1187 4180 Legitur
1200 4110 1227 4164 jn
1240 4109 1342 4176 hamio,
1355 4108 1426 4179 quoq
1442 4120 1540 4161 manna
1559 4104 1651 4161 simite
1675 4106 1749 4157 essm
1771 4091 1857 4151 semim

234 4206 460 4267 ptumrenennm.
470 4197 546 4255 Unde
558 4207 586 4252 et
596 4199 664 4270 apud
674 4196 1027 4267 reteresanteahasepolas
1076 4202 1221 4269 coriandri,
1238 4200 1327 4257 album
1342 4211 1370 4257 et
1382 4200 1550 4256 sublucidum
1567 4215 1575 4253 :
1593 4199 1635 4254 sic
1648 4206 1678 4253 et
1692 4194 1802 4251 verbum
1817 4186 1859 4242 [hi

235 4287 295 4341 haee
307 4285 430 4342 solebant
454 4288 555 4343 mensis
579 4303 724 4359 apponere.
747 4288 810 4344 llaec
830 4287 1026 4343 continentiam
1077 4294 1227 4350 albedinem
1237 4293 1320 4350 hahet
1334 4293 1477 4358 eastitatis,
1488 4302 1515 4348 et
1532 4292 1623 4347 lumen
1646 4288 1768 4346 scientiae
1789 4279 1859 4351 spiri·

236 4373 384 4443 liguraliter
393 4383 480 4445 potest
491 4376 699 4455 exprimere,et
720 4376 863 4442 cautelam,
879 4392 939 4447 quae
961 4375 1028 4431 mul·
1077 4383 1157 4439 talis:
1172 4382 1594 4453 nndeanimaehdelesqnotidie
1614 4387 1776 4451 pascuntur.
1797 4374 1859 4428 liuta
1958 4412 1959 4425 ,

236 4471 292 4516 turn
305 4463 480 4521 raletcontra
496 4479 643 4524 srenenatas
664 4468 849 4539 suggestiones
871 4466 970 4523 diaboli
999 4475 1028 4522 et
1076 4474 1158 4539 dicia,
1174 4474 1247 4545 quod
1260 4475 1296 4530 sir
1312 4472 1525 4539 femensimima,
1540 4472 1620 4542 euius
1643 4470 1731 4525 altera
1755 4459 1860 4536 agrestis

237 4561 331 4609 ⁰⁰¹¹*st
345 4555 412 4611 Villi
426 4556 526 4611 ffllnlss·
544 4557 663 4613 Llcluci
682 4558 754 4613 dieta
774 4566 832 4622 ⁶⁵²,
847 4556 919 4626 (1¹¹od
939 4556 1025 4611 abun·
1077 4574 1158 4635 atque
1168 4566 1267 4621 virtuto
1280 4564 1380 4629 acrior,
1392 4564 1439 4620 sed
1454 4572 1567 4632 utraque
1581 4558 1784 4617 ferventissima
1796 4566 1862 4609 oont-

236 4643 326 4698 aientia
340 4643 418 4699 120ίὶ8
426 4646 555 4701 exubere!
566 4663 627 4710 ,scu
649 4647 722 4717 quod
737 4645 805 4702 lucie
820 4646 972 4701 lillll'leiloes
984 4644 1023 4700 lil-
1037 4630 1062 4689 Ι)
1075 4656 1223 4728 probatur:
1239 4656 1309 4712 hane
1323 4656 1434 4711 venenis
1449 4668 1597 4725 repugnare
1618 4651 1743 4711 muggelae
1761 4649 1861 4706 duceni,

236 4722 446 4806 urirraslmplet:
461 4736 520 4791 baec
533 4746 560 4792 et
574 4737 600 4792 in
613 4737 679 4792 viris
695 4737 802 4793 veneris
817 4752 894 4792 usum
904 4746 1021 4792 coercet.
1076 4764 1136 4820 φης
1149 4749 1212 4804 hum
1232 4763 1294 4804 eum
1320 4755 1447 4818 serpente
1459 4746 1661 4810 dimicaverint,
1675 4745 1739 4801 cibo
1753 4739 1809 4810 durs
1823 4752 1862 4792 ar-

235 4824 351 4881 laotuca
374 4824 505 4896 agrestis,
529 4841 609 4896 quam
627 4825 769 4882 sarraliam
785 4826 965 4891 nominamus,
990 4839 1024 4881 co
1077 4850 1193 4896 mamm„
1208 4840 1270 4897 ΗΜ
1290 4842 1371 4896 fldem
1392 4840 1493 4896 gqpng
1518 4838 1657 4911 553„qu
1672 4852 1680 4892 :
1696 4854 1757 4908 qm
1777 4840 1863 4890 (mm

234 4915 307 4985 qum
325 4915 435 4972 dmum
454 4914 513 4985 01⁰⁸
525 4916 552 4970 5¹¹
568 4916 675 4971 ¹⁰⁰tl¹¹i¹¹
690 4931 772 4971 ⁵0³ae
787 4922 838 4971 0⁸&
854 4914 1024 4984 Praeceptum
1077 4933 1178 5003 antiqui
1193 4933 1326 5004 serpentis
1336 4946 1439 4988 reuersa
1453 4931 1597 5001 plurimum
1611 4929 1699 4985 rates.

235 5012 275 5061 sat
284 5018 348 5077 ergo
361 5003 425 5062 liliis
438 5004 530 5073 lsrael,
544 5016 575 5061 ut
589 5005 709 5063 lactucas
730 5014 850 5078 agrestes
872 5005 899 5060 iu
922 5004 1023 5075 pascha

816 5255 970 5336 hlunu
995 5255 1293 5335 VlGliSllllUS.

912 5450 1182 5477 m

490 5579 603 5638 CAPUT
621 5578 765 5636 Plilhlllhl.
1073 5574 1210 5634 societatis
1221 5573 1309 5629 lmdus
1321 5572 1484 5644 irrumpens,
1502 5570 1642 5626 exercitus
1651 5566 1767 5633 ducere,
1783 5564 1864 5621 eliens

555 5669 594 5723 lle
612 5669 695 5724 bellis.
936 5734 940 5739 ,
1072 5678 1190 5733 vastare,
1206 5666 1306 5722 liberos
1323 5663 1435 5736 populos
1448 5672 1495 5720 sut
1510 5661 1660 5728 trucidare,
1677 5669 1726 5715 ant
1738 5658 1867 5731 sublinere

268 5753 375 5809 l‘rimus
391 5753 460 5808 be'la
475 5756 590 5812 instituit
604 5755 747 5813 Ninusrcx
759 5756 942 5829 Assyriorum.
962 5757 1021 5827 ipse
1074 5761 1165 5832 erepit,
1189 5759 1396 5828 universamque
1417 5756 1508 5811 lislam
1530 5764 1615 5825 nsque
1640 5754 1676 5809 ml
1696 5751 1792 5825 Lhrym
1804 5750 1867 5805 dnae

290 5864 304 5876 ⁴·
328 5844 425 5898 finibus
449 5846 505 5900 suis
528 5862 696 5917 nequaquam
718 5858 870 5914 contentus,
896 5851 1019 5907 humane
1074 5866 1143 5908 nora
1165 5850 1293 5909 seruitute
1317 5847 1478 5920 perdomuit.
1501 5846 1568 5903 ilinc
1587 5842 1645 5913 lam
1671 5842 1780 5904 stodrsit
1796 5838 1865 5895 orbis
