4042 6200
213 275 265 332 tts
530 272 561 327 tt.
582 271 708 327 hhhhht
727 268 835 327 tthllttt
854 269 1011 326 httctttut‘.
1031 267 1186 327 modultu.
1204 267 1346 326 eruhuit
1365 267 1455 325 haus
1471 269 1507 325 ll.'

212 396 243 444 ut
263 396 308 443 est
330 385 396 442 illud
422 385 449 442 in
474 385 600 456 psalmo:
622 385 737 457 Aluum
759 385 881 456 abyssum
897 384 1039 450 samaoth
1323 381 1457 440 cauus
1476 382 1540 439 tttlt.

212 475 299 552 (Paul.
315 477 388 552 xm);
402 477 429 534 id
443 486 496 545 cst,
511 477 594 535 Vetus
608 477 811 535 Testamentum
825 476 929 533 Novum
953 492 1001 532 an·
1308 475 1347 532 hc
1359 474 1423 530 lacis
1435 485 1461 529 rt
1473 475 1583 546 mapula.

211 570 329 637 nuntiat,
350 576 376 626 et
391 568 495 625 Nouum
517 569 600 627 Tetus
617 569 646 625 iu
661 569 1001 625 testimoniummeruit
1086 563 1157 621 Sunt
1176 573 1265 621 autem
1287 575 1314 622 et
1328 569 1451 637 quadam
1465 569 1560 635 maria,
1576 586 1637 641 quse
1650 585 1704 626 non
1722 572 1840 629 miseco·

211 677 272 716 uoce
282 669 476 716 cataractarum
489 671 596 718 tuarum
609 660 711 734 (ibim).
727 661 779 717 hoe
792 668 843 728 est,
857 661 884 716 iu
904 658 1001 730 praedi·
1052 665 1096 711 tur
1105 655 1206 712 Oceani
1219 655 1346 714 ductibus
1359 667 1405 714 aut
1416 660 1484 715 mari
1496 659 1601 733 Magno,
1617 670 1645 718 et
1660 663 1785 721 dicuntur
1798 666 1841 722 la·

211 752 319 808 catione
335 759 500 806 sannorum.
516 749 581 806 ltem
602 749 717 822 abyssus
732 765 809 822 aquae
833 748 1001 806 immensitas
1052 761 1100 803 cus
1114 755 1141 802 et
1153 756 1257 819 stagna.
1278 747 1366 804 Lacus
1379 758 1421 806 ost
1434 751 1644 822 receptaculum,
1660 753 1688 809 in
1701 769 1755 825 quo
1768 770 1840 827 aqua

211 851 265 909 est,
277 851 307 898 ut
318 842 345 897 in
356 841 456 897 Genesi
469 841 568 913 legitur
583 859 590 895 s
608 841 639 896 Et
655 842 725 913 rupti
739 849 800 896 suut
812 839 897 910 [autea
914 827 1006 910 abussi
1051 838 1183 894 retinetur
1193 854 1243 895 nee
1254 839 1384 895 miscetur
1395 837 1530 906 fluctibus,
1539 850 1569 897 ut
1578 842 1653 900 lacus
1664 843 1798 916 Asphalti,
1809 858 1842 905 ut

211 952 313 1007 araque
327 931 404 1000 (Gru.
424 932 485 1005 uu).
506 933 573 990 ltem
597 932 712 1005 abyssus
731 930 875 989 ineffabilia
898 930 1001 1001 judicia
1051 927 1126 984 laetas
1137 928 1268 995 Benacus,
1280 937 1309 986 et
1321 931 1422 999 caeteri,
1434 945 1502 1002 ques
1515 929 1601 988 (trau
1612 932 1736 1003 limenas,
1748 936 1774 992 id
1785 946 1848 1003 est,

210 1023 258 1077 hei
273 1022 406 1092 designat,
421 1023 571 1079 utcstboe
585 1021 715 1078 :tudima
729 1032 775 1077 tua
793 1023 903 1093 abyssus
917 1023 1000 1076 multa
1051 1027 1147 1090 stapam
1160 1027 1270 1074 uocant.
1286 1018 1354 1075 llam
1373 1019 1460 1076 lentes
1474 1019 1603 1078 labuntur
1618 1023 1645 1079 in
1664 1022 1775 1093 dusios,
1790 1026 1841 1082 llu-

210 1108 298 1182 (Psal.
313 1110 408 1186 xxxv).
432 1112 498 1169 ltem
516 1113 630 1185 abyssus
645 1111 780 1169 inlemum
804 1110 949 1183 signifieat,
971 1118 1001 1164 ut
1051 1108 1122 1170 mina
1142 1108 1170 1164 ln
1195 1108 1265 1165 treta
1286 1109 1451 1166 discurrunt
1477 1110 1566 1167 Lacus
1589 1120 1644 1168 stat
1658 1114 1684 1169 in
1700 1114 1767 1179 loco,
1789 1133 1841 1174 uec

209 1201 354 1273 Apostolus
374 1203 412 1258 ait
428 1221 434 1258 :
451 1202 504 1257 Aut
528 1204 587 1276 quis
606 1203 738 1259 demeruit
756 1204 784 1257 iu
811 1200 954 1273 abyssum?
972 1200 1000 1254 id
1050 1188 1170 1270 produit,
1193 1207 1227 1256 et.
1241 1200 1329 1257 dietum
1344 1201 1431 1267 lacus,
1453 1202 1530 1273 quasi
1551 1217 1628 1274 aqum
1640 1204 1724 1261 locus.
1750 1205 1842 1263 Lacus

209 1305 257 1360 est,
280 1292 412 1350 Christum
435 1313 451 1350 a
476 1297 587 1351 mortuis
610 1296 732 1351 reducere
757 1293 845 1366 (llam
868 1292 907 1366 x).
932 1292 999 1348 Ιιειιι
1050 1297 1141 1346 autem
1158 1290 1230 1347 idem
1242 1298 1270 1346 et
1283 1299 1418 1363 stagnum,
1441 1293 1488 1348 ubi
1503 1292 1635 1351 immensa
1653 1310 1723 1367 aqua
1737 1312 1840 1354 coure-

209 1386 324 1457 ahyssus
345 1387 428 1442 corda
448 1387 587 1443 hominum
610 1388 720 1443 denotat
742 1385 907 1441 lacinorihus
926 1394 1001 1440 tene·
1051 1379 1100 1435 nit.
1115 1378 1182 1436 Natu
1199 1380 1301 1437 dictum
1313 1391 1355 1438 est
1367 1391 1493 1456 stagnum
1507 1384 1541 1440 ab
1556 1399 1589 1441 eo
1605 1388 1679 1458 quod
1700 1388 1755 1444 illie
1768 1404 1840 1461 aqua

210 1476 301 1539 lirosa,
315 1480 344 1529 ιιι
360 1482 402 1529 est
415 1475 479 1530 illud
493 1476 565 1530 beati
578 1474 629 1531 lob
641 1494 648 1530 :
660 1475 775 1547 Abqrsus
786 1475 870 1530 dicct:
885 1472 947 1529 Nau
962 1482 1000 1528 cst
1050 1478 1115 1537 stet,
1143 1486 1194 1529 nee
1216 1473 1352 1529 decurrat.
1376 1473 1464 1531 Lacus
1488 1475 1593 1541 hslalti,
1620 1478 1691 1534 idem
1712 1488 1740 1534 ct
1764 1496 1842 1536 mare

210 1564 237 1617 iu
266 1580 316 1630 me,
339 1574 363 1618 ct
383 1580 457 1618 marc
474 1564 627 1637 loquetur:
656 1563 719 1621 Noa
744 1576 783 1621 ert
803 1582 903 1620 mecum
926 1564 998 1638 (lab.
1051 1559 1185 1616 Mortuum
1208 1568 1344 1629 uocatum,
1370 1566 1576 1636 propterquod
1599 1566 1772 1623 nibiluiuum
1796 1570 1841 1640 qi-

210 1654 319 1727 ιιιιιι).
336 1655 392 1712 lice
414 1672 467 1711 non
494 1666 523 1713 et
543 1659 658 1730 abyssus
690 1655 886 1727 superstitiosis
918 1664 1000 1726 atque
1051 1654 1120 1726 quit,
1141 1654 1209 1710 nibil
1222 1656 1317 1726 recipit
1330 1670 1365 1712 ea
1378 1672 1477 1729 genere
1490 1660 1646 1716 uiuentium.
1669 1660 1737 1717 llam
1751 1677 1843 1734 neque

209 1749 431 1817 persecutoribus
452 1749 574 1806 ecclcsiae
598 1757 772 1820 eomparatur
796 1768 802 1804 :
830 1748 893 1821 quia
927 1747 1037 1807 sicutll
1049 1744 1138 1816 pisces
1161 1745 1253 1813 habet,
1275 1761 1363 1818 neque
1377 1759 1501 1807 assuetas
1525 1751 1602 1822 aquis
1624 1762 1652 1808 et
1675 1752 1752 1808 latas
1767 1770 1843 1810 rner-

212 1839 321 1909 pallium
330 1839 450 1909 subjecta
463 1841 595 1912 cooperit,
610 1841 648 1897 ita
658 1841 697 1896 illi
711 1840 839 1896 mundum
851 1839 999 1897 foedissima
1051 1835 1131 1907 gend
1152 1851 1201 1891 usu
1215 1837 1318 1907 patitur
1329 1851 1394 1894 aves
1408 1857 1416 1894 t
1428 1840 1476 1895 sed
1495 1849 1523 1897 ει
1540 1857 1707 1913 quascunque
1720 1844 1842 1899 uireuttia

209 1933 403 2003 superstitione
429 1940 556 1990 reserum
585 1952 592 1988 ι
620 1942 649 1988 m
671 1950 723 1990 non
741 1933 828 1990 sotum
850 1932 1000 1991 mediocres
1050 1928 1197 1998 metuenda
1221 1929 1407 1999 temptaveris,
1436 1947 1598 2005 quacunque
1619 1942 1679 1989 arte
1703 1933 1840 2001 demens,

209 2023 345 2092 homiues,
360 2025 446 2080 sedin
461 2025 608 2095 perniciem
627 2041 703 2081 suam
726 2026 799 2097 ipsos
812 2040 918 2097 quoquc
935 2040 998 2080 san-
1050 2017 1141 2073 statim
1158 2018 1298 2089 fflsslllllssli
1312 2027 1340 2078 0⁸
1353 2024 1477 2095 quartwis
1490 2024 1664 2081 vehementer
1678 2024 1758 2091 illisu,
1772 2040 1840 2081 0⁰¹¹·

208 2125 267 2172 ctos
286 2117 358 2173 virm
381 2126 462 2189 atque
482 2118 711 2174 eminentissimos
740 2117 882 2172 tormentis
906 2131 1000 2188 corpo
1050 2109 1141 2165 [eslim
1155 2112 1342 2181 0¹⁰l¹lll¹hlllt3
1365 2116 1413 2172 ted
1427 2131 1515 2188 neque
1527 2117 1616 2174 ιθιιίῑι
1636 2127 1770 2183 merctur,
1790 2132 1838 2173 10·

209 2223 267 2262 rnru
294 2208 411 2265 obruere
435 2209 602 2274 riderentur,
628 2216 657 2263 ut
680 2208 802 2265 estillud
825 2209 853 2263 in
867 2207 997 2264 Psalmo·
1047 2198 1163 2256 sistente
1183 2202 1334 2261 turbinibus
1353 2204 1497 2274 bitumine,
1518 2222 1573 2278 quo
1587 2222 1657 2279 aqua
1681 2206 1769 2264 omnis
1785 2217 1845 2263 sta-
1944 2265 1951 2270 .

208 2299 324 2369 hispasus
340 2301 407 2355 sicut
426 2299 537 2370 pallium
560 2301 673 2355 amictus
684 2301 759 2371 ejus,·
781 2279 883 2355 ct⁰ricut
897 2309 999 2355 mantes
1050 2299 1149 2363 utlaius
1164 2310 1170 2347 τ
1183 2308 1270 2365 neque
1288 2297 1467 2370 navigationis
1482 2299 1587 2369 pallens
1600 2308 1660 2367 2⁸¹2
1674 2299 1736 2370 huia
1749 2299 1843 2355 Omnia

209 2388 314 2443 stabunt
326 2407 402 2461 aqua
416 2385 501 2462 (Pcal.
517 2388 587 2462 citt).
600 2388 667 2444 Item
680 2391 793 2462 abyssus
807 2390 888 2446 corda
908 2390 998 2446 lrcmi·
1049 2383 1105 2437 tiis
1120 2386 1241 2441 carentia
1258 2386 1285 2442 ln
1302 2387 1466 2460 protundum
1486 2399 1647 2461 merguntur
1661 2409 1668 2447 ι
1684 2406 1734 2447 nee
1755 2400 1843 2447 mate·

208 2497 273 2536 rurum
300 2479 466 2537 facinoribus
488 2481 643 2546 tenebrosa,
661 2489 690 2535 lli
708 2481 736 2535 in
757 2482 841 2536 Amos
863 2499 870 2535 :
891 2479 999 2535 Vocaur't
1049 2473 1117 2529 ritem
1130 2474 1212 2532 ullam
1226 2479 1351 2548 sublimi,
1371 2479 1423 2535 nisi
1442 2496 1504 2552 qllae
1515 2479 1648 2537 bitumine
1661 2480 1840 2537 illustratur:

205 2574 338 2645 judicium
365 2573 504 2641 Dominus,
530 2583 554 2629 et
584 2574 716 2630 decorauit
743 2574 866 2645 abyssum
887 2574 998 2628 multam
1049 2563 1186 2621 lucernam
1215 2581 1358 2625 accensam
1382 2569 1473 2626 semul
1496 2580 1692 2641 wlleffllliffls
1719 2572 1845 2627 ⁰¹¹l¹l⁰¹⁰

212 2666 314 2736 (Appos,
338 2663 398 2736 vn),
416 2664 538 2736 Abyssus
553 2664 691 2721 damnatio
712 2664 997 2736 peccatommsempi.
1049 2653 1168 2727 demergi
1177 2656 1286 2716 lumine.
1299 2659 1356 2717 HOC
1365 2670 1393 2719 θῐ
1402 2677 1477 2719 mare
1491 2662 1645 2719 Salinarum
1661 2664 1769 2729 dieitur,
1783 2664 1844 2720 SjTe

209 2766 295 2818 ιειιιιι.
307 2765 338 2810 ut
350 2756 376 2811 in
387 2753 438 2813 lob
453 2775 460 2811 :
478 2754 630 2811 AEatlmauit
643 2756 766 2828 abyssum
776 2756 852 2828 quasi
863 2771 998 2811 seueram·
1049 2747 1123 2806 laeus
1136 2750 1269 2824 Asphalti,
1281 2756 1369 2824 idest,
1385 2757 1542 2826 bituminis;
1560 2768 1588 2815 et
1598 2770 1640 2816 est
1652 2760 1680 2816 iu
1690 2757 1782 2815 tadaea
1797 2760 1843 2815 in-

208 2856 259 2902 tem
281 2845 352 2917 (lob.
369 2846 443 2920 xur);
462 2846 556 2915 idest,
579 2845 704 2903 diabolus
716 2862 765 2918 per
783 2846 998 2901 ministrossuos
1050 2851 1093 2898 ter
1118 2842 1246 2901 llierieho
1262 2855 1290 2902 ει
1306 2847 1411 2904 zoaran
1429 2867 1436 2904 :
1451 2849 1590 2922 longitudo
1614 2848 1672 2920 ejus
1694 2865 1780 2922 usque
1806 2851 1843 2906 arl

208 2938 314 3011 putabit
339 2939 411 3009 quod
433 2954 513 3010 poena
533 2937 678 3010 impiorum
704 2938 785 2994 linem
799 2937 926 2993 habitura
950 2935 996 2992 sit.
1049 2931 1151 2988 Zoaras
1174 2932 1280 2991 hrabise
1307 2937 1433 3009 dirigitur
1463 2940 1557 2996 stadiis
1586 2941 1741 3012 quingentis
1766 2948 1844 2995 octo-

208 3030 330 3102 hhyssus
346 3027 479 3097 internus,
499 3037 528 3084 ut
541 3028 567 3084 io
581 3028 726 3103 Evangelio
742 3049 749 3083 ε
773 3029 808 3083 lit
825 3027 998 3101 deprecabar-
1049 3019 1133 3091 ginta,
1145 3020 1258 3080 latitudo
1269 3026 1364 3083 stadiis
1378 3036 1487 3083 contum
1500 3029 1695 3104 quinquaginta
1708 3031 1845 3103 usquead

208 3133 253 3179 tur
276 3140 335 3179 cumr
357 3123 478 3193 apiritm,
504 3121 532 3177 id
555 3130 607 3189 est,
623 3122 767 3190 daemoaes,
782 3120 854 3176 acia
875 3118 999 3191 odyssum
1013 3096 1035 3159 C
1051 3112 1178 3168 uiciniam
1201 3114 1390 3173 Sodomorum.
1415 3117 1516 3192 Stagna
1540 3121 1738 3192 philosophiam
1758 3121 1843 3192 lustjus

209 3225 252 3265 cas
266 3208 375 3264 uritterct
391 3206 499 3280 (haara.
515 3210 586 3279 utut).
1051 3203 1144 3259 mttndi
1166 3205 1331 3276 significant,
1353 3217 1383 3263 ut
1397 3209 1424 3265 ln
1448 3209 1518 3265 lsaia
1535 3228 1542 3264 :
1559 3209 1659 3266 Ponam
1680 3211 1792 3280 flumina
1815 3211 1845 3264 iu

510 3340 624 3398 CAPUT
643 3342 689 3399 vu
1051 3293 1163 3362 insulas,
1182 3306 1207 3352 ct
1219 3308 1313 3369 ataqua
1327 3300 1470 3372 arefaciam
1484 3300 1557 3374 (lca.
1571 3301 1655 3374 xtra).
1669 3302 1781 3374 llystlee
1794 3316 1847 3355 ao-

554 3454 561 3468 ·
690 3381 698 3398 ’
1052 3394 1107 3441 ιειιι
1126 3402 1201 3443 mare
1220 3387 1365 3457 docturum,
1387 3393 1458 3462 quod
1473 3393 1539 3449 nihil
1554 3394 1640 3465 giqmt
1659 3393 1759 3457 virtum,
1775 3394 1846 3449 nibil

450 3453 489 3509 θ’
504 3455 610 3509 “⁸⁰⁹¹‘'
621 3453 660 3509 Μ
673 3453 757 3524 Μ’·
1052 3477 1148 3547 recipit
1168 3491 1204 3533 ex
1225 3493 1324 3549 genere
1346 3482 1492 3539 viventium
1512 3502 1520 3538 :
1537 3485 1584 3540 sed
1604 3484 1694 3539 omitia
1719 3483 1774 3538 uita
1798 3498 1847 3538 ca-

244 3564 340 3622 AEstus
356 3565 536 3622 adorearum
551 3565 681 3636 pertinet,
696 3562 795 3619 laetum
808 3564 1000 3634 adultumque
1052 3569 1138 3624 rentia
1160 3569 1362 3641 inprolundum
1387 3576 1496 3647 mergit,
1516 3584 1544 3630 et
1563 3584 1642 3631 terrae
1664 3574 1847 3632 Sodomorum

210 3676 296 3718 strare.
310 3659 378 3714 Nam
401 3666 484 3714 aestus
504 3664 547 3714 est
564 3657 648 3712 maris
662 3672 788 3729 accessus
806 3656 849 3713 uel
864 3670 999 3722 secessus,
1052 3668 1133 3729 atque
1154 3658 1313 3719 Gomorrha
1331 3663 1455 3721 imminet
1468 3667 1546 3739 (quas
1560 3667 1695 3732 civitates,
1710 3666 1799 3739 iguem
1818 3675 1847 3720 et

209 3753 303 3819 idest,
318 3749 474 3821 inquietudo
488 3748 577 3804 :unde
590 3747 717 3803 aestuaria
731 3746 866 3813 dicuntur,
878 3762 927 3816 per
940 3761 1001 3817 quae
1052 3745 1165 3817 sulphur
1176 3749 1210 3805 de
1222 3750 1292 3807 ooelo
1305 3751 1411 3824 pluens,
1428 3756 1558 3811 Dominus
1578 3754 1726 3827 subuertit)
1738 3754 1846 3825 signill-

211 3860 287 3901 mare
308 3843 428 3898 uicissim
451 3851 505 3897 tam
529 3839 633 3897 accedit
655 3854 736 3910 quam
758 3838 869 3894 recedit.
890 3837 1000 3893 Fretum
1052 3845 1097 3893 cat
1110 3840 1249 3910 praesentis
1267 3843 1358 3899 sacculi
1382 3847 1588 3915 perversitatem
1611 3846 1657 3902 ubi
1672 3846 1797 3902 diabolus
1814 3845 1844 3900 iu

209 3943 302 3991 autem
325 3932 499 4004 appellatum,
524 3929 647 4002 quodibi
668 3944 775 4000 semper
793 3944 869 3984 mare
888 3926 1000 3984 lerueat.
1053 3931 1165 4001 perditis
1178 3945 1282 4005 regnat,
1296 3943 1323 3992 et
1342 3952 1405 3992 eum
1417 3937 1470 4005 his,
1488 3939 1533 4008 qul
1555 3939 1581 3993 in
1594 3938 1651 3995 Deo
1664 3939 1720 3993 rita
1735 3937 1841 3999 riuum.

209 4027 277 4083 Nam
299 4024 397 4082 lretrrm
414 4033 457 4082 est
478 4032 622 4096 augustum
641 4030 670 4078 et
682 4022 760 4095 qttasi
784 4021 891 4077 terrens
915 4036 1000 4087 mare,
1054 4020 1126 4077 nullo
1140 4025 1276 4081 consortio
1291 4026 1415 4100 jungitur
1435 4042 1443 4082 s
1460 4028 1583 4084 sedrera
1602 4030 1657 4083 uita
1676 4036 1800 4084 carentes
1814 4028 1843 4083 in

209 4122 244 4176 ab
257 4120 390 4175 undarum
413 4116 520 4174 feruore
535 4115 713 4185 nominatum.
737 4111 818 4168 lutura
845 4112 1001 4184 allegoriam
1053 4111 1215 4182 protundum
1230 4116 1327 4187 mergit
1338 4116 1446 4173 inlernl.
1463 4119 1491 4175 ln
1504 4119 1634 4190 sulphure
1648 4118 1718 4176 letor
1736 4120 1843 4185 carnis,

208 4218 306 4266 aestuat
323 4209 439 4264 mundus
458 4206 538 4262 tundis
563 4204 798 4277 pemeciiuonnm,
822 4212 850 4259 et
867 4218 914 4273 per
927 4201 1001 4258 uaria
1053 4208 1080 4256 et
1099 4214 1149 4270 per
1171 4202 1260 4272 ignem
1283 4205 1365 4260 ardor
1384 4206 1509 4264 desiderii
1532 4208 1650 4264 earnalis
1670 4208 1844 4279 exprimitur.

210 4301 269 4358 loca
284 4308 331 4355 aru
346 4298 450 4354 aceedit
467 4306 515 4354 aut
529 4298 646 4365 recedit,
666 4297 754 4353 lervel
771 4297 852 4352 etiam
869 4295 952 4353 odiis.
974 4303 1002 4350 ct
1054 4291 1174 4364 Sulphur
1187 4295 1286 4367 quippe
1309 4295 1422 4353 fetorem
1438 4298 1530 4365 habet,
1549 4299 1620 4371 iquis
1639 4300 1775 4356 ardorem.
1791 4299 1845 4368 Qui

212 4392 342 4447 tumultus
359 4390 470 4456 excitat,
492 4405 542 4445 nec
567 4404 685 4459 unquam
705 4387 832 4459 perlecta
848 4385 999 4457 tranquilli·
1054 4380 1190 4451 itaqucnd
1203 4398 1330 4454 peruersa
1353 4386 1486 4443 desideria
1497 4403 1530 4444 es
1541 4389 1633 4444 earnis
1656 4387 1744 4445 fetore
1764 4402 1845 4444 arse-

211 4484 274 4538 tatis
289 4481 316 4536 in
327 4479 412 4536 altero
425 4478 502 4553 [alto]
518 4479 701 4536 valethabere
714 4486 825 4534 statum.
840 4476 917 4534 llnde
935 4478 1000 4533 etin
1013 4444 1040 4505 ⁰
1053 4480 1124 4538 rant,
1151 4474 1261 4545 dignum
1281 4474 1343 4542 luit,
1367 4486 1397 4532 ut
1420 4478 1501 4534 simul
1519 4479 1649 4550 sulphure
1671 4479 1795 4550 perirem
1817 4489 1848 4536 et

211 4569 660 4642 Euangeliolcgiturfflarc.vt),
679 4569 784 4626 misisse
799 4568 1001 4623 Dominumas·
1053 4564 1130 4635 igne,
1158 4576 1292 4638 quatenus
1321 4584 1356 4625 eu
1377 4570 1450 4641 justa
1476 4586 1558 4642 poena
1584 4571 1720 4628 discerent
1743 4571 1848 4642 injusto

211 4660 328 4717 candere
351 4658 496 4728 discipulos
512 4674 576 4714 suos
589 4660 615 4713 in
628 4658 789 4722 naviculam,
807 4668 834 4714 ct
849 4658 1001 4729 praecedere
1052 4655 1186 4713 desiderio
1208 4658 1274 4729 quid
1298 4658 1434 4716 iecissent.
1459 4656 1548 4717 Lacus
1566 4660 1719 4717 Tiberiadis
1738 4662 1773 4716 ab
1793 4674 1846 4730 op·

211 4768 275 4808 euin
291 4747 493 4814 transfretum,
514 4749 600 4805 donee
613 4748 761 4805 dimitteret
784 4747 892 4813 turbas,
916 4748 1002 4818 ipsos-
1052 4749 1114 4820 pido
1135 4749 1279 4809 Tiberiade
1296 4761 1418 4822 vocatus,
1438 4756 1510 4825 quod
1527 4756 1661 4826 quendam
1677 4753 1797 4811 llerodes
1813 4755 1843 4810 ln

204 4842 265 4915 'quie
290 4841 447 4912 remigando
470 4839 594 4895 laborare
613 4847 724 4910 propter
746 4839 912 4895 contrarium
935 4855 1001 4895 uen-
1053 4842 1182 4899 bonorem
1193 4844 1299 4901 Tiberii
1311 4845 1425 4902 Caesaris
1438 4846 1567 4904 coadidit.
1583 4846 1632 4902 Est
1649 4853 1739 4902 autem
1753 4846 1781 4900 in
1795 4844 1846 4900 lu·

141 4986 147 4991 .
214 4943 280 4995 tum.
305 4932 381 5002 Quod
394 4931 508 5004 mystice
529 4929 635 4987 labores
654 4932 745 4987 varios
756 4930 883 4987 Ecclesiae
901 4939 1002 4988 satietas
1052 4933 1110 4988 dms
1131 4934 1256 4991 omnibus
1269 4935 1336 4991 lacis
1350 4934 1485 4991 salubrior
1495 4942 1523 4991 ct
1536 4935 1571 4991 ad
1584 4934 1728 4992 sanitatem
1746 4950 1848 5006 corpo·

212 5028 345 5099 designat,
358 5039 419 5095 quaa
431 5023 502 5078 inter
515 5022 600 5079 undas
614 5022 705 5079 saeuit
725 5022 900 5079 adversantes
912 5033 940 5079 et
951 5024 1003 5079 im·
1051 5038 1113 5078 rum
1135 5025 1251 5094 modam
1271 5026 1351 5082 modo
1374 5025 1520 5083 eblcaeior.
1544 5024 1667 5082 Genesar
1688 5025 1764 5081 lacus
1787 5040 1849 5080 am-

212 5119 377 5174 mundorum
398 5115 478 5171 butus
490 5113 634 5187 spirituum
649 5113 682 5171 ad
695 5114 813 5185 quietem
835 5115 930 5185 patriae
947 5129 1003 5171 coe-
1052 5115 1191 5185 piissimas
1204 5117 1231 5171 iu
1245 5115 1348 5185 ludam,
1362 5116 1529 5187 longitudine
1540 5125 1649 5173 centum
1665 5115 1849 5186 quadraginta

213 5209 303 5274 lestis,
322 5208 400 5280 quasi
417 5207 451 5262 ad
470 5206 550 5263 lidum
568 5204 668 5262 littoris
685 5206 846 5273 stationem,
860 5207 1003 5277 pertenire
1053 5207 1209 5263 extenditur
1225 5208 1331 5275 stadiis,
1356 5207 1499 5264 latitudine
1518 5207 1699 5279 quadraginta
1718 5205 1850 5261 diffundi·

214 5309 338 5358 conatur.
356 5300 409 5356 Sed
422 5301 562 5372 priusnos
578 5307 668 5355 cessat
681 5308 788 5364 ventus,
810 5313 890 5370 quam
906 5297 1000 5353 Salsa·
1056 5309 1110 5364 tur,
1125 5298 1306 5370 crispantibus
1320 5301 1398 5370 aqrris
1411 5314 1505 5356 auram
1520 5314 1573 5355 non
1589 5300 1688 5364 uentis,
1705 5298 1753 5354 sed
1768 5299 1803 5353 de
1817 5313 1850 5354 se

216 5403 258 5449 tor
279 5393 402 5450 asceudit
419 5394 446 5448 iu
463 5407 580 5449 narem:
597 5391 660 5463 quia
686 5391 714 5446 in
739 5405 900 5462 quocunque
919 5392 1003 5448 eorde
1055 5392 1115 5462 ipso
1127 5392 1177 5449 sibi
1188 5407 1325 5448 excreans.
1336 5390 1414 5449 Unde
1426 5400 1454 5447 et
1463 5391 1584 5449 Genesar
1593 5392 1692 5448 dlcitm
1701 5406 1790 5462 graeco
1800 5405 1851 5447 so-

217 5482 288 5539 Deus
308 5482 484 5556 pergratiam
501 5480 543 5538 sui
562 5483 639 5539 adest
652 5481 768 5547 amoris,
788 5496 850 5537 mox
872 5482 1002 5537 immensa
1056 5481 1163 5549 cabulo,
1173 5483 1250 5554 quasi
1258 5497 1391 5556 generans
1400 5483 1451 5540 sibi
1462 5498 1567 5539 auram
1579 5483 1756 5554 lieniqueper
1765 5478 1851 5537 dillu-

217 5574 342 5630 uitiorum
355 5572 669 5630 etaduersantismuudi
683 5574 740 5630 siue
756 5570 901 5645 spirituum
923 5571 1002 5627 mali·
1057 5573 1128 5631 siora
1153 5576 1240 5645 spatia
1267 5575 1340 5631 lacus
1368 5575 1555 5646 frequentibus
1576 5575 1651 5631 auris
1678 5573 1852 5645 spirantibus

216 5680 328 5739 quorum
340 5664 408 5723 bella
421 5680 577 5736 compressa
590 5667 742 5737 quiescunt.
1059 5666 1185 5738 agitatur,
1201 5666 1272 5723 uude
1288 5676 1315 5724 et
1333 5666 1427 5739 purior
1446 5666 1560 5724 haustus
1575 5664 1645 5739 eius,
1660 5677 1689 5722 et
1705 5664 1739 5720 ad
1750 5671 1852 5735 potan-
