4042 6200
178 390 248 449 ttbs
440 386 715 446 denuxmotttitt
729 387 767 445 lii
784 390 857 447 EPP.
877 389 979 449 coum
998 391 1063 448 tht.
1082 390 1128 449 Ν.
1149 423 1182 435 --
1198 392 1234 449 lli
1253 393 1361 450 ubist.
1378 393 1424 450 Ab
1439 394 1522 453 nott.
1739 401 1811 460 {tot

212 506 297 575 Quem
308 520 370 576 erpo
385 503 500 575 {ructent
511 503 641 559 debuistis
651 513 714 558 tune
732 505 760 560 in
770 504 816 571 iis,
826 505 854 560 iu
869 504 963 575 quibu
978 509 1001 570 Α
1015 506 1121 574 scribit,
1142 507 1242 563 incede
1260 508 1376 578 (metunt
1397 519 1511 564 uestrum
1529 526 1556 565 tn
1580 513 1806 584 ranetibrutiotte3

177 617 247 658 nunc
269 597 440 654 erubescitis?
463 594 534 650 Nam
546 595 608 666 finis
623 595 729 651 illorum
743 612 815 653 otors
833 607 882 653 eet.
898 596 967 651 Fru-
1016 613 1066 670 per
1083 598 1154 669 quud
1167 598 1288 655 indicare
1305 600 1372 656 mibi
1394 600 1504 656 videtur
1531 601 1603 671 qttntl
1619 603 1725 662 serimus
1751 618 1809 657 nru-

176 701 250 748 ctutn
273 696 301 746 ct
325 689 457 744 bonorum
487 693 515 742 et
544 686 677 741 malorum
702 702 763 742 esse
786 686 865 743 docet
893 687 967 745 Scri·
1016 689 1067 755 lus,
1093 690 1198 746 fructus
1218 691 1416 748 erubescendus
1442 693 1665 762 ctptmtitendus,
1684 710 1737 751 non
1765 700 1809 750 cst

174 794 254 856 ptura
265 780 367 847 divina,
382 787 413 834 ut
433 779 491 850 ipse
512 777 638 834 Salvator
650 780 678 834 in
705 780 858 851 Euangeliis
878 781 963 837 dicits
1016 788 1110 836 troster
1122 779 1245 847 [metues
1260 797 1316 835 που
1331 783 1405 837 enim
1423 783 1520 838 malam
1533 784 1560 838 ln
1579 784 1659 840 nobis
1680 786 1809 842 arborem

175 875 227 930 dut
238 874 319 944 [acite
332 871 451 926 arborem
468 871 573 936 bonurn,
595 881 619 926 et
639 870 753 941 [ratetum
771 874 829 944 ejus
851 874 966 939 bonum·
1016 871 1088 926 Deus
1111 870 1329 940 plantavitque
1347 870 1432 926 malos
1450 871 1554 927 fructus
1570 873 1716 944 proferret,
1736 876 1809 932 sicut

174 973 220 1018 cet
234 962 313 1033 [crite
326 960 446 1015 arborem
468 958 577 1024 molem,
595 969 619 1015 et
638 962 753 1032 (merom
769 962 827 1032 ejus
844 964 965 1020 mulum:
1016 971 1045 1018 ct
1058 963 1115 1034 ipsc
1129 962 1194 1017 dicit
1204 977 1255 1034 per
1268 964 1427 1032 proplietam
1444 982 1451 1017 z
1469 963 1526 1035 Euo
1544 963 1661 1034 mentori
1683 976 1708 1021 te
1730 968 1806 1021 ritem

175 1070 228 1108 noo
241 1061 324 1124 potest
337 1050 415 1106 orbor
429 1053 497 1105 bona
516 1053 631 1123 [turtum
648 1050 747 1107 molum
776 1053 967 1127 faceremque
1018 1053 1182 1125 fructiferam
1206 1063 1340 1124 totumque
1353 1055 1481 1120 feracem,
1494 1057 1626 1125 quomodo
1646 1075 1769 1112 concerto
1782 1075 1809 1113 es

174 1145 255 1200 arbor
271 1142 343 1197 mulo
362 1143 476 1213 (ructum
504 1144 599 1199 bonum
617 1146 703 1217 [acere
725 1146 834 1219 (natet.
862 1148 921 1217 xxx).
937 1148 965 1202 ln
1016 1147 1044 1200 in
1057 1145 1259 1200 amaritudinem
1272 1145 1331 1199 uitis
1344 1145 1459 1200 niienoei
1478 1145 1546 1216 (len.
1562 1148 1600 1217 u.)
1616 1147 1732 1205 Frttctns
1744 1162 1809 1219 ergo

174 1233 273 1304 quibus
286 1233 453 1304 propositum
468 1242 496 1287 ct
524 1232 649 1289 voluntas
672 1235 792 1292 hominis
804 1237 887 1291 arbor
913 1236 965 1292 dici
1016 1235 1102 1292 malos
1113 1237 1220 1292 etiamsi
1233 1235 1381 1292 alienamus
1400 1251 1452 1290 nnn
1470 1246 1533 1291 sinit
1543 1238 1638 1302 nostri,
1652 1239 1699 1293 sed
1713 1238 1807 1303 alieni,

173 1321 282 1379 videtur
294 1323 428 1389 veihona,
443 1322 485 1379 rel
497 1323 582 1387 mala,
597 1322 701 1380 fruetus
714 1341 779 1381 sero
798 1326 857 1398 ejus
870 1342 963 1397 opera.
1016 1327 1044 1382 id
1067 1336 1118 1393 cst,
1138 1328 1241 1399 peccati
1259 1326 1384 1382 :fruetus
1402 1335 1493 1380 autem
1517 1327 1604 1382 bunos
1618 1327 1640 1381 sl
1664 1327 1809 1384 alleronnus

174 1415 203 1472 Si
213 1417 276 1488 otiis
287 1415 521 1489 igiturconvertat
533 1415 638 1471 animos
650 1424 677 1471 et
687 1417 855 1488 propositum
867 1418 901 1473 ad
909 1418 968 1488 jus·
1017 1416 1045 1471 in
1071 1417 1299 1483 sanctificatione,
1328 1417 1415 1473 nostri
1436 1425 1499 1473 sunt
1518 1415 1631 1473 fructus.
1653 1417 1721 1474 lstos
1736 1419 1809 1474 etnim

173 1507 274 1572 titiam,
289 1505 493 1562 erubescitsinc
509 1505 627 1561 dubiost
643 1506 741 1575 ipsese
757 1514 833 1561 notat
847 1507 882 1563 de
892 1506 965 1578 prio-
1017 1505 1123 1562 lruetus
1135 1515 1165 1562 ut
1178 1506 1289 1563 offerret
1313 1508 1429 1562 bumana
1445 1514 1574 1562 namma
1594 1505 1743 1564 Conditore
1758 1522 1811 1566 suo

174 1598 250 1654 ribos
260 1598 343 1672 gestis
355 1612 416 1668 quae
433 1597 490 1669 egit
503 1596 608 1666 positus
632 1597 683 1652 sub
697 1605 818 1668 peccato,
833 1596 966 1668 qttiafinis
1017 1598 1159 1669 suscepit:
1175 1613 1238 1652 nam
1265 1598 1302 1654 illi
1328 1598 1409 1654 alieni
1435 1613 1490 1654 non
1514 1600 1629 1654 suntin
1657 1599 1736 1655 nobis
1763 1614 1809 1655 se·

173 1689 281 1745 illorum
290 1705 360 1744 mors
374 1699 421 1754 est,
430 1687 477 1743 sed
490 1688 610 1757 requiro,
621 1703 682 1757 quse
694 1686 904 1743 morsiCcrtum
913 1697 965 1755 εει,
1017 1688 1112 1744 minati
1123 1705 1139 1743 a
1151 1688 1225 1744 lieo:
1238 1688 1283 1744 ubi
1297 1703 1364 1744 nero
1380 1688 1446 1745 dicit
1456 1690 1540 1744 vitam
1553 1699 1682 1745 eetcmam
1696 1691 1729 1745 ad
1743 1689 1809 1747 illud

173 1781 237 1853 thia
248 1796 301 1836 non
313 1781 363 1836 ista
374 1779 602 1835 communis:non
614 1779 686 1834 enim
703 1779 764 1848 quis
776 1787 965 1848 postmortem
1017 1781 1200 1850 aspiciendum
1229 1787 1287 1846 cst,
1313 1782 1386 1852 quod
1413 1781 1471 1852 ipsc
1495 1781 1621 1838 Salvator
1639 1783 1729 1838 dixit:
1746 1782 1812 1838 lice

173 1865 343 1928 corruertitu'r
363 1870 397 1925 ad
411 1867 557 1938 justitiam,
572 1868 614 1924 vel
627 1884 677 1940 pro
693 1869 764 1924 male
773 1869 856 1939 gestis
872 1877 966 1939 praete·
983 1856 1004 1913 Β
1019 1878 1057 1924 ert
1077 1871 1129 1924 tito
1143 1878 1242 1928 ctertu
1256 1879 1285 1924 ut
1306 1881 1465 1940 copnoscnnt
1485 1880 1510 1926 te
1528 1871 1613 1926 solnm
1628 1888 1716 1926 uerum
1726 1871 1811 1927 Deum

175 1962 236 2017 ritis
251 1960 483 2031 crubescitiquid
510 1974 575 2031 ergo
587 1961 647 2015 esti
660 1960 847 2030 nunquidnam
864 1960 967 2031 pcccati
1020 1969 1045 2014 et
1077 1976 1153 2031 queem
1178 1959 1273 2014 misisti
1292 1959 1384 2014 lerum
1403 1958 1536 2014 Christum
1559 1959 1652 2032 (donn.
1675 1961 1754 2032 xxxx).
1777 1960 1812 2018 m

174 2059 291 2107 mortem
309 2050 400 2107 dicere
413 2050 536 2106 uidetur?
551 2050 680 2121 quoniam
699 2050 788 2105 auium
805 2067 863 2121 pute
880 2059 968 2122 peceat
1020 2052 1118 2106 iterttm
1133 2068 1138 2107 :
1152 2050 1210 2126 Epo
1226 2066 1286 2104 sum
1298 2052 1349 2115 rio,
1361 2052 1458 2106 ueritus
1471 2061 1495 2106 ει
1505 2052 1559 2121 cito
1578 2051 1668 2123 (donn.
1683 2052 1756 2122 xxu);
1783 2060 1813 2108 et

173 2148 231 2219 ipsa
245 2146 370 2201 intonetur
392 2143 501 2218 (Esecb.
523 2142 624 2214 suendi
642 2159 676 2198 an
689 2143 754 2199 illud
776 2143 862 2214 magis
880 2151 969 2213 potest
1020 2141 1077 2211 ipsc
1087 2140 1230 2211 Apostolus
1246 2141 1273 2196 in
1288 2141 1348 2197 aliis
1363 2142 1427 2197 dlcit
1438 2140 1503 2210 quia
1515 2142 1650 2213 rapiemur
1660 2143 1687 2196 in
1698 2141 1810 2197 nubibus

174 2235 299 2308 intelligi,
312 2235 383 2305 quod
400 2234 480 2290 istam
491 2242 606 2289 mortem
617 2232 700 2299 dicat,
717 2247 769 2303 qua
783 2248 845 2288 eum
858 2233 968 2288 Christo
1019 2231 1121 2286 cirrium
1135 2231 1240 2287 Christo
1249 2233 1277 2287 in
1292 2242 1392 2299 seruet
1401 2233 1440 2286 itn
1453 2248 1623 2303 temperetur
1634 2231 1746 2286 Domino
1759 2232 1810 2286 eti·

172 2324 292 2398 peccatis
299 2323 441 2390 morimur,
448 2331 476 2379 et
485 2322 558 2379 uitiis
569 2338 601 2380 ac
609 2323 756 2378 sceleribus
768 2323 848 2377 linem
860 2322 965 2390 dantus,
1019 2337 1078 2377 uter
1098 2321 1127 2393 (l
1139 2320 1291 2394 Turrem).
1314 2319 1391 2378 Sicut
1407 2335 1472 2392 ergo
1489 2336 1596 2392 semper
1617 2337 1679 2378 cum
1696 2321 1811 2379 Domino

173 2425 204 2472 ut
214 2414 359 2487 Apostolus
371 2414 429 2470 lucc
440 2412 541 2469 dixisse
553 2413 687 2477 uideatur,
704 2412 767 2482 qnia
779 2412 841 2482 finis
860 2412 967 2467 illorum
1019 2414 1100 2469 ilnem
1112 2427 1167 2468 non
1180 2411 1274 2478 babet,
1285 2412 1324 2467 ita
1337 2419 1365 2467 ει
1378 2411 1434 2467 uita
1443 2420 1545 2468 eterna
1556 2413 1658 2468 nullum
1671 2412 1753 2468 linem
1764 2414 1813 2470 ba·

172 2525 244 2565 nturi
254 2519 291 2563 est
300 2508 312 2560 l
321 2506 438 2580 (Ambe)
450 2506 544 2562 linem
555 2505 624 2561 dixit
636 2506 737 2561 exitum
748 2507 811 2560 sita
820 2515 848 2561 et
858 2514 966 2562 actuum
1017 2507 1082 2562 bere
1092 2504 1227 2562 credenda
1239 2513 1292 2561 εει.

170 2597 217 2654 cui
229 2608 276 2653 attt
292 2613 381 2662 mors,
402 2605 449 2653 eut
462 2597 517 2652 sita
538 2597 667 2653 succedit.
687 2595 741 2651 Sed
760 2596 811 2650 boc
823 2594 883 2651 loco
894 2609 967 2651 mors
1052 2596 1189 2669 Stipendia
1199 2599 1269 2653 emm
1279 2597 1379 2670 percuti
1389 2614 1469 2653 mors.
1482 2594 1576 2651 Gratia
1591 2605 1679 2651 cutem
1689 2596 1739 2652 Dei
1756 2597 1810 2654 rito

172 2687 281 2759 dnplcx,
294 2702 309 2741 a
322 2695 409 2743 morte
425 2688 498 2742 enim
513 2686 548 2742 ad
561 2695 675 2744 mortens
689 2687 831 2741 transitur.
1016 2699 1115 2744 oeteron
1125 2690 1153 2742 in
1164 2686 1268 2743 Christo
1281 2688 1345 2743 decu
1360 2687 1471 2743 Domino
1488 2698 1586 2743 nostro.
1603 2686 1720 2761 (Antbr.)
1733 2686 1809 2755 thte·

209 2780 290 2835 Nunc
315 2796 375 2834 uero
395 2778 499 2834 liberati
526 2788 679 2850 operculo,
705 2780 774 2833 serui
793 2787 881 2831 nutem
901 2776 966 2847 [neti
1020 2779 1704 2852 stumpeccatimortemdicit,qoiaperpcccatum
1716 2792 1808 2834 morsi

174 2869 240 2937 lieo,
265 2869 365 2925 iubetis
389 2870 505 2941 [ructum
530 2881 642 2926 uestrum
665 2871 694 2924 in
715 2869 964 2938 sanctificationem,
1016 2887 1049 2927 ac
1070 2886 1121 2942 per
1134 2872 1186 2928 boc
1208 2871 1254 2942 qui
1277 2871 1311 2927 de
1325 2879 1423 2926 caetero
1447 2869 1585 2925 abstinent
1607 2868 1810 2938 seapeccatis,

170 2960 251 3030 inem
270 2977 329 3014 reru
342 2961 420 3016 uuum
434 2972 568 3016 eremum.
593 2960 650 3016 ltoc
674 2967 727 3024 est.
742 2959 764 3014 si
787 2969 897 3029 accepta
922 2973 964 3013 re·
1015 2964 1177 3033 stipendium
1192 2963 1424 3034 accipiuntutam
1438 2970 1582 3028 eternam
1605 2961 1667 3032 qnia
1690 2959 1736 3031 qui
1756 2975 1810 3015 non

172 3049 302 3106 missione
322 3057 507 3120 peccatorum,
527 3050 658 3105 bonorum
675 3056 784 3106 actuum
800 3046 889 3104 aemnli
907 3046 964 3103 iue-
1015 3062 1138 3126 peecant,
1153 3053 1233 3110 alieni
1246 3064 1337 3111 sunta
1353 3062 1440 3111 morte
1453 3052 1580 3109 εεειιιιιιε.
1593 3051 1669 3108 Sicut
1680 3051 1753 3107 enim
1767 3064 1811 3107 se·

171 3141 665 3212 1111115,111111111115111111111119111,
686 3139 768 3196 fltteffl
791 3155 857 3195 lew
880 3139 963 3194 habe·
1015 3156 1128 3217 poeotes
1136 3156 1277 3220 peccatum
1289 3147 1433 3218 acquirunt
1444 3155 1569 3211 mortem,
1582 3144 1619 3200 ita
1629 3152 1656 3201 ct
1666 3152 1811 3214 sequentes

172 3231 274 3297 bimus,
292 3230 320 3286 id
339 3241 391 3299 est,
410 3232 524 3297 exitum,
540 3232 622 3286 vitam
639 3239 815 3302 perpetuam
834 3246 849 3284 a
875 3239 963 3288 morte
978 3215 999 3278 C
1016 3240 1130 3312 gratiam
1138 3239 1196 3304 bet,
1210 3239 1237 3295 id
1249 3247 1300 3305 est,
1312 3237 1584 3309 Meministi-quac
1596 3237 1679 3293 donat
1689 3244 1810 3309 peccota,

172 3321 248 3376 1111111
272 3310 340 3386 Μ»
357 3320 534 3391 (1111111111111
557 3320 640 3386 111111,
666 3321 841 3376 imbibimus
865 3322 899 3376 1111
924 3322 965 3376 11·
1016 3332 1154 3386 habebunt
1168 3331 1251 3385 sitam
1265 3339 1394 3385 aeternam
1408 3337 1437 3384 ut
1458 3329 1590 3401 gaudeant
1607 3341 1637 3383 sc
1655 3327 1688 3381 ad
1707 3335 1811 3396 tempos

174 3422 230 3468 11111
257 3428 317 3483 quw
341 3415 400 3469 Sint
426 3413 479 3469 fine
499 3422 550 3469 esl-
579 3412 671 3485 (Aue)
691 3413 769 3468 Hunc
793 3413 820 3467 111
844 3412 964 3468 sanctifi·
1017 3418 1364 3491 dissolvi,lscientesl1anc
1381 3431 1411 3474 se
1427 3418 1509 3473 uitam
1525 3425 1731 3482 consecuturos,
1751 3431 1811 3485 ottae

171 3505 282 3562 catione
306 3504 435 3571 fructum,
459 3504 505 3575 qui
525 3503 628 3559 iructus
655 3505 747 3574 procul
767 3504 849 3559 dubio
870 3504 962 3560 ebori·
1017 3518 1045 3566 ct
1059 3509 1133 3564 omni
1156 3509 1236 3566 taedio
1253 3517 1355 3575 careat,
1374 3517 1402 3565 et
1419 3509 1618 3565 successionem
1634 3523 1688 3563 non
1702 3508 1809 3563 habeat.

173 3607 217 3652 tas
230 3605 273 3651 cst
296 3593 484 3667 atque'opera
502 3596 561 3667 cius
585 3595 657 3650 nullo
677 3596 756 3651 modo
775 3596 875 3651 babere
900 3612 965 3665 pos·
1017 3598 1108 3672 (Aue.)
1123 3599 1199 3656 Unde
1212 3609 1239 3654 ει
1251 3599 1336 3670 ipsam
1344 3600 1426 3655 vitam
1435 3609 1576 3666 eternam,
1590 3614 1650 3670 qua
1659 3609 1811 3654 certemer·

172 3706 269 3746 suxttus
280 3705 297 3745 a
309 3691 399 3754 nobis,
415 3689 463 3745 sed
478 3689 610 3744 babemus
624 3703 675 3760 per
693 3687 824 3758 Spiritum
841 3696 964 3743 sanctum
1016 3702 1063 3746 ecs
1077 3699 1118 3746 est
1133 3704 1244 3759 opernm
1261 3688 1405 3754 bonorum,
1423 3690 1537 3761 gratiam
1550 3689 1596 3744 liei
1608 3688 1724 3758 appellat
1737 3689 1808 3758 lpo-

173 3783 221 3854 qui
246 3782 325 3838 datus
343 3790 384 3837 est
402 3781 499 3847 nobis;
516 3783 549 3837 dc
570 3782 629 3851 ipso
643 3780 741 3851 quiippe
763 3780 849 3833 t'rnctu
873 3779 966 3848 loque·
1016 3780 1111 3837 stolus.
1126 3778 1302 3849 Stipendium,
1321 3777 1419 3848 inquit,
1434 3779 1533 3848 percuti
1548 3793 1628 3832 mors.
1647 3777 1741 3831 Gratia
1761 3793 1811 3829 uu·

174 3876 256 3930 batur
267 3874 394 3945 magister
408 3873 491 3939 Deus,
517 3874 625 3941 quando
639 3871 796 3942 palmitibus
810 3870 836 3925 in
857 3886 887 3924 sc
907 3886 965 3925 ma·
1016 3879 1067 3923 tem
1079 3868 1131 3921 liei
1145 3874 1196 3921 utu
1212 3867 1360 3931 tricennio
1376 3864 1480 3921 Christo
1497 3865 1562 3921 dent
1584 3866 1695 3920 Doruino
1709 3876 1809 3922 nostro.

175 3967 303 4023 bentibus
325 3968 430 4023 dicebat
455 3983 462 4020 ι
488 3965 551 4022 Sine
581 3982 622 4020 me
649 3962 715 4018 rtiltii
747 3963 852 4034 potestis
880 3961 966 4032 iecere
1018 3958 1187 4029 Stipendium
1203 3972 1253 4029 pro
1267 3956 1807 4027 operemilitiaedcltituntrcdtlitur,non

174 4056 336 4131 (donnxx).
353 4056 520 4122 -llobetis,
542 4057 639 4126 inquit,
658 4054 771 4124 frenum
792 4064 915 4119 cestrum,
938 4052 965 4107 in
1017 4051 1143 4106 donatur.
1173 4049 1239 4105 ideo
1254 4046 1322 4103 dixit
1339 4067 1346 4102 :
1363 4048 1522 4118 stipendium
1544 4047 1644 4118 peccori
1671 4062 1752 4111 mors,
1779 4054 1810 4100 ut

175 4144 395 4214 sanctificatione,
416 4146 496 4214 finem
519 4160 578 4199 uero
600 4143 679 4198 citum
702 4153 837 4198 eternum.
864 4139 964 4214 (Oris.)
1017 4153 1132 4199 mortem
1142 4150 1253 4213 peccato
1270 4157 1321 4197 non
1338 4141 1474 4196 immerito
1496 4140 1610 4206 illatam,
1626 4139 1673 4194 scd
1685 4139 1804 4193 debitam

176 4232 294 4291 Fructus
311 4234 444 4291 fructibus
458 4241 599 4304 comparat
616 4242 644 4288 et
660 4233 763 4305 peccati
781 4232 891 4304 quidem
910 4229 966 4285 sru-
1016 4238 1228 4300 demonstraret;
1241 4234 1326 4307 gratia
1336 4243 1426 4288 nutem
1439 4231 1582 4302 nisigratls
1593 4238 1644 4294 est,
1655 4230 1740 4299 gratia
1753 4243 1807 4283 non
1870 4236 1874 4241 ’

175 4338 239 4387 ctus
250 4343 300 4399 pro
311 4326 500 4398 quibuscum,
513 4326 565 4381 boc
578 4333 631 4390 εει,
646 4332 739 4395 postea
764 4337 845 4393 quam
858 4322 965 4378 liberati
1017 4336 1068 4383 est.
1083 4325 1287 4398 intelligendum
1299 4333 1342 4380 est
1352 4324 1435 4395 igitur
1444 4322 1524 4378 etiarn
1537 4322 1594 4392 ipso
1606 4320 1722 4375 horninis
1737 4317 1808 4373 bona

178 4427 316 4492 apecotto
329 4427 357 4474 et
368 4418 438 4475 serni
450 4417 514 4473 iacti
528 4417 593 4480 beo,
609 4414 695 4470 sancti
710 4414 885 4479 erubescunt,
905 4428 966 4484 pro·
1017 4419 1115 4475 merita
1128 4431 1188 4473 csse
1201 4416 1248 4473 lici
1259 4432 1382 4481 munera,
1395 4415 1555 4485 quibuscum
1568 4415 1623 4468 sita
1634 4420 1734 4468 eterna
1745 4411 1809 4467 red-

176 4510 285 4566 nuntiat
301 4516 388 4564 morte
403 4507 488 4572 ssniri3
510 4504 614 4561 iunctus
632 4519 697 4560 xero
708 4503 820 4573 justitiae
836 4504 882 4574 out
904 4513 966 4558 sunt
1021 4511 1108 4580 ditur;
1120 4509 1185 4581 quid
1204 4507 1255 4563 nisi
1267 4507 1352 4581 gratia
1367 4521 1416 4577 pro
1436 4505 1523 4577 gratia
1543 4504 1680 4560 redditur?
1692 4502 1807 4576 (tutor.)

178 4599 207 4656 in
225 4598 448 4663 sanctificatione,
468 4596 548 4651 linem
566 4596 633 4651 dicit
647 4596 770 4666 accipere
783 4596 866 4655 vitam
882 4605 964 4653 aeter·
1017 4601 1052 4656 Et
1066 4601 1118 4656 boc
1131 4599 1230 4654 dontun
1246 4614 1261 4652 a
1275 4599 1328 4652 Deo
1341 4612 1390 4667 per
1407 4586 1546 4652 Christum
1561 4595 1639 4650 nobis
1650 4593 1743 4650 dutum
1753 4592 1808 4650 Do·

176 4705 252 4748 tram.
268 4688 298 4743 ln
309 4705 362 4761 qun
383 4688 447 4744 illud
459 4687 547 4758 primo
566 4700 618 4741 non
631 4694 674 4741 est
685 4687 872 4751 omittendum,
893 4686 966 4756 quod
1016 4691 1120 4745 minum
1145 4697 1266 4744 nostrum
1288 4695 1417 4752 tstator,
1436 4694 1466 4740 ut
1477 4687 1533 4741 Deo
1547 4685 1620 4741 Patri
1639 4687 1739 4757 gratias
1760 4699 1809 4757 per

177 4781 283 4837 lructus
300 4779 408 4851 quidem
425 4793 483 4844 cos,
500 4793 549 4849 pro
566 4777 665 4848 quibus
682 4792 754 4832 nunc
766 4778 962 4844 erubescimus,
1017 4781 1119 4836 nullum
1135 4780 1250 4834 alterum
1265 4778 1317 4832 nisi
1331 4792 1379 4848 per
1390 4776 1488 4832 Filium
1503 4776 1561 4845 ejus
1574 4792 1692 4847 agamus.
1708 4775 1807 4849 (Orio.)

179 4871 206 4926 in
223 4885 277 4940 quo
289 4870 354 4934 sint,
373 4866 459 4923 noluit
472 4868 614 4922 nominare
636 4884 643 4920 ε
660 4881 754 4921 eorum
771 4881 835 4922 vero
848 4865 964 4921 lructunt
1017 4872 1090 4927 Bene
1104 4880 1192 4927 autent
1200 4870 1396 4939 metaphoram,
1417 4865 1443 4922 iti
1462 4878 1514 4932 est,
1529 4866 1641 4937 tigttrnnt
1658 4867 1759 4921 tnilitias
1773 4882 1808 4921 ex

178 4960 226 5031 oui
256 4959 361 5015 liberati
380 4968 443 5014 suxit
467 4974 483 5013 a
509 4966 636 5029 peccato,
661 4964 689 5013 ει
717 4956 787 5011 serni
815 4954 880 5012 iacti
904 4966 967 5012 sunt
1018 4962 1093 5015 initio
1105 4960 1269 5030 propositam
1288 4965 1390 5022 seruat,
1406 4966 1436 5012 ut
1449 4955 1626 5010 militantibus
1638 4955 1688 5009 sub
1696 4964 1807 5024 peccato

179 5052 248 5119 ⁰⁹⁰2
270 5052 335 5107 dicit
360 5066 421 5108 esse
441 5051 469 5106 io
492 5050 726 5106 sanctificatione:
740 5048 873 5102 bonorum
892 5046 965 5102 onim
1019 5069 1092 5124 rego,
1105 5053 1160 5108 into
1173 5053 1262 5122 potios
1276 5049 1411 5121 tyrannidi
1425 5049 1484 5119 ejus
1495 5047 1660 5119 parentibus,
1673 5047 1807 5118 stipendia

178 5142 349 5214 trcqucnous
368 5158 450 5213 quam
471 5142 604 5197 malorum
626 5139 749 5196 habenda
768 5139 899 5194 memoria
913 5147 965 5194 est.
1019 5143 1108 5199 debita
1124 5150 1237 5197 mortem
1263 5140 1336 5195 dicat
1353 5138 1465 5193 exsolvi.
1493 5139 1576 5194 Deum
1591 5152 1655 5192 nero
1674 5151 1727 5192 non
1747 5148 1808 5193 crat

180 5236 236 5294 Sed
257 5243 286 5291 ei
312 5235 376 5290 illud
396 5235 483 5290 adhue
506 5233 705 5289 observandum
736 5240 813 5301 puto,
839 5229 967 5299 (11101ιὶ1111
1019 5236 1128 5307 dignuin
1137 5234 1266 5289 militibus
1278 5232 1334 5286 suis
1347 5229 1562 5300 stipendiaqnnsi
1572 5228 1807 5300 debitutnaliquod

179 5328 351 5387 collationem
364 5328 481 5382 diximus
490 5324 625 5382 fruetuum
638 5325 769 5380 malorum
779 5332 808 5379 et
831 5323 967 5379 fructuum
1020 5326 1095 5390 dare,
1108 5325 1155 5379 sed
1172 5322 1271 5377 donum
1284 5332 1312 5377 et
1321 5320 1448 5392 gratiam,
1463 5334 1522 5389 qute
1536 5329 1578 5375 cst
1590 5319 1645 5373 uite
1659 5327 1760 5374 aetertta
1778 5319 1807 5374 in

180 5421 313 5476 bonorum
327 5417 424 5473 iecisse
447 5415 615 5487 Apostolum,
640 5415 712 5485 thod
736 5414 772 5470 ibi
787 5413 896 5484 quidem
920 5413 964 5469 ubi
1022 5415 1200 5475 Citristolesu
1217 5415 1330 5471 Domitw
1343 5406 1572 5482 nostrollgonon
1584 5422 1649 5483 poto
1662 5414 1742 5467 etiarn
1755 5413 1807 5473 boc

179 5511 215 5566 dc
228 5508 306 5565 malis
320 5508 452 5564 fructibus
475 5506 593 5573 dicebat,
616 5522 670 5562 non
685 5504 764 5572 dixit,
784 5506 900 5560 lrtxctum
922 5520 967 5561 ue·
1021 5504 1431 5576 uacuomcssequodaduttam
1442 5502 1718 5560 aeternamaddiditin
1730 5502 1808 5560 cnei·

180 5609 270 5656 struto
291 5599 434 5667 habuistis,
459 5599 486 5654 io
500 5599 598 5669 quibos
625 5614 697 5653 nune
721 5598 891 5662 erubescitis,
918 5599 966 5654 sed
1019 5611 1060 5656 sto
1082 5600 1147 5655 iesu
1172 5596 1284 5651 bertine
1310 5604 1420 5660 nostro,·
1446 5593 1494 5650 sed
1513 5594 1576 5662 qnia
1601 5591 1723 5649 incussis
1742 5593 1805 5648 sciri

178 5692 360 5766 dirittquem
376 5693 857 5766 erpo{niuambubnutieiubixcro
872 5694 966 5751 debo-
1021 5693 1103 5750 uoluit
1128 5690 1199 5746 aliud
1219 5704 1280 5745 csse
1302 5688 1387 5743 sitam
1405 5695 1535 5742 aemrnam
1559 5685 1658 5751 solium
1687 5695 1715 5742 ct
1733 5685 1806 5743 alind

181 5786 226 5845 nis
238 5780 371 5843 fructibus
390 5786 468 5853 dicit,
492 5787 611 5842 additum
625 5797 667 5842 est
688 5797 797 5843 murum
809 5802 818 5853 ;
840 5787 879 5842 sic
893 5787 964 5842 eninr
1020 5785 1103 5840 xitum
1129 5791 1259 5839 setcmmt
1287 5780 1313 5836 in
1341 5779 1451 5836 Cluisto
1472 5777 1545 5835 iesu.
1570 5778 1601 5834 Ει
1620 5777 1657 5836 illi
1670 5780 1742 5836 euim
1757 5778 1804 5841 oni
