4042 6200
254 191 307 248 5‘23
475 199 492 267 0.
572 187 604 242 lt.
626 184 752 242 dabant
771 182 880 242 dauid
899 179 1057 237 anchise.
1082 177 1237 235 thGUN'l'.
1257 176 1401 235 OPElthl
1419 174 1510 232 elas
1528 175 1560 230 ll.
1835 174 1889 231 533

253 317 304 361 tem
323 311 486 373 rnrnpscrunt
512 298 595 352 oleam
620 301 646 351 in
672 298 738 351 roris
763 296 815 350 mis
836 294 943 366 (ilarii.
967 291 1041 365 xxv).
1059 294 1187 353 Amonte
1205 289 1321 357 brabia,
1335 290 1380 345 ulti
1398 288 1484 345 Sabaei
1508 295 1580 342 sunl.
1604 285 1674 340 Nam
1698 301 1890 344 monacorum

176 429 181 439 ·
252 390 628 460 Oleumsermodeceptoris,
650 391 679 444 iu
702 388 824 458 psalmo:
840 381 932 441 Oleum
956 397 1043 441 rutero
1094 381 1212 435 Libanus
1225 379 1391 447 dicitur,ubi
1418 380 1497 434 thura
1521 377 1694 448 colliguntur.
1710 376 1821 449 Myrrha
1844 394 1890 432 ar·

253 485 396 558 peccatoria
420 499 471 537 non
495 481 638 551 impinguet
655 489 733 549 capnt
755 494 841 532 meum
859 475 945 550 (Psoi.
968 475 1041 543 cxci.
1093 471 1272 537 borhrabiae,
1286 469 1435 525 altitudinis
1454 468 1574 538 quinque
1600 467 1772 534 cubiturum,
1792 468 1893 524 similis

254 578 357 640 Oleum,
374 573 563 629 baereticorum
589 569 695 625 subtilis
721 574 749 624 et
777 568 875 622 blanda
901 566 1042 638 deceptio:
1094 565 1196 637 spinae,
1223 578 1303 633 quam
1318 562 1453 618 achanton
1479 560 1581 615 dieunt.
1597 556 1681 627 Crrjns
1699 568 1775 630 gutta
1793 558 1893 615 viridis

254 670 324 725 sicut
334 668 361 721 iu
372 664 517 720 Salomone
532 661 564 716 de
581 662 675 716 eadem
692 675 775 732 prara
790 658 911 714 doctrina
923 659 1041 715 dicitur:
1094 662 1175 724 atquc
1188 667 1281 708 amara
1296 669 1302 704 :
1317 651 1388 706 unde
1411 658 1440 705 ct
1459 663 1558 704 uourcn
1581 649 1685 720 acecpit
1705 649 1842 719 myrrha:
1865 658 1894 705 et

256 758 374 814 Nitidinr
384 757 440 810 oleo
453 763 544 826 gotter
559 752 617 825 ejas
642 751 734 825 (Pron.
751 752 789 824 v).
806 752 838 806 Et
861 752 887 806 in
905 750 973 807 Osee
988 771 994 806 :
1011 751 1044 806 Et
1093 751 1168 815 gutta
1179 743 1237 811 ejus
1248 749 1344 813 sponte
1357 756 1470 796 manans
1485 740 1627 812 pretiosior
1638 748 1701 796 est:
1725 741 1819 797 elicita
1832 757 1894 798 cor·

254 848 340 902 nicam
354 848 381 901 in
397 845 513 917 AEpppto
534 842 649 916 [erebant
673 841 746 915 (Ore.
772 841 837 913 xri),
855 843 907 897 hoc
930 850 986 904 est,
1009 843 1044 898 ad
1094 834 1155 890 licis
1168 833 1279 889 uulnere
1293 833 1528 904 viiiorjudicatur.
1542 834 1686 889 Sarmenta
1708 834 1768 903 eius
1784 835 1894 891 Arabes

254 938 423 995 saecularium
447 945 551 992 mentes
563 933 744 1005 decipiendas.
759 934 931 1007 Unguentum
946 950 1044 990 numen
1094 923 1199 994 ignibus
1213 923 1323 979 s⁰ie¹¹2²
1339 937 1455 994 humum
1475 921 1550 977 ‘⁰³¹⁰
1574 923 1641 1012 ⁸²¹⁰,ss
1662 924 1762 992 ¹¹⁰¹30s
1785 925 1841 980 ⁰5⁸5
1858 927 1893 979 ²4

255 1032 411 1087 Salinatoris.
425 1031 454 1085 ln
466 1030 629 1084 Saloutorm:
648 1027 812 1100 anumtnm
825 1029 937 1097 effusum
950 1043 1044 1080 nomen
1093 1017 1204 1073 odorem
1228 1016 1342 1072 storacis
1365 1024 1521 1080 occurrant,
1544 1015 1702 1084 plerumque
1724 1016 1893 1070 insanabiles

254 1134 327 1177 turem
342 1122 429 1196 (Cant.
447 1121 477 1184 tl.
495 1121 674 1192 Unguentum,
689 1120 775 1191 gratia
788 1120 906 1190 Spiritus
919 1121 1004 1175 saucii
1017 1119 1043 1175 in
1094 1109 1202 1164 ffl⁰¹b05
1228 1108 1399 1163 fflssifflhllssl·
1417 1105 1627 1179 Mlsl'hiilufflffl
1642 1106 1837 1179 dek’dififfl
1859 1109 1893 1161 ²¹l

189 1209 195 1220 ’
255 1216 414 1271 Salomone:
435 1214 533 1267 Merme
544 1211 689 1277 rroritnre,
700 1211 790 1276 idest,
802 1211 948 1276 daemones,
959 1220 1043 1266 eeter-
1094 1203 1181 1261 insula
1193 1203 1300 1260 Arabiae
1314 1204 1397 1269 dicta,
1410 1202 1455 1258 ubi
1477 1201 1573 1258 melior
1584 1201 1720 1273 colligitur
1740 1211 1769 1256 ct
1784 1202 1891 1271 purior.

254 1306 355 1360 minum
377 1312 535 1375 annitentem
553 1302 691 1356 suscitatis
705 1301 803 1372 (decla.
820 1301 858 1374 ι).
872 1302 1043 1374 Unguentum
1094 1294 1204 1350 Diversa
1219 1295 1291 1350 enim
1308 1302 1431 1350 aromata
1456 1293 1578 1349 diversis
1604 1293 1711 1362 specim
1734 1293 1893 1374 significant

254 1395 410 1450 chrismatis
423 1394 525 1448 strictio.
544 1392 573 1447 ln
595 1390 743 1458 Psalterio,
763 1399 793 1446 ut
807 1393 915 1462 quidam
928 1391 1021 1447 rolant
1035 1410 1041 1445 :
1094 1387 1235 1452 virtutum,
1249 1387 1348 1458 quibus
1361 1395 1454 1443 sancta
1467 1387 1609 1442 decoratur
1621 1384 1752 1442 Ecclesia.
1769 1385 1850 1442 Unde
1866 1388 1893 1440 iu

254 1489 274 1540 Α
292 1488 379 1556 fructa
398 1486 521 1557 {rumenti
532 1495 555 1538 et
569 1483 620 1538 olei
635 1482 802 1554 multiplicati
813 1492 872 1538 sunt
884 1480 970 1556 (Prot.
986 1481 1042 1553 rv);
1094 1474 1385 1533 Canticocauticorum
1400 1477 1531 1545 scriptam
1550 1474 1893 1542 componendaque

254 1587 281 1632 et
297 1579 323 1632 in
348 1578 440 1632 Exodo
459 1575 572 1646 plorum
587 1573 620 1629 de
647 1574 868 1629 denarrantur.
894 1572 988 1629 oleum
1004 1574 1044 1630 lo·
1094 1567 1209 1621 meridi
1223 1582 1269 1638 per
1282 1565 1492 1621 recrearemur
1506 1564 1607 1636 sirmia
1621 1565 1747 1634 lumime
1760 1566 1891 1620 aromat-

254 1677 372 1724 meutum
386 1667 522 1722 blanditie
546 1666 572 1718 in
588 1664 778 1734 predicatione
794 1664 893 1728 utrina,
916 1664 941 1718 in
955 1663 1043 1717 Evan·
1058 1665 1080 1723 B
1094 1657 1141 1712 bur
1155 1658 1268 1728 mgrrltre
1280 1667 1305 1712 ct
1328 1657 1423 1721 theris,
1436 1667 1460 1709 et
1475 1655 1588 1711 anioerri
1605 1656 1717 1726 palearis
1740 1658 1891 1727 pigmenta-

254 1761 338 1832 geiio:
353 1759 386 1813 m
398 1759 555 1829 appropians
569 1755 685 1827 attigerit
695 1755 802 1809 onlnem
814 1754 871 1825 rjus
882 1767 891 1806 .·
904 1753 1044 1823 intendens
1095 1747 1147 1799 rii-⁹
1160 1745 1249 1819 (Cimb
1263 1745 1316 1817 ru.)
1328 1745 1440 1799 millii?
1454 1743 1608 1816 synagoga,
1617 1746 1754 1816 <t00ffl0d0
1767 1749 1892 1818 gentium

241 1853 341 1904 ‘niniam
356 1858 380 1903 et
399 1848 483 1901 oterrm
500 1846 576 1918 (tric.
593 1845 632 1916 x).
658 1845 775 1899 Amarea
794 1844 846 1898 olei
861 1859 924 1915 pars
944 1860 1044 1915 aquosa
1094 1838 1208 1908 populus
1229 1837 1302 1892 utillo
1320 1838 1534 1892 circumcisionis
1559 1838 1689 1909 nrysterio
1715 1839 1893 1900 emundatus,

254 1939 288 1994 nb
303 1936 464 2007 emergendo
488 1935 569 1996 diem,
586 1934 678 1995 idest,
698 1929 768 2000 quod
787 1931 933 1986 abolense
957 1946 1045 1986 crucr-
1095 1928 1167 1982 uulla
1180 1928 1373 2000 prophetarum
1386 1929 1578 2002 admonitione,
1590 1929 1723 1993 cruditus,
1747 1930 1843 1986 subito
1859 1933 1896 1984 ab

254 2038 310 2097 gat,
322 2034 350 2081 et
364 2027 413 2081 laex
426 2022 525 2092 sitrjus
540 2036 547 2076 ε
564 2024 632 2077 hanc
647 2021 732 2076 Greci
750 2035 876 2089 amorgen
890 2028 995 2086 nocant,
1010 2035 1044 2074 er
1095 2017 1196 2073 inbutis
1212 2019 1393 2090 voluptatibus
1402 2035 1451 2091 per
1465 2021 1601 2075 desertum
1621 2020 1784 2091 gentilitatis
1792 2031 1825 2078 ct
1837 2022 1894 2076 idu-

254 2116 352 2171 latina
377 2114 469 2184 lingua
493 2110 639 2165 trabentes.
669 2110 772 2163 Gnmeu
798 2109 921 2166 Graecum
946 2124 1044 2164 nomen
1095 2108 1207 2164 lolatrite
1218 2109 1251 2164 ad
1263 2110 1316 2164 alta
1329 2112 1457 2164 virtutum
1469 2110 1587 2165 culmina
1600 2119 1628 2164 et
1642 2109 1732 2180 sponsi
1747 2109 1897 2180 amplexus

253 2213 312 2259 est:
328 2205 379 2259 hoc
389 2202 459 2258 euim
476 2199 514 2255 illi
526 2201 624 2255 comnri
645 2201 747 2254 dicunt.
761 2198 887 2254 Resinam
900 2199 986 2255 Greci
1003 2216 1046 2254 rc·
1095 2199 1269 2262 ascendisset,
1279 2200 1339 2270 igne
1349 2200 1450 2255 amoris
1462 2201 1667 2264 accrescendi
1683 2201 1742 2256 niso
1757 2201 1894 2256 virtutum

254 2295 327 2350 tirren
345 2302 460 2348 vocant:
475 2307 540 2348 reon
562 2291 634 2345 enim
658 2289 752 2346 Graece
777 2290 892 2357 dicitur,
915 2291 1045 2362 quidquid
1095 2292 1128 2346 ad
1143 2291 1263 2346 coelcstin
1280 2292 1375 2358 tendit,
1393 2307 1427 2347 ex
1449 2291 1656 2348 mortificatione
1678 2289 1834 2347 carnalium
1847 2308 1894 2347 so·

254 2395 357 2442 maniat.
371 2385 419 2456 Est
430 2384 502 2439 enim
513 2383 632 2454 lacryma
645 2383 743 2437 sudore
753 2382 877 2437 exhalata
890 2382 1023 2454 lignorum
1036 2401 1042 2435 ε
1095 2378 1237 2449 luptatum,
1252 2388 1279 2435 et
1293 2381 1412 2452 puritate
1424 2381 1596 2447 orationum,
1614 2388 1648 2436 -et
1669 2380 1793 2435 omnium
1805 2379 1894 2436 virm·

255 2484 286 2531 nt
303 2476 399 2537 cerasi,
413 2473 527 2538 lentisci,
544 2473 667 2531 balsami.
681 2471 722 2528 rel
738 2473 903 2544 reliquarum
916 2474 1043 2529 arborum
1095 2479 1152 2525 turn
1162 2471 1253 2527 odore.
1269 2470 1337 2528 llinc
1351 2472 1415 2528 item
1429 2473 1559 2542 scriptum
1573 2479 1635 2528 est:
1654 2469 1755 2525 Vadam
1767 2471 1803 2526 nd
1816 2488 1895 2526 nort-

255 2563 512 2635 siverirgultorum,
527 2577 586 2633 quse
601 2564 698 2617 sudare
724 2564 896 2633 produntur:
925 2564 995 2618 sicut
1017 2571 1045 2619 ct
1094 2571 1145 2618 tem
1164 2564 1493 2634 mercimoniorum
1515 2563 1895 2636 tharir(Cont.rr);quiain

254 2653 366 2709 odorata
383 2650 502 2710 Orientis
512 2650 593 2723 ligna,
613 2651 683 2706 sicut
697 2658 772 2721 gutta
792 2651 905 2705 balsami
919 2667 951 2707 ac
972 2652 1045 2706 lero·
1095 2655 1203 2726 myrrha
1219 2654 1504 2720 nrortillcatiocarrtis,
1519 2655 1546 2710 iu
1569 2655 1647 2711 thure
1662 2651 1769 2710 deuotio
1790 2655 1896 2710 oratio

255 2746 343 2799 lrrum
366 2737 410 2798 rel
437 2741 619 2807 succinorum,
639 2739 716 2810 eujus
738 2740 860 2813 lacryma
882 2742 1002 2798 durescit
1016 2744 1044 2800 in
1095 2744 1137 2799 nis
1148 2744 1317 2815 exprimitur.
1343 2744 1412 2802 Uinc
1440 2760 1548 2801 rursum
1562 2744 1774 2817 sponsusdicit:
1791 2743 1898 2801 Marci
1987 2817 1988 2824 ἵ

252 2847 399 2905 garonam.
425 2832 515 2888 Prima
532 2840 575 2887 est
600 2832 690 2887 rosina
715 2832 896 2888 terebinthina
923 2834 1043 2889 omnium
1094 2839 1228 2908 mprrlmm
1251 2854 1345 2901 meam,
1357 2854 1417 2893 enm
1431 2838 1593 2893 aromatibus
1611 2839 1675 2893 meis
1688 2836 1833 2909 (Come).
1845 2836 1898 2893 Per

254 2921 559 2994 prestantior.llifertr1r
567 2930 656 2976 autem
667 2920 806 2978 exhrnbia
816 2923 903 2992 patria
914 2921 1043 2998 [Petraea]
1095 2928 1234 2998 myrrham
1248 2928 1339 2998 passio
1349 2927 1392 2983 vel
1405 2928 1649 2999 mortificatio,per
1658 2935 1784 2986 aromata
1796 2943 1897 2984 omnes

255 3020 338 3083 atque
358 3009 449 3067 iudaea
477 3019 506 3068 et
523 3010 613 3083 Syria,
631 3010 719 3082 Cypro
740 3018 768 3066 et
789 3011 889 3079 Africa,
901 3029 934 3067 ex
952 3011 1048 3069 insulis
1061 3020 1084 3083 (ζ
1099 3019 1213 3074 uirtutes
1231 3019 1429 3088 exprimuntur.
1448 3019 1523 3074 lletit
1533 3019 1672 3090 myrrham
1684 3033 1745 3074 cum
1761 3018 1897 3075 aromati·

255 3118 362 3175 quoque
383 3103 545 3173 Cycladibus
564 3102 581 3159 z‘
591 3105 707 3159 secunda
725 3112 767 3159 est
795 3103 959 3170 lentiscina,
986 3121 1047 3176 quae
1096 3106 1158 3174 bus,
1172 3109 1279 3178 quando
1297 3118 1431 3182 martyres
1443 3124 1505 3165 curn
1520 3109 1626 3164 caeoerls
1642 3108 1737 3166 clectis
1758 3107 1794 3164 ad
1805 3118 1898 3164 matu-

255 3194 355 3250 mastir
381 3200 492 3248 vocatur
512 3210 519 3246 r
546 3194 603 3248 haec
623 3207 656 3248 er
680 3192 748 3249 Chio
764 3193 851 3250 insula
867 3196 1045 3267 deportatur:
1097 3199 1206 3256 ritatem
1219 3200 1391 3272 praemiorum
1404 3200 1538 3270 perducit.
1556 3199 1626 3257 ilinc
1641 3213 1749 3255 rursum
1760 3213 1815 3270 per
1826 3200 1896 3255 liro

256 3287 335 3342 tertia
349 3286 456 3355 pinalis.
1097 3290 1206 3361 phetam
1216 3290 1374 3346 dehomiuo
1389 3290 1530 3346 Saltatorc
1548 3291 1649 3346 diorum
1666 3297 1727 3344 est:
1742 3288 1859 3361 neema
1872 3300 1897 3345 rt

556 3373 670 3430 CAPUT
690 3374 743 3429 tlt.
1097 3391 1170 3453 gutta
1190 3390 1214 3437 et
1229 3383 1301 3437 coria
1315 3398 1332 3436 a
1346 3382 1503 3437 uestimentis
1522 3383 1588 3437 tais.
1609 3381 1696 3454 (Prot.
1721 3380 1811 3452 rur.)
1827 3381 1899 3438 San-

467 3464 505 3519 De
520 3465 671 3519 aremoricis
685 3465 831 3519 vilioribus·
1099 3482 1170 3529 ctum
1194 3473 1301 3530 bomiri
1323 3488 1422 3546 corpus
1442 3474 1577 3545 quoddam
1605 3473 1720 3533 licitatis
1742 3472 1832 3529 tunso
1846 3486 1897 3527 co-

293 3563 422 3616 hromata
433 3568 496 3615 sunt
506 3575 620 3630 quaeque
631 3558 776 3630 fragrantis
787 3559 890 3627 odoris,
902 3576 962 3631 quse
973 3559 1048 3617 hulia
1098 3570 1237 3639 gnoscirur
1246 3568 1447 3625 vestimentum,
1471 3568 1540 3624 Nam
1564 3568 1635 3625 9101st
1646 3568 1769 3624 mribus
1793 3581 1896 3637 ww.

256 3651 298 3706 rel
311 3650 408 3706 Arabia
428 3650 519 3715 mittit,
538 3650 595 3705 sire
612 3648 672 3703 aliae
688 3650 819 3720 regiones.
840 3649 944 3705 Nomen
959 3660 1049 3704 autem
1099 3660 1206 3715 fiuntur
1219 3659 1340 3715 membra
1360 3657 1527 3724 monalium,
1554 3658 1591 3713 tta
1613 3667 1642 3713 er
1659 3657 1790 3727 najoaras
1812 3654 1897 3712 verbi

257 3751 379 3798 aromata
404 3742 516 3797 traxisse
528 3740 663 3807 ridentur,
680 3741 737 3798 sire
749 3742 820 3814 quod
841 3740 897 3797 aris
912 3742 1048 3813 imposita,
1099 3748 1126 3803 in
1138 3748 1255 3804 fidelium
1271 3748 1357 3804 ocutis
1367 3748 1460 3803 earnis
1476 3747 1608 3803 vannius
1623 3747 1764 3802 vinem
1776 3745 1896 3801 anm.

256 3832 355 3887 dtrtuis
385 3831 598 3887 invocationibus
625 3838 688 3902 apta
712 3830 877 3886 rideantur:
904 3847 951 3887 seu
977 3834 1049 3904 quud
1099 3839 1136 3894 di.
1155 3837 1197 3894 hb
1214 3838 1267 3894 hoc
1281 3837 1539 3909 ergovestimento,
1567 3837 1594 3894 id
1615 3847 1678 3902 est,
1696 3837 1897 3893 iucarnationis

255 3925 381 3980 seseaerl
394 3925 515 3980 inserere
524 3936 556 3979 ac
565 3922 923 3995 miscereprobauturtnam
934 3925 998 3996 quid
1008 3932 1050 3980 est
1100 3945 1199 3985 arcano
1211 3945 1329 4000 congrue
1339 3932 1445 3985 venisse
1461 3930 1560 3985 dicitur
1573 3929 1696 3999 myrrha,
1708 3937 1784 3999 gratia
1805 3938 1897 3984 etca-

257 4016 336 4081 odor,
350 4016 403 4071 uisi
416 4015 628 4071 aercoutactusl
648 4015 797 4081 Aromata,
820 4016 897 4071 varia
920 4016 1049 4071 virtutum
1099 4020 1151 4075 sia.
1175 4018 1281 4091 llyrrha
1299 4029 1413 4075 mortem
1436 4019 1588 4090 significat,
1610 4034 1694 4089 qnam
1709 4034 1760 4089 pro
1769 4020 1896 4074 «mern

255 4115 415 4163 ernaruenta
435 4106 606 4178 signtdcant:
622 4104 692 4161 slcut
711 4107 737 4160 in
761 4106 830 4161 libro
841 4105 942 4178 [tegunt
955 4107 988 4160 de
999 4105 1050 4187 ⁸²7
1100 4109 1186 4165 salute
1197 4109 1335 4181 suscepit:
1351 4118 1427 4181 gutta
1440 4124 1515 4176 vero,
1528 4124 1588 4178 quae
1598 4109 1699 4164 dicitur
1710 4108 1897 4171 ammomum,

259 4209 293 4261 ba
308 4202 399 4275 regina
412 4199 530 4270 legimr:
548 4197 610 4253 Non
623 4207 682 4252 runt
705 4197 786 4251 ctlcto
800 4198 978 4269 lrnjmcemodi
989 4215 1050 4252 uro-
1100 4199 1213 4256 duritias
1236 4207 1314 4255 curat
1335 4200 1425 4271 aliqua
1448 4198 1610 4256 necessitate
1636 4206 1790 4254 costumas
1806 4215 1815 4252 r
1831 4212 1897 4268 que

257 4306 340 4361 moto,
358 4294 424 4349 riom
440 4289 510 4346 Sabo
523 4289 613 4358 regino
623 4286 693 4341 dedit
708 4286 844 4343 Salomoni
859 4285 918 4359 (lil
929 4285 994 4358 Req.
1008 4285 1047 4358 x).
1100 4288 1211 4361 pulchre
1230 4289 1409 4345 incarnationi
1428 4288 1534 4346 Domini
1549 4295 1742 4359 comparatur:
1757 4288 1823 4358 quia
1843 4289 1897 4343 du·

258 4387 409 4458 Ptgmentn,
419 4381 494 4437 saria
507 4380 636 4434 sinotum
648 4378 835 4443 odoramenta,
848 4379 893 4435 ubi
906 4386 934 4434 et
947 4393 1048 4448 supra:
1063 4367 1089 4428 Ι)
1103 4378 1193 4433 ritiam
1205 4377 1295 4435 cordis
1309 4377 1420 4433 humani
1444 4387 1539 4434 sancta
1552 4378 1746 4447 praedieatione
1755 4377 1894 4433 dimolrit

257 4492 320 4533 cunr
333 4473 466 4529 universis
490 4468 646 4540 pulveribus
667 4470 862 4539 pigmentariis.
879 4468 953 4525 Thus
968 4470 1050 4525 arbor
1101 4468 1189 4533 Casia,
1204 4484 1264 4541 qua·
1277 4484 1292 4523 a
1305 4468 1407 4525 nostris
1419 4468 1509 4525 listula
1529 4468 1639 4534 dicitur,
1650 4468 1800 4539 redemptio
1812 4483 1897 4540 geue

258 4564 374 4622 Arabica
386 4564 516 4617 immensa
533 4568 614 4628 etque
633 4572 755 4622 ramosa,
785 4558 913 4614 levissimi
929 4559 1049 4625 corticis,
1101 4560 1140 4616 ris
1157 4560 1266 4615 humani
1288 4574 1448 4631 pcraquam
1462 4559 1632 4631 baptismatis
1651 4559 1805 4615 iudicatur:
1821 4575 1895 4628 quo·

259 4655 343 4712 ramis
355 4653 390 4708 ad
405 4651 492 4707 aceris
501 4649 669 4721 qualitatem,
684 4650 830 4721 anrygdale
842 4651 922 4706 modo
938 4667 1049 4706 succum
1102 4652 1174 4707 niam
1186 4651 1238 4708 hoc
1252 4653 1343 4707 herbae
1352 4667 1439 4722 genus
1450 4652 1559 4721 aquosis
1571 4651 1640 4707 locis
1651 4652 1752 4708 dicitur
1761 4652 1893 4707 inventri.

260 4745 437 4804 aromaticum
457 4740 572 4796 lundens
596 4740 701 4807 album,
728 4752 757 4797 et
778 4744 811 4798 ad
835 4744 1049 4799 masticationem
1102 4743 1150 4799 llis
1166 4744 1247 4798 rebus
1257 4744 1339 4800 etium
1358 4744 1427 4800 odor
1440 4753 1482 4799 est
1504 4745 1768 4809 anianaemerito
1789 4754 1897 4799 mucre

259 4838 333 4895 relut
347 4837 374 4892 in
388 4834 499 4905 polrerc
519 4831 666 4887 resolutum
680 4846 688 4887 ι
703 4842 732 4888 et
745 4849 806 4889 cam
821 4832 953 4905 lrangitur
966 4836 1048 4902 intus,
1103 4835 1282 4893 incarnationi
1302 4844 1330 4892 et
1349 4838 1437 4893 virtus
1448 4836 1593 4897 herbarum
1615 4845 1643 4892 et
1659 4837 1752 4892 odoris
1771 4837 1897 4892 maritas

259 4931 369 5002 pingue,
382 4933 409 4981 et
420 4922 475 4996 igni
484 4922 635 4992 appositum
650 4922 729 4979 lacile
743 4922 879 4977 ardescit:
896 4933 922 4979 et
933 4924 1050 4995 appella·
1103 4933 1283 4996 comparetur.
1298 4924 1380 4981 Gutta
1395 4927 1437 4981 ris
1455 4927 1556 4981 adoris
1571 4924 1629 4990 liei,
1653 4934 1682 4980 et
1701 4924 1782 4981 arbor
1803 4925 1897 4981 cbari-

261 5033 306 5077 tur
316 5018 387 5090 apud
402 5032 452 5081 nos
474 5014 610 5069 masculos
629 5027 662 5068 eo
683 5013 754 5084 quod
772 5013 807 5068 sit
831 5023 926 5068 natura
952 5023 1048 5069 rotun·
1103 5017 1166 5072 tatis
1180 5017 1355 5087 mtchigitur,
1376 5018 1422 5073 uhi
1443 5026 1470 5073 et
1484 5032 1584 5086 supra:
1600 5014 1783 5088 digamorum
1809 5026 1896 5089 μιω

260 5113 334 5177 dum,
350 5111 377 5164 in
391 5107 501 5164 modurn
517 5104 719 5168 testiculorum,
733 5103 865 5173 reliquum
885 5104 1005 5174 planum,
1022 5113 1051 5161 ct
1101 5106 1211 5161 dilectur
1224 5124 1297 5162 nreas
1323 5107 1486 5181 nihildum.
1504 5106 1534 5179 r).
1560 5106 1659 5162 Storax
1678 5106 1761 5162 arhor
1773 5105 1895 5168 muta,

259 5214 328 5273 pene
341 5200 508 5262 smbrosum,
519 5196 609 5250 minus
619 5195 759 5266 optimum.
772 5194 944 5250 Adulteratur
958 5205 1048 5251 autem
1102 5197 1198 5253 similis
1215 5198 1285 5253 uralo
1300 5197 1431 5269 Cydonio,
1443 5197 1519 5266 cujus
1532 5196 1642 5269 uirguhe
1665 5198 1738 5253 inter
1762 5194 1896 5252 malente

261 5284 681 5358 mistaresiuasivegummi,sed
693 5283 1049 5358 dignoscitursuaproprie·
1101 5303 1191 5352 orrum
1210 5296 1375 5351 cavernatim
1394 5294 1540 5365 {aequiora
1555 5292 1661 5348 hortm:
1677 5292 1814 5349 daemon
1831 5292 1898 5362 ejus

261 5386 326 5434 late.
342 5378 408 5433 Nam
424 5380 486 5433 thus
506 5377 561 5447 igni
578 5376 731 5445 impositum
746 5374 985 5433 ardescitzreslna
1004 5376 1049 5433 su·
1101 5385 1219 5440 interra
1234 5385 1334 5441 cadens
1355 5386 1456 5439 munda
1474 5401 1526 5441 non
1540 5393 1602 5440 ert:
1618 5383 1665 5439 scd
1689 5399 1751 5439 cum
1775 5383 1897 5454 propriae

263 5468 366 5522 urescit.
380 5469 484 5523 (iumen
495 5482 560 5522 rcro
580 5466 703 5537 liquescit
717 5465 885 5522 calefactum.
909 5467 983 5524 Thus
1002 5484 1049 5524 au·
1100 5474 1209 5531 corticis
1229 5475 1326 5530 scrobe
1340 5482 1484 5531 servatur:
1499 5474 1544 5531 illa
1563 5484 1665 5539 autem,
1682 5489 1742 5544 qore
1759 5472 1840 5541 virgis
1864 5482 1897 5525 ct

264 5568 316 5611 recu
329 5573 344 5610 a
355 5559 490 5613 turrdendo
507 5559 625 5613 dictum:
645 5560 694 5614 boc
709 5568 736 5613 et
750 5558 879 5612 Libanum
895 5570 1048 5615 vocatuma
1101 5563 1213 5621 calamis
1237 5565 1384 5633 inhaeserit,
1396 5566 1495 5623 munda
1512 5574 1554 5623 est
1565 5576 1593 5621 et
1603 5565 1707 5621 albida:
1721 5566 1818 5621 debinc
1834 5561 1897 5616 lal-
