4042 6200
165 253 234 311 tadu
604 253 786 313 expositio
805 247 1120 314 adsentirentur.
1140 290 1175 302 ν
1191 260 1255 318 ΗΒ.
1276 260 1336 317 tii.
1723 263 1791 319 tritt

164 355 213 424 sed
235 365 351 436 amplius
372 366 444 435 quod
472 366 693 423 restutiorntido.
708 368 774 436 Qttae
788 368 815 423 iu
831 370 882 424 ltae
894 366 949 422 rita
964 369 990 430 lt
1003 367 1054 422 mit
1074 383 1181 436 mantis,
1199 372 1232 427 de
1254 388 1307 442 qua
1329 372 1459 429 euadendi
1483 373 1574 430 nullus
1597 381 1672 443 patet
1692 376 1792 432 onitu.

163 458 220 528 iant
244 458 333 529 patior
357 455 445 527 lugeo.
477 456 530 511 Sel
560 465 621 528 pest
645 459 717 515 hauc
742 459 955 514 seutentiamne
1005 457 1140 530 liopttitici
1158 462 1255 527 nostri,
1271 464 1316 533 qui
1336 478 1385 519 nes
1404 465 1659 530 uenieruntantati
1676 474 1792 533 sunt,et

164 551 289 623 gratiora
313 548 402 618 patiar
424 549 596 617 pertimesco.
613 549 688 606 Licet
709 550 766 620 iam
791 551 903 607 tolerem
926 550 954 605 in
1005 550 1131 607 doctores
1143 554 1229 607 uestri
1242 561 1352 624 propter
1361 564 1474 623 peccata
1489 564 1581 610 nostru
1595 558 1705 612 contriti
1716 565 1791 613 sunt.

164 656 244 712 poeua
264 648 411 704 iurulenta,
432 646 521 694 tamen
534 641 664 710 geneum
691 640 807 698 formido
820 641 899 698 ratde
911 657 955 698 me
1006 641 1069 697 Solu
1081 657 1131 697 nos
1144 644 1242 714 premit
1253 644 1371 710 miseria,
1385 661 1454 716 quos
1469 647 1570 702 ttullius
1578 646 1635 716 jum
1645 650 1792 704 consolan-

163 734 269 788 crueiat
291 746 326 785 ex
350 730 438 799 eulpa.
454 728 512 785 tam
532 746 652 800 praesens
675 745 754 803 poeau
781 733 883 799 laniat,
907 733 954 789 sed
1006 741 1050 787 tur
1063 732 1168 789 solatia.
1187 733 1334 791 vindicans
1347 736 1477 793 Dominus
1495 748 1605 808 peecata
1629 747 1720 795 nestro
1737 741 1793 796 eat·

165 823 255 878 lotura
268 820 518 892 magiseonturbat.
533 822 632 878 Grauia
655 830 719 878 utut
739 839 800 894 que
821 825 952 892 sustineo,
1004 821 1077 876 cauit
1097 822 1225 889 torcular,
1240 823 1342 880 ideireo
1356 823 1466 880 fletuum
1489 835 1644 884 nostrorum
1661 830 1794 884 redundat

164 911 288 983 grauiora
305 910 332 964 in
354 918 511 981 perpetuum
528 912 619 968 timeo.
644 912 747 970 civitas
769 930 835 986 erge
862 923 954 988 nestra
1003 911 1126 967 lacunar.
1154 912 1221 967 Teia
1237 914 1281 969 die
1301 916 1336 971 ad
1355 916 1544 975 auxiliatorem
1558 929 1679 977 uestrum
1696 936 1792 977 manus

164 1003 279 1063 interna,
293 1015 373 1070 qurum
387 1000 507 1072 angelica
526 1003 662 1071 quondam
685 1004 806 1060 vallabat
816 1006 952 1072 custodia,
1006 1001 1141 1057 tendimus
1155 1004 1341 1074 expandendi),
1357 1013 1386 1062 ti
1396 1022 1476 1064 acme
1489 1010 1567 1066 tobit
1578 1012 1714 1068 mentiti
1727 1027 1792 1067 ⁰0¹¹·

164 1093 235 1147 intra
249 1091 310 1147 lldei
325 1092 539 1162 septarirtntum
550 1095 704 1150 abundabat
714 1097 802 1167 eopia,
813 1107 839 1152 et
852 1098 953 1153 dudum
1004 1092 1163 1149 solationem
1185 1096 1340 1165 prebendo.
1363 1097 1437 1154 luter
1463 1100 1556 1158 ltosies
1579 1118 1690 1169 sumus,
1715 1104 1792 1174 quasi

165 1163 256 1237 cuiuis
271 1181 415 1237 desideriis
428 1181 578 1250 dominata,
591 1184 670 1241 modo
688 1201 736 1256 per
750 1186 807 1256 ipsa
820 1188 953 1243 desideria
1003 1182 1104 1253 polluta
1115 1186 1271 1250 iniustitiis
1284 1195 1399 1244 etnemo
1414 1204 1465 1245 nos
1478 1193 1670 1263 mandataque
1683 1196 1791 1263 soponit

159 1270 235 1340 jacet
263 1272 412 1337 destituta,
440 1273 634 1345 variorumque
657 1276 789 1332 scelerum
816 1277 953 1347 peccando
1003 1271 1414 1343 dominis.1ostuses,l)ominc,
1428 1280 1709 1353 inomniltusjudiciis
1728 1285 1792 1349 ntis,

165 1363 379 1419 ltostibuseoltit
390 1364 501 1418 triltuta.
515 1364 591 1421 liade
611 1366 792 1438 lacrymarum
813 1368 842 1422 in
858 1366 954 1422 masit—
1003 1365 1067 1434 qttia
1080 1374 1106 1421 te
1125 1367 1159 1422 ad
1170 1367 1339 1424 iracundiam
1353 1373 1562 1441 provocavimus
1574 1374 1662 1429 noxiis
1673 1375 1793 1444 peccatis

163 1450 198 1507 lis
212 1451 270 1523 ejus
283 1450 392 1522 produit
407 1449 496 1518 detur,
508 1461 537 1509 et
551 1453 674 1524 ploratus
686 1454 729 1510 die
741 1469 775 1510 tte
793 1463 872 1512 nocte
888 1471 954 1527 pro·
1003 1456 1113 1512 nostris.
1131 1457 1267 1515 Attendite
1279 1460 1398 1518 dolerent
1410 1472 1543 1529 nostrum,
1555 1466 1675 1521 ttnltersi
1689 1466 1791 1537 populi,

165 1543 416 1610 tunditeramams,
435 1544 579 1616 uultusque
597 1556 640 1602 est
659 1547 704 1615 qui
728 1545 952 1604 consoletuream
1003 1552 1030 1601 et
1044 1546 1269 1605 ntiserioenoairte
1282 1554 1478 1623 maguounime
1491 1557 1704 1628 compatiemini.
1717 1556 1793 1611 dmi·

163 1648 197 1688 er
208 1632 334 1688 omuibus
349 1633 439 1689 eltaris
451 1635 520 1706 eius,
538 1636 601 1707 quia
618 1637 663 1706 qui
678 1637 814 1707 quondam
828 1637 855 1692 in
878 1638 953 1695 dele·
1003 1651 1051 1692 cos
1065 1652 1133 1707 qoos
1146 1641 1308 1710 putabamus
1330 1658 1390 1699 esse
1408 1646 1487 1702 uoltis
1508 1646 1692 1712 nietiesnttes,
1716 1650 1793 1704 inre·

164 1725 330 1780 ctttienittus
341 1725 426 1780 uariis
442 1726 671 1783 ridebanturesse
687 1727 776 1793 amici,
788 1729 868 1785 mode
879 1745 954 1800 sper·
967 1711 991 1772 B
1005 1726 1094 1783 uitam
1105 1728 1230 1786 inimicos
1249 1748 1310 1790 esse
1321 1736 1515 1804 unctissimas,
1532 1740 1578 1810 qui
1599 1741 1677 1796 nebu
1689 1740 1794 1810 proui-

163 1814 953 1891 neutesdejeetomreriosteudunturesseinimicicaptira
1004 1828 1095 1876 serunt
1111 1831 1269 1893 perpetuam
1283 1841 1389 1896 pacem,
1404 1829 1455 1899 ipsi
1479 1831 1630 1888 insidiando
1656 1848 1793 1903 pracpara-

164 1903 297 1959 ductucst
319 1905 432 1961 intentio
456 1910 589 1964 nostruin
614 1912 828 1968 terraritiorum
854 1913 951 1982 aliena,
1003 1918 1100 1964 verant
1124 1920 1254 1968 eternam
1286 1916 1481 1985 captiuitatem.
1511 1918 1659 1991 Propterea
1690 1923 1792 1978 amari·

164 1991 208 2046 ubi
221 2007 274 2046 uon
287 1993 390 2049 inuenit
401 1997 530 2065 requiem,
544 1999 670 2056 omnibus
691 2001 795 2058 solatiis
811 2001 950 2071 destituta,
1004 2002 1098 2057 urdine
1107 2003 1180 2059 intus
1191 2003 1263 2074 pleni
1273 2020 1377 2073 snmus,
1388 2017 1415 2064 et
1426 2009 1493 2065 loris
1503 2011 1535 2066 ad
1547 2011 1725 2068 occidendum
1737 2011 1794 2083 gla-

161 2083 225 2153 quia
246 2098 342 2139 omnes
354 2086 414 2157 eltis
425 2092 621 2158 persecutores,
638 2091 684 2161 qui
700 2092 769 2148 laiso
791 2095 954 2151 uidebantur
1003 2095 1048 2150 dio
1064 2096 1182 2152 hostium
1202 2098 1293 2155 traditi
1314 2115 1419 2157 sumus.
1434 2101 1557 2161 Gemitus
1575 2105 1664 2161 uestri
1679 2103 1792 2179 [nolitis]

165 2190 229 2230 esse
241 2175 326 2245 ipsios
340 2186 484 2245 ammom,
496 2182 554 2236 ueri
567 2197 616 2253 per
628 2184 719 2239 omnia
730 2185 757 2239 in
772 2186 825 2241 line
836 2187 953 2256 proban·
1003 2190 1237 2263 consolatumque
1248 2191 1450 2252 roeilemtiouis
1459 2205 1559 2253 nostrae
1569 2198 1794 2255 nullusestaudi-

163 2273 209 2321 tur
219 2266 279 2338 aies
300 2266 358 2323 fleti
373 2283 513 2327 0¹0⁸0tts·
536 2272 612 2329 Unde
626 2289 698 2329 tutte
724 2275 844 2347 lttssttbtt't
858 2277 884 2331 itt
895 2277 953 2332 eti·
1002 2295 1055 2342 tor.
1069 2285 1170 2345 Omnes
1182 2289 1284 2345 lniraici
1298 2290 1383 2347 nostri
1394 2290 1494 2347 malma
1504 2301 1628 2349 nostmm
1639 2292 1792 2358 audiemur,

163 2353 210 2409 tiis
219 2354 276 2411 suis
288 2364 389 2423 exstat,
400 2373 451 2414 nee
464 2359 517 2414 tilla
536 2360 691 2419 festivitatis
712 2363 805 2420 letitia
817 2366 952 2423 exhilarat
1002 2389 1030 2432 et
1039 2377 1101 2448 tillia
1114 2378 1244 2436 Dominus
1253 2395 1303 2437 iios
1313 2379 1457 2451 dereliquit
1471 2380 1792 2453 gaudioexsuliareruttt.

161 2459 257 2501 etms
273 2448 435 2514 exteriores.
459 2465 508 2520 pet
527 2465 597 2521 ques
624 2453 713 2510 seius
735 2455 808 2510 intro
829 2456 952 2513 testeos
1001 2468 1182 2540 tripertiatur,
1196 2469 1569 2543 nemineiniquittsterum
1592 2486 1685 2528 meu
1712 2479 1748 2537 te,
1766 2479 1795 2527 et
1841 2532 1842 2536 Ἴ

161 2533 280 2605 ptentt.
295 2535 377 2592 Latro
393 2538 547 2606 Sitifim&
565 2543 645 2598 iiiiii
666 2544 771 2600 “titii
787 2546 949 2616 captivarat.
1002 2559 1086 2616 redde
1099 2560 1140 2617 eis
1159 2561 1247 2618 uicem
1272 2561 1347 2629 mali,
1363 2561 1436 2633 qood
1462 2569 1607 2634 gesserunt
1620 2569 1717 2618 contra
1731 2574 1792 2627 nos,

163 2625 239 2684 1]Μο
249 2630 332 2686 ”tiis
342 2631 417 2687 '5¹3⁴‘ss
437 2640 500 2688 ‘tm‘
514 2636 702 2702 (intimitatis
718 2638 780 2708 quia
794 2640 952 2697 d⁰⁰20fib¹¹⁸
1002 2652 1029 2707 in
1042 2661 1138 2709 morte.
1159 2652 1242 2709 lsrael
1257 2670 1335 2710 suom
1358 2655 1391 2712 de
1409 2656 1479 2712 ctele
1491 2655 1620 2712 mainus
1633 2653 1745 2726 projecit
1766 2654 1795 2709 in

161 2722 220 2777 tuit
243 2735 296 2778 utin
319 2724 486 2781 exhibebunt
512 2727 693 2784 obedientiam
707 2732 856 2802 ‘emeruit
882 2732 952 2790 Hinc
1003 2751 1114 2809 terram,
1143 2758 1193 2800 nec
1216 2753 1258 2801 est
1276 2745 1438 2802 recordatos
1463 2744 1573 2803 scabelli
1598 2745 1652 2812 sui,
1681 2753 1794 2816 propter

160 2809 331 2871 continentia
347 2813 410 2887 'eius
422 2825 535 2888 apparet
546 2820 680 2890 squalida,
702 2824 800 2895 etipsa
821 2826 952 2881 amaritu-
1003 2834 1246 2905 transgressionem
1266 2837 1378 2893 nimiam
1401 2839 1688 2910 praecipitavittaeolr.
1703 2837 1794 2895 llum-

161 2909 225 2966 dine
236 2918 409 2981 peecatomm
421 2920 464 2968 est
483 2928 622 2985 oppressa.
639 2916 736 2974 Hostes
749 2918 822 2974 lilius
847 2928 911 2974 sont
922 2919 949 2975 in
1003 2918 1091 2983 tione's
1107 2928 1167 3001 ejus
1179 2930 1343 3001 sophisticas
1354 2931 1381 2987 ln
1393 2931 1484 2990 lurore
1504 2933 1649 3001 destruxit,
1664 2948 1792 3006 regnum·

161 2998 259 3070 capite,
274 3007 302 3056 et
317 3001 418 3057 inimici
431 3001 523 3074 iniqua
540 3011 654 3060 utuntur
668 3006 694 3061 in
709 3022 742 3062 eu
756 3008 948 3075 dominatione,
1002 3031 1055 3086 que
1067 3017 1151 3088 ipsius
1164 3026 1192 3074 et
1203 3020 1341 3091 principes
1356 3021 1383 3077 in
1398 3030 1498 3079 terram
1516 3023 1669 3095 dejiciendo
1683 3023 1791 3096 polluit.

160 3100 272 3162 propter
288 3090 486 3148 multitudinem
512 3095 585 3150 enim
608 3096 778 3168 iniquitatum
802 3099 870 3169 eius,
887 3109 950 3157 ante
963 3074 985 3139 C
1000 3108 1025 3162 A
1040 3106 1108 3165 lucie
1121 3109 1224 3167 inimici
1246 3111 1385 3169 dexteram
1406 3129 1484 3172 snam
1510 3117 1622 3185 auertit,
1636 3125 1664 3173 et
1685 3116 1792 3189 plebem

160 3178 256 3235 taciem
267 3180 421 3237 triturantis
435 3182 568 3239 doeentttr
583 3186 683 3256 captivi
699 3187 803 3256 parvuli
815 3188 951 3260 cogitatus
1001 3212 1079 3253 suam
1102 3200 1182 3268 quasi
1206 3199 1317 3259 damma
1340 3202 1473 3262 devorans
1502 3208 1679 3278 consumpsit.
1692 3208 1792 3263 Areum

159 3267 229 3337 tius.
244 3267 413 3339 Spoliatuest
424 3284 490 3344 ergo
502 3273 557 3328 illia
571 3273 647 3342 Sion,
661 3292 722 3347 quae
735 3278 871 3348 quendam
882 3294 950 3349 pure
1000 3304 1079 3345 sunm
1094 3290 1173 3361 quusi
1197 3290 1326 3350 inimicus
1353 3298 1478 3365 tetendit,
1493 3306 1522 3355 et
1544 3313 1625 3355 omne
1641 3299 1714 3371 quod
1732 3300 1794 3370 pul·

160 3366 251 3413 roeote
267 3361 501 3431 connectebatur
521 3362 606 3419 neum
619 3367 693 3421 onai
706 3367 804 3423 meere
819 3383 879 3424 suo.
895 3368 951 3426 lite
1000 3380 1096 3437 aarum
1125 3392 1186 3439 erat
1201 3384 1261 3441 visu
1284 3387 1393 3442 eccidit.
1417 3387 1499 3457 Quasi
1527 3390 1639 3447 hortum
1664 3391 1792 3448 taberna-

156 3447 214 3516 tam
233 3449 443 3518 Ψῑῐὶῑῑῐῦῠῑῑῑῑῑῐ
459 3453 611 3524 ifimiitttt
625 3438 750 3524 ’811οΜ
763 3474 854 3515 coram
873 3461 951 3518 teste
1000 3471 1091 3529 cutum
1104 3489 1184 3530 suum
1201 3476 1352 3548 dissipavit,
1366 3486 1394 3534 et
1408 3494 1516 3537 omnem
1532 3480 1709 3539 testivitatem
1726 3479 1794 3538 Sion

158 3551 339 3610 remeante
354 3545 474 3613 ttottdtt
500 3547 605 3602 torruit
627 3550 747 3620 tnuqtt.
778 3552 950 3611 Recordatur
999 3566 1130 3624 eutationi
1144 3568 1266 3624 terroe.
1281 3569 1531 3640 neputrtmutnts
1546 3572 1792 3630 redecimationem

160 3626 329 3686 ¹¹⁴⁰ffl⁸²¹0¹¹¹
355 3640 459 3698 ⁰⁰⁸²&
474 3643 502 3690 ⁰¹
517 3638 652 3706 quondm
673 3639 744 3696 risio
760 3642 846 3712 pacis,
861 3643 948 3700 indie
1000 3673 1088 3727 suam,
1102 3667 1130 3715 et
1143 3672 1252 3715 murum
1263 3658 1328 3718 Sion
1343 3661 1494 3734 dissipauit.
1510 3664 1563 3721 Per
1573 3667 1722 3723 uindictam
1732 3666 1792 3723 lor·

160 3720 273 3775 imm
299 3723 452 3781 affli⁰²³⁰¹¹i⁸
475 3742 530 3783 ⁸¹³ae
553 3737 582 3784 0²
606 3744 672 3787 ⁰³⁸ss
694 3747 798 3804 ”¹²8³ae
820 3736 947 3803 mauric,
1001 3749 1134 3805 tissimum
1156 3750 1273 3822 perdidit
1290 3752 1445 3810 sacerdotes
1465 3753 1563 3824 elusor
1577 3757 1723 3827 principes,
1740 3772 1792 3814 nee

158 3812 279 3882 pristim
291 3813 403 3882 letitiae,
415 3827 444 3873 et
464 3817 528 3875 inde
543 3835 604 3877 eam
617 3833 742 3892 prement
750 3840 855 3897 magra
866 3843 950 3901 ungu·
998 3839 1138 3909 propinetis
1153 3839 1211 3910 ejus
1227 3842 1354 3899 revelate
1376 3851 1439 3899 sunt
1452 3844 1548 3900 diutim
1559 3845 1687 3901 visiones.
1703 3844 1790 3903 Senes

158 3901 227 3968 ⁸¹3²,
244 3917 305 3958 ⁰¹¹⁴ss
319 3903 412 3962 b⁰⁵t⁰⁸
427 3907 552 3964 derident
571 3908 707 3979 ⁰1⁰⁸⁰¹ittt
722 3920 749 3967 2²
770 3915 859 3972 nutius
871 3916 951 3973 effeti
1000 3929 1061 3986 tiliae
1072 3930 1136 3987 Sion
1149 3932 1348 4001 conticuerunt,
1362 3943 1390 3991 et
1401 3937 1518 4006 uirgines
1528 3935 1587 4008 ejtts
1603 3938 1732 3994 accinctae
1748 3940 1789 3995 ei-

158 4003 309 4062 opportuna
322 3996 428 4052 solatia.
445 3996 588 4055 Peccatum
603 4005 736 4072 peccarit,
749 4015 777 4062 et
790 4007 851 4064 ideo
864 4009 950 4067 insta·
1000 4020 1070 4077 tieiis
1086 4021 1284 4096 ingemuemoi.
1307 4024 1377 4082 Hine
1391 4040 1498 4098 quoque
1524 4028 1595 4085 occdi
1611 4029 1697 4085 nostrl
1713 4028 1788 4086 deie-

158 4082 220 4139 ltllis
242 4083 313 4141 laetu
334 4090 443 4144 cecidit.
466 4088 567 4148 Omnes
581 4095 700 4164 quieam
727 4107 792 4156 ante
815 4102 949 4161 adulando
999 4120 1096 4167 ceruttt
1110 4113 1316 4184 prmlacrpmis,
1344 4130 1407 4172 eum
1421 4117 1544 4173 riderent
1557 4119 1684 4190 purvttlos
1708 4129 1736 4176 et
1750 4122 1790 4178 lu-

157 4174 345 4247 glorillcaltaat
366 4190 460 4252 postea
484 4184 607 4243 uidentes
621 4187 797 4258 ignominiam
813 4192 873 4264 ejus
885 4210 950 4252 eou-
999 4209 1105 4259 etentes
1113 4203 1182 4259 lame
1194 4204 1310 4261 deiicere
1320 4207 1347 4261 in
1358 4208 1465 4278 plateis.
1476 4207 1499 4265 0
1511 4211 1673 4281 speculatrix
1684 4223 1788 4282 nostra,

160 4268 307 4324 minuendo
317 4272 494 4339 spernebant.
514 4273 629 4334 Gressus
641 4281 699 4351 ejus
722 4282 877 4352 squalentes
890 4301 949 4342 sor·
999 4299 1027 4347 et
1046 4308 1095 4348 arx
1122 4291 1187 4350 Sion
1211 4296 1348 4364 quondam
1371 4298 1571 4369 pulclterrimu,
1593 4304 1733 4375 propheta
1749 4307 1787 4361 tui

157 4353 234 4420 dent,
252 4364 280 4411 et
293 4357 321 4412 in
344 4360 445 4417 nullius
469 4365 656 4434 purificatione
671 4372 881 4430 consolationem
899 4376 949 4431 lra-
961 4415 987 4475 D
1001 4383 1125 4438 ritlerunt
1150 4385 1198 4439 tini
1226 4384 1302 4453 iulsa,
1324 4403 1375 4443 nec
1402 4390 1574 4461 corripiendo
1600 4393 1788 4464 patefecerunt

156 4442 231 4500 beot.
256 4447 335 4513 Vide,
351 4449 473 4517 Domine,
489 4464 610 4511 nostram
627 4457 809 4527 afflictionem,
828 4466 890 4534 quia
903 4467 946 4521 ri·
1001 4471 1048 4527 tibi
1062 4481 1107 4527 tua
1118 4473 1231 4529 scelera.
1250 4474 1303 4530 Pro
1317 4477 1423 4534 delictis
1448 4481 1501 4536 tuis
1524 4483 1726 4554 spoponderunt
1738 4488 1786 4544 tibi

158 4533 208 4588 des
231 4535 309 4592 nobis
328 4537 467 4596 inimicum
488 4558 548 4599 esse
569 4545 709 4603 fortiorem
726 4569 733 4604 :
748 4552 946 4624 depraedatio
999 4563 1119 4633 praemia,
1145 4578 1195 4620 nee
1208 4566 1422 4634 predicaverunt
1443 4571 1500 4638 tibi,
1516 4589 1576 4644 quae
1599 4577 1717 4633 metuisti
1740 4594 1787 4651 ge-

155 4624 207 4679 stis
220 4624 418 4694 desiderabilia,
430 4640 459 4687 et
470 4633 562 4705 diripit
579 4646 639 4692 astu
649 4641 740 4695 omnia
757 4642 887 4699 uirtutum
900 4664 947 4701 er·
999 4652 1095 4709 bennae
1106 4646 1250 4712 tormenta.
1265 4655 1342 4716 Unde
1360 4661 1453 4719 hostes
1479 4665 1517 4719 tui
1529 4681 1591 4721 eom
1607 4668 1645 4722 toi
1657 4668 1786 4723 dominati

155 4725 293 4771 ramenta.
313 4718 502 4792 ingrediuntur
517 4729 645 4784 contrarii
657 4738 700 4785 tna
712 4737 876 4805 sanctuaria,
889 4741 948 4810 qui-

154 4804 206 4859 bus
217 4807 366 4879 praecepisti
377 4821 471 4868 saneta
481 4822 526 4869 tua
534 4817 591 4871 deri
600 4819 697 4876 aliena.
706 4823 944 4887 littltitudouostru

153 4897 361 4971 gentitpropter
372 4905 449 4959 verbi
460 4905 570 4973 lumem,
585 4926 635 4967 nce
641 4911 699 4981 jam
711 4916 792 4973 habet
803 4921 873 4977 trude
883 4922 945 4979 refl-

154 4984 310 5044 ciatauime
319 4993 446 5049 esuriem.
459 4995 534 5064 Vide,
543 4997 666 5068 Dotmm,
677 5013 705 5059 et
714 5008 853 5064 considera
862 5027 944 5107 qupm

154 5075 219 5130 tilia
247 5077 318 5135 lacta
344 5093 407 5139 suut
434 5098 535 5145 nostrae
563 5092 661 5149 animae
693 5096 809 5154 interna.
845 5100 945 5159 Omnes

153 5165 201 5235 qui
216 5170 337 5227 transitis
350 5189 400 5243 per
409 5181 534 5236 semitam
551 5182 652 5238 doloris
662 5188 758 5254 nostri,
775 5191 944 5250 considerate

153 5258 312 5325 potenttiam,
335 5264 379 5317 cui
392 5266 460 5321 ulter
474 5286 526 5326 nou
548 5274 686 5330 inuenitur
706 5278 812 5347 similis,
828 5283 872 5337 nbi
895 5300 942 5340 ex-

153 5345 292 5403 candescit
304 5352 458 5413 uitiodiuini
470 5359 579 5418 luroris.
590 5363 656 5420 Ossa
669 5376 760 5423 nostra
775 5370 943 5431 inflammans

152 5437 312 5506 eombttssit,
340 5454 369 5499 et
392 5448 473 5515 pedes
495 5461 604 5509 nostros
624 5464 771 5514 retrorsum
798 5466 943 5530 contenit,

153 5530 243 5585 nnlltts
264 5532 353 5604 elingit
371 5547 444 5606 patet
463 5541 559 5609 locres,
585 5547 647 5615 quia
675 5551 758 5605 animi
784 5556 869 5609 nostri
897 5574 944 5627 pet·

153 5623 244 5676 ontttia
260 5623 358 5682 ticleeit
375 5630 469 5686 uirtus.
485 5634 599 5694 Dotttino
611 5642 735 5700 tradente
747 5644 791 5699 itta
816 5663 866 5704 nos
880 5665 942 5719 pre-

998 4753 1073 4809 sunt,
1087 4744 1182 4815 plausu
1194 4763 1291 4818 mugire
1308 4750 1458 4810 alludentes
1476 4771 1558 4826 super
1569 4766 1596 4812 te
1614 4757 1697 4813 letati
1709 4768 1783 4814 stent.

999 4832 1090 4890 Deduc
1104 4837 1224 4904 quetidie
1240 4840 1316 4907 quasi
1341 4849 1489 4899 terrentem
1509 4844 1652 4917 iacrymas,
1685 4855 1712 4902 ot
1731 4863 1784 4902 nott

997 4939 1088 4982 cesses
1110 4927 1237 4999 lugubres
1248 4930 1369 5000 prolerre
1385 4936 1577 5003 querimonias.
1602 4937 1672 4992 Leve
1689 4954 1785 4995 neurius

997 5025 1058 5071 tuas
1074 5018 1109 5074 ad
1121 5020 1205 5074 ileum
1221 5036 1282 5076 cnm
1295 5025 1430 5092 precibus,
1447 5027 1481 5081 ad
1493 5029 1598 5083 artimus
1611 5029 1783 5100 parvolorum

998 5117 1115 5165 tuorum.
1134 5110 1214 5167 Plora
1242 5128 1304 5170 cunr
1321 5119 1474 5186 gemitibus,
1501 5120 1650 5177 interiectis
1671 5124 1724 5178 tuis
1739 5139 1784 5180 so-

999 5198 1210 5256 lemnesexltilte
1222 5205 1380 5275 exsequias,
1395 5216 1424 5262 et
1437 5209 1580 5265 citerorum
1597 5221 1703 5268 tuorum
1720 5232 1782 5271 curu

997 5286 1125 5360 lacrymis
1140 5292 1221 5360 sepeli
1236 5290 1373 5362 reliquias.
1393 5298 1460 5353 title
1471 5309 1498 5354 et
1522 5303 1662 5358 considera
1682 5317 1781 5373 ‹puautu

996 5377 1118 5433 dolorum
1142 5383 1308 5451 perpetimur
1327 5387 1406 5452 inula,
1436 5390 1512 5444 multi
1533 5393 1566 5447 de
1592 5403 1663 5450 coetu
1689 5406 1783 5454 nostro

996 5471 1167 5529 initnieerum
1183 5476 1339 5531 ceciderunt
1353 5479 1453 5549 glatlio,
1466 5483 1543 5553 pueri
1559 5493 1586 5540 ct
1602 5501 1693 5553 senes,
1702 5487 1782 5557 jute-

996 5566 1212 5636 nesctulrgines
1236 5568 1397 5628 interierunt
1420 5574 1557 5631 scattdulo.
1579 5574 1655 5634 toste
1680 5579 1783 5635 enimn

995 5663 1021 5707 te
1036 5655 1141 5723 prolata
1152 5655 1280 5725 rirtdicta,
1294 5662 1385 5719 omnia
1399 5679 1414 5719 a
1430 5666 1507 5724 trabis
1521 5665 1662 5725 attlcreltat
1672 5671 1781 5727 sitiatia.
