4042 6200
626 351 670 410 DE
688 350 862 409 Uhtvu'trso
879 348 968 405 tttttrt
989 346 1069 402 xlttt.
1089 376 1125 388 -
1143 343 1206 400 ΗΒ.
1227 345 1307 400 xxti.
1733 336 1790 394 598

454 464 567 521 cartu
587 463 630 520 lll.
955 466 979 524 Α
993 458 1091 530 quihus
1105 457 1235 528 seriptum
1249 466 1291 512 cst
1304 456 1332 511 iu
1347 455 1450 526 psalmo
1466 474 1472 508 ε
1489 454 1578 508 Astitlt
1590 452 1705 524 regiano
1719 451 1783 504 dea-

422 559 460 613 De
475 557 672 613 ooaiseacoriir.
991 556 1040 609 trir
1065 554 1117 608 tais
1148 553 1175 607 ia
1203 553 1294 607 uestitu
1316 550 1461 614 deottratc,
1476 547 1639 603 circumdate
1663 545 1787 599 turietate

177 649 232 706 Vas
247 651 352 706 rhotum
367 665 384 705 a
398 650 541 714 vescendo,
555 649 626 719 quod
637 648 664 704 in
678 663 711 704 eo
724 662 794 704 escae
806 662 943 718 apponan·
991 644 1171 719 (Pretium).
1180 646 1283 702 hurum
1293 645 1327 700 ad
1339 642 1480 700 eharitatis
1489 641 1619 697 debemus
1631 647 1723 709 aptare
1737 635 1787 690 lul-

143 751 195 796 tnr.
210 737 296 809 Cujus
310 740 518 805 diminutivum,
536 727 779 809 vasculum,‘quasi
793 740 941 795 vesculum.
991 752 1104 808 gerent,
1127 752 1181 807 qua
1202 736 1302 792 virtute
1324 733 1490 790 circumdata
1515 738 1610 786 saneta
1635 726 1789 798 resplendet
1833 743 1835 750 ¹

141 829 250 887 duritia
259 830 343 894 dicta,
351 829 423 901 qnod
435 829 533 885 dantet
542 829 718 902 lingantrrrex
731 838 815 885 terra.
826 830 941 901 Fingere
991 825 1166 882 Ecclesiam
1174 840 1209 881 ne
1216 825 1302 881 solam
1312 825 1351 882 ibi
1363 823 1528 895 intelligeres
1538 837 1599 878 esse
1609 819 1785 883 charitatem3

142 921 268 977 etenim
282 919 386 985 lacere,
402 918 520 975 iormare
534 927 561 977 et
574 920 718 991 plasmare.
734 920 812 997 Unde
825 929 853 976 et
867 921 941 992 liguli
991 917 1020 971 ia
1032 918 1136 982 vertitu,
1157 916 1236 982 dixit,
1251 914 1377 969 deaurato
1394 930 1403 968 .·
1424 928 1489 977 non,
1510 924 1602 966 aureo,
1622 908 1785 964 Deauratum

142 1014 282 1068 dicuntur.
305 1011 339 1067 Et
358 1027 407 1067 vas
426 1010 508 1067 dctile
528 1011 643 1078 dicitur,
669 1028 723 1067 non
751 1012 854 1078 hetam,
877 1012 942 1068 illud
992 1011 1064 1074 enim
1082 1010 1217 1073 dicimus,
1237 1007 1346 1079 quando
1364 1006 1529 1078 superducta
1546 1004 1653 1075 species
1679 1000 1738 1058 auri
1758 998 1786 1054 iu

142 1103 213 1172 quod
233 1101 409 1158 mendacium
425 1109 468 1157 est
485 1120 491 1156 :
508 1103 555 1158 sed
568 1103 640 1172 quod
659 1102 803 1167 lormatur,
818 1112 848 1157 ut
866 1104 902 1158 sit
915 1112 943 1159 et
991 1100 1081 1172 aliqua
1101 1100 1214 1155 materia
1241 1099 1383 1170 glutiatur.
1404 1096 1467 1153 ldeo
1485 1104 1575 1150 autem
1602 1108 1682 1163 super
1699 1090 1786 1146 virtu·

142 1193 242 1248 lrabeat
266 1192 385 1262 aliquam
402 1192 528 1248 sormam.
548 1193 624 1250 Unde
642 1202 671 1249 et
692 1193 838 1264 Apostolus
851 1195 939 1250 dicit:
993 1201 1035 1248 tes
1046 1191 1114 1248 alias
1125 1191 1212 1263 gratia
1226 1190 1370 1245 charitatis
1383 1187 1524 1259 apparuit;
1545 1185 1609 1256 quia
1626 1182 1716 1242 omnia
1729 1179 1788 1248 ejus

144 1284 349 1355 antoniaster
363 1283 514 1354 figmentum
528 1287 553 1340 ei
576 1285 622 1355 qai
635 1303 663 1341 se
679 1286 758 1354 finxit
775 1299 784 1337 .·
801 1284 943 1350 Quereris
992 1281 1081 1355 fulgor
1101 1279 1218 1337 excellit.
1239 1278 1331 1346 hddit,
1347 1277 1545 1333 circumamicta
1564 1275 1697 1330 uarietate.
1714 1270 1787 1354 ,Per-

143 1391 181 1429 ne
198 1374 289 1444 [ιιιιιι
309 1374 401 1445 (Rom.
423 1375 484 1445 rvi?
497 1375 601 1431 Fictilia
622 1392 686 1431 vasa
706 1378 732 1432 in
754 1376 837 1432 Samo
854 1378 942 1433 insula
993 1383 1145 1434 scrutemur
1169 1388 1218 1428 cur
1233 1371 1353 1428 Ecclesia
1367 1371 1415 1426 liei
1434 1371 1467 1425 de
1480 1369 1564 1424 vestis
1584 1367 1715 1444 varietate
1731 1363 1789 1422 lau-

143 1464 216 1535 prius
230 1465 345 1519 inventa
370 1464 523 1532 traduntur,
537 1465 609 1521 laeta
621 1482 655 1522 ex
671 1475 743 1522 terra
756 1477 848 1523 cretea
861 1477 889 1523 et
902 1469 943 1524 ln·
992 1466 1082 1530 detur,
1096 1463 1238 1522 cuirotum
1253 1461 1368 1532 simplet
1381 1459 1507 1518 convenit
1529 1467 1610 1528 atque
1625 1471 1718 1511 unum.
1734 1454 1789 1510 Sed

143 1554 239 1610 durata
260 1556 342 1627 igne;
360 1556 474 1611 undeet
491 1554 582 1610 Samia
599 1571 674 1611 rasa.
689 1555 786 1613 Postea
803 1557 943 1613 inventum
993 1555 1045 1614 hac
1058 1555 1191 1609 varietate
1205 1559 1252 1607 aut
1265 1551 1370 1623 linguas
1384 1548 1548 1620 multiplices
1561 1545 1710 1619 significat,
1724 1542 1788 1612 quia

145 1657 195 1710 est,
211 1647 353 1701 rubricam
365 1646 474 1713 addere,
486 1654 514 1700 et
527 1663 561 1702 ex
576 1647 657 1702 rubra
673 1657 746 1703 terra
761 1647 872 1720 lingere.
884 1648 942 1703 tla-
993 1645 1034 1701 sic
1043 1645 1131 1701 omnis
1144 1660 1210 1716 geas
1228 1643 1375 1699 seeundum
1400 1656 1477 1697 suam
1490 1641 1607 1713 patriam
1621 1639 1649 1693 in
1663 1633 1787 1692 Ecclesia

145 1735 289 1805 tityuiarem
311 1734 397 1791 luisse
421 1753 501 1792 usrrnr
526 1737 649 1794 fictilium
673 1753 800 1794 vasorum
825 1749 940 1807 constat,
993 1738 1084 1811 psallit
1111 1737 1230 1802 arretori;
1263 1744 1310 1790 aut
1347 1734 1478 1789 virtutum
1511 1731 1720 1804 pulcherrimam
1748 1726 1788 1783 di·

145 1842 223 1898 tynam
237 1825 370 1882 tundendi
381 1827 445 1883 aeris
461 1837 508 1883 aut
521 1831 637 1901 argenti.
654 1829 732 1900 hpud
748 1842 855 1887 veteres
870 1832 942 1886 euim
957 1811 980 1870 B
994 1829 1161 1884 versitatum.
1173 1826 1291 1882 Ornatur
1300 1825 1374 1880 euim
1384 1840 1451 1880 auro
1470 1823 1663 1894 apostolorum,
1675 1826 1788 1890 argento

145 1932 193 1974 trec
202 1932 297 1980 aurea,
311 1933 362 1973 aec
375 1927 514 1989 argentea,
526 1920 573 1975 sed
583 1919 676 1976 fictilia
687 1937 750 1977 vasa
762 1922 941 1991 haheltrutum
994 1919 1200 1990 prophetarum,
1220 1917 1336 1988 gemmis
1352 1916 1500 1987 virginum,
1522 1929 1605 1970 COCCO
1626 1919 1788 1983 mavilium,

145 2007 213 2068 sient
228 2007 266 2061 ad
290 2007 352 2062 rina
369 2007 447 2064 doliis
460 2010 629 2081 excogitatis,
645 2012 778 2081 adaquas
793 2012 942 2081 amphoris,
994 2029 1113 2085 purpura
1127 2012 1328 2082 poenitentium.
1339 2012 1394 2067 lsta
1407 2018 1449 2066 est
1460 2010 1652 2081 ergovarietas
1665 2006 1787 2071 trinitatis,

145 2096 250 2167 hydriis
263 2097 299 2152 ad
313 2097 418 2163 balnea,
434 2114 466 2154 ac
484 2100 594 2169 reliquis
608 2115 669 2171 quae
693 2101 720 2155 in
746 2102 840 2158 usibus
857 2102 944 2158 homi·
994 2122 1055 2177 quae
1078 2106 1164 2162 oculis
1184 2105 1291 2162 Domini
1311 2119 1347 2161 err
1367 2103 1494 2164 omnihus
1513 2101 1639 2170 gentihus
1657 2100 1701 2169 pia
1722 2113 1788 2153 con-

145 2204 208 2243 num
229 2197 281 2244 aut
300 2199 360 2244 rota
382 2189 459 2256 dunt,
481 2201 528 2248 aut
549 2208 629 2248 mauu
651 2201 786 2264 aptantur.
807 2194 942 2250 l'ictilium
993 2198 1147 2255 versatione
1162 2196 1293 2266 placitura
1311 2194 1475 2250 conteritur.
1499 2193 1596 2248 Discus
1613 2198 1693 2245 autea
1714 2189 1790 2244 iscus

146 2294 208 2351 ergo
226 2294 357 2336 rasorum
372 2282 456 2352 ligura
471 2284 505 2337 ad
523 2286 648 2339 hrrrnauae
661 2284 823 2340 conditionis
842 2294 943 2344 sortem
995 2288 1029 2342 ah
1044 2286 1133 2357 specie
1145 2287 1226 2351 scuti,
1244 2285 1358 2340 undeet
1372 2283 1486 2360 scutella
1506 2288 1623 2352 :pastea
1639 2280 1729 2335 disens
1742 2295 1790 2336 vo-

145 2370 274 2442 pertiuet.
296 2370 373 2426 Unde
386 2374 516 2441 scriptum
530 2383 572 2429 est
591 2392 598 2428 z
616 2372 750 2428 Formou't
767 2375 836 2430 ltere
856 2377 942 2429 trond-
994 2386 1083 2441 catus,
1094 2375 1166 2446 quod
1179 2376 1324 2439 detescas,
1344 2374 1373 2429 id
1393 2381 1435 2429 est
1454 2379 1583 2445 apponat,
1596 2386 1612 2430 a
1626 2385 1680 2441 quo
1693 2378 1720 2425 et
1735 2368 1789 2424 dis·

146 2484 205 2522 ιιιιι
216 2468 328 2523 delimo
348 2478 425 2524 terroe
438 2469 513 2540 (Gen.
531 2469 573 2542 rr).
588 2469 653 2538 Quae
674 2479 762 2524 tamen
779 2472 839 2541 igne
858 2470 944 2540 Spiri-
994 2468 1154 2523 cuthheutes
1171 2464 1236 2520 dicti
1256 2482 1262 2518 :
1284 2465 1341 2519 sive
1359 2479 1412 2536 apo
1429 2473 1474 2519 tou
1495 2463 1601 2529 dicein,
1617 2462 1701 2517 idest
1718 2460 1789 2530 qnod

146 2569 188 2615 tus
201 2561 292 2616 saneti
314 2560 348 2616 ad
362 2576 459 2631 purum
476 2572 599 2627 excocta,
618 2578 681 2616 vasa
701 2563 821 2630 pretiosa
837 2563 870 2618 ad
886 2579 945 2619 ser·
991 2560 1104 2630 jaciant.
1125 2559 1268 2630 Paropsis,
1290 2558 1507 2631 quadrangulum
1525 2567 1554 2615 et
1574 2557 1788 2630 quadrilaterum

146 2652 240 2706 vitiam
256 2651 305 2706 Dei
321 2651 419 2707 lrahllia
438 2652 515 2708 liunt.
537 2653 607 2708 Vasa
625 2654 698 2709 enim
716 2655 845 2723 pretiosa,
861 2670 944 2710 aurea
994 2667 1053 2713 vas,
1069 2651 1096 2705 id
1112 2657 1164 2714 est,
1179 2649 1291 2719 paribus
1305 2649 1417 2705 absidis.
1430 2645 1549 2713 Patena,
1565 2646 1637 2718 quod
1654 2643 1790 2716 dispansis

146 2751 172 2796 rt
185 2750 330 2811 argentea,
348 2743 435 2798 saneti
451 2754 514 2799 sunt
530 2746 670 2815 sapientise
690 2746 833 2815 splendore
845 2759 875 2802 et
888 2746 945 2802 elo-
994 2742 1204 2812 patentibusque
1216 2740 1317 2798 sitoris
1331 2740 1424 2796 laneis.
1434 2741 1473 2795 De
1484 2739 1558 2794 diseo
1568 2735 1747 2810 etparopside
1762 2734 1789 2790 ιιι

146 2832 266 2903 quentiae
288 2832 378 2888 nitore
398 2832 558 2905 fulgentes:
578 2835 648 2890 sicut
671 2837 825 2891 econtrario
844 2835 943 2907 lignea,
995 2831 1142 2902 Evangelio
1161 2830 1260 2903 legitur
1280 2829 1389 2901 (llatttt.
1410 2829 1478 2900 xvv),
1497 2830 1550 2885 hoe
1572 2828 1653 2883 estin
1672 2824 1790 2882 deeollt·

147 2923 188 2978 ιιι
203 2922 297 2978 lictilia
311 2938 387 2989 vasa,
399 2924 437 2979 illi
450 2935 523 2991 suut,
536 2927 583 2995 qui
595 2927 684 2982 adlruc
695 2927 796 2995 aliquid
808 2927 898 2982 minus
909 2928 943 2982 de
996 2922 1068 2976 lione
1082 2919 1212 2986 toannts,
1235 2920 1302 2976 disci
1321 2917 1544 2975 0⁰ffl¹¹¹0¹¹¹0l³¹i⁰
1560 2916 1601 2971 fli·
1619 2916 1654 2970 Εῑ
1675 2914 1702 2969 5¹¹
1724 2927 1789 2985 ΜΒ·

146 3011 314 3082 perfectione
330 3014 440 3069 hahent.
455 3015 531 3071 Unde
547 3016 693 3086 Apostolus
707 3032 714 3070 ε
728 3017 761 3069 ln
778 3034 885 3086 niagno,
904 3016 944 3070 in·
995 3014 1071 3070 sione
1086 3009 1234 3067 salvatoris
1249 3010 1283 3066 de
1306 3010 1453 3081 paropside
1470 3009 1568 3081 legitur
1583 3005 1691 3080 (Mettis.
1701 3004 1788 3076 xxvi).

147 3105 214 3173 quit,
235 3105 327 3171 domo,
340 3121 393 3160 non
412 3104 497 3160 rolant
510 3117 571 3162 ruat
588 3125 649 3162 aare
666 3124 746 3161 errrea
767 3116 942 3177 etoryentea,
996 3103 1025 3159 hr
1039 3103 1136 3173 quihus
1156 3101 1343 3168 admonemur,
1358 3109 1388 3156 ut
1401 3101 1540 3157 libidinem
1558 3109 1586 3155 et
1600 3096 1789 3155 crudelitatem

147 3193 191 3246 sert
204 3203 230 3248 et
241 3192 330 3264 ligneo
347 3204 424 3266 atque
436 3195 529 3264 fictitio
544 3210 554 3248 .·
568 3206 592 3250 et
606 3197 728 3267 granduna
743 3206 803 3251 sunt
819 3197 846 3249 tn
862 3197 944 3251 horro-
957 3163 980 3226 C
995 3195 1141 3265 fugiamus,
1154 3203 1182 3249 et
1194 3192 1318 3248 fraudem
1329 3192 1372 3250 vel
1387 3191 1566 3263 proditionem
1577 3189 1668 3245 faeere
1678 3189 1789 3247 omniuo

148 3299 214 3350 rear,
235 3285 291 3338 alio
310 3300 370 3339 aero
383 3286 411 3339 in
426 3287 611 3341 contemeliam
629 3285 672 3359 (tl
693 3285 760 3340 Tim.
779 3287 820 3359 rr).
837 3287 943 3359 hlagna,
996 3301 1141 3341 careamus
1164 3299 1271 3349 omnes,
1288 3285 1334 3355 qui
1356 3284 1491 3339 luxuriam
1512 3281 1628 3339 llerodis
1647 3291 1675 3338 et
1701 3281 1791 3336 avari·

148 3373 247 3444 irrqrrit,
260 3374 359 3429 daem
370 3382 412 3430 est
430 3375 554 3442 ecclesia,
568 3391 601 3432 ex
615 3375 708 3431 multis
729 3376 881 3432 consistens
894 3378 939 3432 ho·
996 3378 1062 3433 tiam
1076 3377 1152 3433 lude
1169 3378 1345 3433 detestamur.
1369 3375 1459 3431 Mensa
1476 3374 1549 3430 euim
1573 3390 1589 3429 a
1609 3387 1703 3429 mense
1717 3372 1789 3427 dieta

149 3463 278 3518 minibus.
291 3461 409 3519 Necesse
433 3472 476 3519 est
487 3480 551 3537 ergo
565 3482 618 3520 non
629 3481 723 3521 onmes
734 3466 771 3521 ili
783 3482 844 3521 esse
854 3474 945 3538 inqua·
996 3476 1054 3534 est;
1070 3468 1132 3538 quia
1146 3468 1241 3524 eodem
1255 3467 1299 3523 die
1318 3467 1444 3523 eorrvivia
1462 3466 1516 3523 ritu
1533 3466 1663 3536 gentium
1676 3478 1788 3519 exerre-

149 3552 196 3608 ies.
211 3553 282 3607 Narn
297 3562 326 3609 et
337 3554 365 3609 in
379 3568 476 3625 magna
486 3556 566 3610 domo
582 3572 633 3610 nou
648 3563 761 3625 possunt
772 3559 864 3617 omnia
880 3574 945 3614 vasa
995 3562 1104 3616 bantur.
1131 3560 1170 3617 De
1189 3577 1283 3617 mensa
1306 3577 1371 3634 ergo
1394 3562 1526 3633 propheta
1543 3562 1583 3616 ait
1599 3575 1607 3614 ι
1630 3559 1737 3614 Portasti
1761 3558 1790 3613 in

148 3644 248 3701 similia
268 3645 392 3716 reperiri,
411 3645 474 3702 lieet
494 3647 531 3701 sit
548 3646 645 3702 domus
663 3647 741 3703 valde
760 3664 872 3720 magna;
896 3651 943 3706 sed
996 3661 1134 3724 conspecta
1152 3668 1208 3708 ntro
1228 3666 1344 3707 marnam
1363 3651 1450 3726 (Psoi.
1473 3652 1553 3723 xxrr).
1577 3651 1705 3706 sceleste
1721 3664 1786 3705 vero

150 3736 221 3793 inter
231 3750 315 3791 aurea
329 3743 358 3791 et
376 3744 503 3808 argentea
516 3752 579 3792 vasa
593 3737 793 3807 perspiciuntur
805 3748 834 3795 et
853 3739 944 3812 lignea
996 3759 1088 3799 mensa
1108 3751 1150 3798 est
1163 3744 1243 3799 heata
1258 3743 1420 3806 convivatio,
1434 3725 1553 3813 epulatio
1567 3742 1641 3807 felix,
1656 3741 1787 3796 saturitas

148 3836 176 3882 et
190 3826 285 3884 sterilia
297 3842 305 3894 ;
319 3835 349 3882 et
363 3828 419 3883 alia
430 3828 539 3898 quidem
553 3829 636 3883 multa
656 3830 736 3900 digna
751 3839 815 3886 suat
827 3834 941 3898 honore,
996 3833 1070 3898 ddei,
1085 3849 1148 3889 esca
1157 3833 1287 3890 eoetesus.
1307 3835 1407 3890 Verum
1426 3835 1506 3889 istam
1523 3848 1645 3891 mensam
1657 3832 1788 3897 adversus

148 3918 200 3975 alia
216 3933 284 3974 vero
293 3926 358 3974 sant
369 3919 580 3992 contemptibilia
593 3928 621 3975 et
632 3920 666 3975 ad
680 3930 783 3978 certum
799 3940 876 3978 usum
891 3924 946 3979 dis·
995 3937 1043 3978 eos
1057 3931 1181 3993 paratam
1202 3937 1263 3978 esse
1281 3922 1458 3979 marrttesnua
1479 3931 1532 3987 est,
1552 3924 1599 3992 qui
1618 3938 1672 3981 aaa
1693 3922 1788 3993 atina

148 4018 236 4064 creta.
259 4007 364 4065 lleiade
387 4010 452 4080 quia
470 4011 601 4067 naturalis
613 4020 672 4068 erat
690 4028 816 4069 vasorum
837 4014 943 4082 divisio,
993 4014 1171 4086 peruersitate
1196 4016 1312 4071 demersi
1337 4015 1486 4073 Ecclesiam
1516 4014 1566 4071 liei
1592 4030 1643 4072 suo
1669 4016 1790 4086 graviter

149 4101 299 4172 utaequid
311 4101 365 4157 tale
377 4102 503 4173 apuduos
514 4104 694 4169 existimaret,
708 4103 863 4175 adjectum·
874 4107 944 4160 enim
994 4121 1089 4161 errore
1112 4106 1285 4172 contristant,
1304 4107 1338 4161 de
1359 4106 1458 4176 quihus
1476 4105 1790 4176 Apostolusdieitsssrri

147 4194 206 4264 gaia
220 4191 425 4248 amandarent
437 4193 469 4248 cd
480 4194 531 4261 hia,
544 4196 592 4249 erit
607 4211 652 4249 acc
668 4196 695 4249 in
716 4196 815 4250 itenere
826 4195 945 4263 sanctifi·
994 4197 1135 4251 manducat
1156 4196 1273 4269 indens,
1287 4196 1419 4267 y‘adieium
1440 4196 1491 4251 sihi
1512 4196 1655 4253 mandarat
1668 4206 1693 4250 et
1712 4196 1789 4263 didit,

148 4291 237 4340 saleru
244 4282 553 4356 domino,etoptirnunr,
564 4285 600 4339 ad
611 4302 761 4356 amneopes
773 4286 869 4341 tonum
879 4301 945 4356 prte-
994 4306 1047 4343 noa
1068 4287 1218 4359 dijudicant
1242 4305 1337 4360 corpas
1357 4287 1465 4342 Donrini
1482 4284 1513 4361 (l
1534 4285 1596 4342 Cor.
1613 4287 1669 4358 ιι),
1693 4286 1787 4343 datum

148 4387 273 4448 porratam
288 4375 395 4450 (idid).
409 4377 463 4434 Sed
474 4380 545 4449 quod
559 4378 614 4435 illie
630 4379 742 4434 materia
757 4378 889 4434 naturalis
907 4379 945 4435 la·
994 4376 1098 4434 seilicet
1116 4378 1150 4433 ad
1165 4377 1354 4435 remissionem
1373 4385 1556 4450 peccatorum,
1576 4386 1604 4433 et
1618 4377 1703 4433 vitam
1723 4391 1786 4447 per·

149 4470 196 4533 eit,
217 4469 271 4524 hoe
290 4468 336 4524 hic
355 4468 506 4526 arbitrium.
522 4469 573 4537 Qui
591 4470 663 4525 enim
681 4485 711 4526 se
727 4486 742 4526 a
761 4470 943 4526 deterioribus
993 4477 1102 4541 petuam
1113 4469 1313 4539 possidendam.
1326 4470 1488 4526 Mementote
1511 4477 1602 4526 autem
1613 4469 1684 4539 quod
1695 4483 1789 4525 mensa

149 4559 345 4632 segregaverit,
360 4567 402 4616 est
411 4575 460 4616 vas
474 4560 539 4616 utile
551 4561 578 4615 in
590 4562 722 4617 honorem
736 4561 799 4628 liei,
812 4560 866 4616 alia
880 4577 944 4617 vero
997 4563 1024 4617 iu
1038 4563 1109 4619 hono
1124 4572 1153 4619 et
1169 4564 1195 4618 in
1216 4563 1288 4618 malo
1310 4563 1429 4633 ponitur,
1451 4562 1522 4618 sicat
1541 4562 1608 4622 dicit
1621 4561 1768 4633 dpostolus
1782 4579 1789 4615 r

149 4651 177 4709 in
197 4649 403 4705 contumeliam.
426 4649 482 4707 lloc
498 4660 588 4707 autent
610 4654 638 4707 iu
660 4660 753 4707 nostro
772 4660 815 4707 est
828 4654 946 4722 positum
998 4653 1061 4708 Non
1078 4656 1184 4725 potestis
1204 4655 1397 4710 communicare
1415 4671 1512 4711 ιιιιιιιιι
1536 4654 1641 4713 Domini
1654 4663 1678 4710 et
1692 4669 1789 4709 meare

149 4740 266 4797 arbitrio
288 4748 316 4795 et
336 4751 484 4811 potestate;
509 4752 600 4799 utrum
625 4744 662 4809 id,
683 4746 755 4814 quod
777 4743 887 4810 melius,
911 4760 946 4799 an
996 4742 1095 4797 dioboli
1111 4742 1137 4815 (l
1155 4740 1217 4798 Cor.
1239 4742 1279 4816 x).
1300 4743 1367 4801 ltem
1384 4758 1477 4815 mensa
1496 4744 1584 4801 altare
1605 4753 1648 4801 est
1670 4744 1789 4806 Christi,

148 4834 221 4903 qnol
242 4833 365 4888 deterius
386 4841 438 4898 est,
459 4834 599 4906 eligamus.
622 4835 720 4891 Caelata
737 4852 801 4892 vasa
817 4845 946 4906 argentea
998 4850 1083 4904 aquo
1108 4835 1202 4892 fideles
1217 4836 1369 4908 percipiunt
1387 4838 1510 4907 corporis
1524 4845 1553 4893 ιι
1570 4835 1711 4907 sanguinis
1728 4832 1791 4903 eius

149 4926 191 4979 vel
209 4940 296 4980 aurea
316 4932 389 4989 suat,
404 4925 490 4997 signis
501 4926 726 4984 eminentioribus
747 4928 819 4983 intus
835 4937 946 4983 extrave
998 4928 1167 4998 mysterium.
1193 4929 1312 4985 Rursum
1337 4944 1429 4985 measa
1455 4930 1567 4986 Domini
1581 4936 1625 4985 est
1647 4927 1790 4995 utriusque

149 5029 293 5084 expressa,
306 5030 321 5068 a
334 5015 404 5071 coelo
414 5026 520 5081 vocata,
535 5017 606 5087 quod
622 5027 663 5074 est
676 5033 761 5088 genus
775 5016 945 5081 serranrenti,
1000 5019 1067 5091 legis
1078 5020 1266 5079 intellectualis
1276 5021 1406 5091 epulatio,
1416 5021 1443 5076 in
1458 5036 1512 5091 qua
1523 5020 1701 5077 convivarum
1713 5029 1790 5073 ruore

150 5107 224 5176 quod
255 5106 338 5177 volgo
364 5107 488 5163 cilionem
525 5117 633 5163 vocant.
670 5107 855 5179 chrysendeta
883 5123 946 5163 vasa
1000 5113 1211 5183 pascuntur,rpui
1226 5113 1337 5169 delicias
1350 5111 1598 5169 Dominiaviditate
1615 5110 1714 5167 uenus
1726 5122 1790 5167 estt-

151 5198 299 5261 deanrata,
322 5197 446 5254 Greeum
469 5209 521 5254 est.
549 5199 706 5272 Anaglypha
731 5201 803 5271 quod
823 5203 948 5272 superias
1000 5204 1084 5268 riunt,
1096 5204 1218 5259 etsancti
1230 5202 1529 5273 Spiritrrssaluherrima
1538 5201 1669 5259 ebrietate
1681 5198 1788 5270 impleri

151 5298 218 5344 suat
231 5288 347 5359 sculpta.
361 5290 454 5347 Greee
467 5291 539 5347 enim
550 5308 604 5347 ano
613 5308 732 5359 sursum,
744 5292 862 5365 glyphen
875 5292 947 5349 scul-
999 5308 1030 5348 se
1041 5292 1205 5347 desiderant.
1224 5290 1288 5347 llaec
1303 5290 1402 5347 tanais
1423 5289 1473 5348 hrit
1487 5290 1516 5349 ia
1529 5289 1698 5354 mantalam,
1716 5290 1789 5349 stent

152 5390 244 5449 ptura.
258 5379 323 5435 hrde
339 5381 500 5453 anaglypha,
515 5383 542 5439 id
558 5394 612 5450 est,
626 5400 733 5441 sursum
748 5385 862 5455 sculpta.
876 5385 946 5441 Vasa
999 5383 1143 5441 Psalmista
1158 5391 1285 5450 testatur,
1298 5384 1390 5439 dieens
1403 5402 1410 5437 ι
1425 5381 1489 5438 Fiat
1501 5399 1590 5439 meme
1600 5399 1692 5438 eareat
1703 5398 1793 5439 errant

152 5471 224 5526 enirn
237 5470 334 5526 celata
345 5472 402 5529 sive
409 5473 559 5546 anaglypha
570 5476 723 5548 siguideant
732 5486 851 5544 sanctos,
859 5478 948 5533 varia·
999 5476 1063 5546 ipris
1077 5475 1105 5529 in
1124 5474 1245 5546 laqueum
1263 5484 1286 5529 et
1307 5474 1335 5528 io
1350 5473 1532 5528 retributiones
1552 5483 1576 5527 et
1592 5474 1621 5528 ιιι
1634 5473 1790 5531 scandalunt

153 5576 214 5625 rum
235 5563 370 5619 vinetum
389 5565 514 5638 insigniis
530 5567 674 5625 distinctos
694 5578 775 5640 atque
796 5569 947 5624 decoratos.
1000 5567 1087 5642 (reat.
1109 5567 1220 5640 txrrrr);
1241 5566 1349 5637 quando
1367 5565 1418 5639 ipsi
1437 5564 1525 5621 ludaei
1545 5563 1648 5633 Christi
1668 5564 1792 5636 spiritale

155 5653 199 5711 illa
213 5665 306 5713 autem
323 5672 396 5721 rasa,
411 5674 472 5730 qum
493 5661 621 5717 deaurata
641 5663 778 5728 dicuntur,
796 5663 951 5736 signideaut
1000 5661 1126 5719 detestati
1141 5669 1205 5716 sunt
1224 5658 1388 5716 convicium.
1405 5658 1537 5729 Prreeapit
1556 5658 1687 5715 Dominus
1707 5659 1792 5730 lloysi

156 5762 298 5819 eosquos
320 5748 420 5806 donum
444 5750 570 5822 perfecte
599 5753 743 5810 eharitatis
759 5757 884 5812 adornat.
912 5755 949 5809 lle
1001 5757 1030 5812 in
1046 5755 1137 5813 livedo
1154 5752 1253 5829 (exod.
1270 5752 1390 5825 erigut
1410 5750 1792 5822 laceretmensamdclignis
