4042 6200
240 353 312 410 l559
564 352 594 406 tt.
616 351 742 407 RhBth
761 349 869 406 halitu
889 349 1047 405 AltClllEP.
1069 347 1223 408 udonus.
1237 352 1380 410 brunuli
1400 353 1488 410 etus
1508 354 1551 410 ΙΙΙ.
1809 359 1884 413 iseo

238 483 312 532 curra,
330 466 374 523 cui
389 474 530 538 propterea
541 467 631 523 eibum
642 475 669 522 et
682 475 775 537 potum
786 466 842 530 dat,
858 473 889 521 ut
901 465 1033 521 carbones
1048 465 1071 526 Α
1085 476 1218 538 prmeepta
1230 469 1320 539 potius
1331 470 1411 533 dicat,
1425 486 1505 541 quam
1514 471 1583 525 dona
1597 474 1664 528 :sed
1677 473 1889 532 consideremus

240 560 310 630 ignis
336 567 466 630 congerat
485 574 566 629 super
580 568 660 629 eaput
675 558 749 627 mos,
777 558 800 613 si
811 557 944 613 carbones
964 557 1034 629 iguis
1087 559 1251 631 diligentius,
1263 577 1299 618 ne
1313 561 1382 617 torto
1398 564 1525 632 quioniam
1539 564 1584 633 nari
1596 566 1648 618 iem
1662 566 1687 620 in
1699 566 1744 621 lais
1754 568 1886 622 annianus

240 652 292 707 hoc
306 651 366 706 loco
380 650 498 720 aliquam
518 665 626 719 gravem
641 663 750 720 poenam
767 649 945 720 significant?
959 648 1033 715 Qua·
1085 652 1319 707 moralemioeum
1339 662 1457 708 tractare
1478 655 1606 721 institnit,
1631 665 1658 710 ct
1675 671 1730 711 non
1745 657 1838 711 solum
1857 657 1885 711 ιιι

237 751 350 812 propter
375 741 578 812 intelligendum
593 751 646 806 est,
668 741 702 795 ad
721 741 773 796 hoc
793 739 895 795 dietum
911 755 980 804 esse,
1006 748 1036 793 ut
1086 744 1137 800 ilde
1151 745 1274 800 veritatis
1283 746 1407 800 stabilem
1422 755 1450 800 et
1463 746 1639 811 immobilem,
1652 762 1748 802 verum
1758 748 1786 801 in
1802 747 1887 800 mori·

238 851 301 891 cum
323 834 370 905 qui
393 848 442 888 nos
466 833 565 888 laeserit
590 847 767 903 provocemus
792 832 824 885 ad
847 830 1034 901 poenitentiam
1084 834 1136 889 bus
1155 845 1279 890 ornatum
1302 836 1389 892 iacere
1415 835 1609 902 Christianmu,
1635 838 1695 893 idco
1719 839 1884 893 adnumera

237 924 303 981 hen
316 925 368 990 sui,
384 939 446 980 curn
460 924 485 978 ei
502 939 551 978 nos
566 922 782 987 benefaciamus
798 921 842 975 isti
857 920 929 975 enim
942 922 1036 976 carbo
1084 926 1232 997 gratiarum
1262 927 1345 981 etiam
1369 927 1482 982 moralia
1507 935 1641 998 precepta
1667 927 1829 997 cotalonga,
1855 937 1885 980 ot

238 1031 288 1072 nes
314 1016 384 1088 ignis
400 1015 434 1070 ad
448 1015 630 1079 errastionenr,
661 1012 753 1076 idest,
780 1010 1034 1066 contribulationem
1084 1016 1381 1072 ostendatChristianis
1394 1018 1477 1072 etiam
1489 1019 1546 1073 hac
1555 1033 1604 1087 per
1617 1018 1665 1072 bei
1678 1019 1798 1088 gratiam
1812 1018 1883 1071 dari.

238 1106 350 1177 spiritus
371 1105 474 1171 valent,
501 1104 546 1174 qui
562 1113 605 1159 est
618 1104 693 1174 quasi
711 1112 792 1173 capnt
804 1102 911 1167 animm,
935 1102 961 1157 io
981 1119 1035 1173 qaia
1085 1104 1155 1161 Sunt
1167 1106 1239 1162 enirn
1259 1115 1285 1161 et
1298 1106 1419 1162 nonnulii
1430 1106 1569 1179 gentilium
1585 1108 1746 1178 compositis
1759 1109 1885 1162 moribvs

236 1197 362 1251 enutritur
380 1195 470 1251 omnis
494 1193 608 1260 malitia,
628 1209 690 1249 eum
713 1194 793 1248 homo
813 1194 838 1248 in
860 1193 956 1248 meiius
975 1201 1036 1264 post
1085 1206 1112 1254 et
1126 1199 1239 1253 honeste
1250 1199 1388 1262 institutis,
1408 1198 1454 1267 orvi
1468 1207 1557 1254 tanuen
1569 1198 1622 1252 hoe
1634 1198 1733 1262 ιιιοιιιιι,
1750 1198 1827 1268 qaod
1839 1198 1885 1251 lra-

235 1289 421 1360 poenitcntiam
436 1295 628 1350 commutator,
650 1294 680 1341 ιιι
704 1286 758 1341 sint
785 1285 821 1340 illi
841 1286 974 1341 carbones
999 1286 1033 1341 dc
1085 1289 1161 1354 beat,
1188 1303 1241 1342 non
1257 1288 1292 1342 ad
1304 1288 1390 1342 [lcum
1408 1286 1540 1351 referant,
1565 1302 1616 1342 nce
1631 1288 1740 1357 abipso
1759 1285 1816 1342 sibi
1836 1285 1885 1339 ds

236 1382 335 1452 quilius
349 1380 449 1436 dieitur
465 1380 491 1434 in
504 1378 620 1435 Psalmis
638 1377 723 1449 (Pani.
741 1376 816 1448 cxix)
833 1395 840 1431 ε
860 1377 931 1444 Quid
958 1377 1035 1432 detur
1084 1386 1140 1433 tam
1156 1377 1269 1449 gratiam
1290 1376 1463 1439 comitentur,
1485 1379 1715 1449 sedautpropuae
1740 1377 1885 1432 industrias

235 1470 283 1524 tibi
301 1469 399 1540 etquid
411 1478 560 1540 apponatur
574 1468 620 1521 tili
636 1467 671 1521 nd
684 1467 800 1538 liugnam
815 1466 955 1521 dolosum?
984 1465 1036 1522 Su·
1084 1469 1235 1533 ascribunt,
1257 1476 1304 1522 aut
1319 1482 1401 1537 super
1413 1467 1552 1539 magistris
1569 1477 1597 1523 et
1612 1467 1818 1523 institutoribus
1828 1467 1885 1539 gio·

235 1560 308 1630 pium
340 1557 451 1629 potentis
474 1568 558 1612 amatre
585 1574 644 1611 eam
675 1557 831 1612 cordonibus
855 1555 1033 1611 desolatoriis.
1085 1561 1201 1615 riantur.
1215 1558 1299 1615 Nobis
1311 1561 1402 1614 autem
1412 1559 1533 1615 ostendit
1544 1560 1690 1631 Apostolus
1711 1575 1797 1615 omne
1808 1561 1884 1631 quod

235 1648 356 1720 (Aurbr.)
378 1648 436 1704 Non
450 1652 548 1705 nudam
560 1648 706 1704 vindictam
719 1649 774 1704 beo
788 1648 921 1705 reservari
933 1650 1035 1703 debere
1085 1651 1185 1708 bouum
1211 1660 1253 1707 est
1279 1666 1295 1706 a
1321 1650 1377 1706 beo
1395 1666 1466 1718 esse,
1489 1660 1518 1706 et
1535 1665 1584 1722 per
1604 1649 1735 1721 Spiritum
1751 1663 1882 1706 sanetum

234 1741 364 1808 ostendit,
397 1741 445 1797 sed
470 1748 498 1797 et
513 1740 644 1797 beneficia
673 1740 731 1797 dari
751 1741 879 1807 inimicis,
916 1749 946 1795 nt
970 1755 1035 1795 rere
1085 1743 1143 1797 dari
1168 1742 1238 1798 sicut
1254 1750 1281 1798 et
1305 1740 1422 1797 lacobus
1437 1742 1575 1813 apostolus
1590 1741 1882 1798 dicitzomnedntsrn

234 1830 409 1887 ostendamus
422 1845 475 1886 non
488 1830 591 1886 meritis
604 1830 705 1885 nostris
719 1830 819 1885 halrere
833 1845 883 1885 nos
894 1819 1188 1898 inimicos,Blouarn,
1215 1841 1240 1887 et
1264 1848 1340 1886 enine
1363 1831 1462 1887 denunt
1494 1833 1636 1903 perfectura
1665 1832 1809 1886 decenum
1831 1842 1882 1895 est,

234 1936 304 1991 quos
317 1930 346 1976 ot
357 1922 391 1976 ab
402 1920 551 1975 inimicitiis
563 1920 699 1983 desinant,
713 1919 850 1989 obsequiis
865 1920 975 1976 vincere
985 1922 1029 1975 ni-
1080 1922 1265 1978 descenderere
1279 1920 1358 1977 Patre
1370 1922 1500 1977 luminam
1514 1922 1586 1995 (inc.
1602 1925 1633 1993 r),
1651 1931 1692 1988 nt,
1715 1923 1760 1993 ani
1781 1923 1882 1994 gloria-

236 2011 320 2066 tirrrur
334 2029 341 2064 z
354 2011 400 2081 qui
425 2011 448 2066 si
468 2011 494 2065 in
511 2009 660 2066 inimicitiis
674 2010 879 2080 perduraverint
892 2011 1030 2081 impietate
1080 2025 1124 2070 tur
1139 2013 1452 2087 inhominoplorieturil
1466 2013 1528 2070 Cor.
1543 2014 1800 2087 1).llideamusergo
1807 2031 1882 2072 oenc

233 2102 332 2158 merrus
353 2117 418 2168 sure,
447 2111 539 2157 nostra
556 2101 687 2171 obsequia
700 2100 842 2172 proficient
855 2101 908 2157 illis
926 2103 959 2156 ad
974 2116 1031 2171 pm·
1079 2105 1804 2179 arridetiamiuconsequentibusadjungathpostolus.

234 2202 310 2257 nam,
330 2199 377 2246 aut
399 2199 474 2248 certe
494 2190 686 2261 obsequiorum
708 2200 863 2246 nostrorum
883 2191 1030 2248 sedulitate
1378 2197 1495 2256 CAPUT
1515 2199 1583 2254 xiil,

233 2285 398 2357 compuncti,
413 2284 486 2340 velut
508 2285 641 2341 carbones
665 2284 765 2339 mortui
794 2284 969 2339 reviviscant.
993 2284 1030 2340 llt
1081 2292 1163 2347 Docet
1186 2290 1326 2363 Apostolus
1354 2293 1470 2347 mitiores
1493 2291 1598 2346 abortire
1624 2289 1806 2361 superioribus
1832 2304 1879 2360 per

234 2392 299 2450 ergo
317 2393 367 2434 nos
380 2377 409 2432 io
427 2385 532 2432 tantum
555 2375 691 2449 periectos
704 2375 802 2442 iaciat,
824 2384 854 2431 ot
868 2391 923 2432 non
941 2375 1029 2432 solnm
1263 2361 1458 2418 willihelm
1471 2361 1686 2417 ‘multllm-
1891 2439 1894 2444 ,

233 2491 283 2532 nos
297 2475 380 2546 ipsos,
391 2475 439 2531 sed
454 2483 482 2531 et
495 2474 573 2541 alios,
582 2475 755 2544 aequiramus
763 2472 797 2528 ad
804 2472 897 2537 vitam,
912 2471 1030 2527 inimicis
1116 2471 1243 2527 Omnibus
1256 2471 1427 2543 potestatibus
1448 2470 1644 2527 sullimioribus
1666 2468 1765 2524 raediti
1783 2477 1878 2531 utare

233 2580 287 2621 non
298 2566 385 2622 solum
398 2565 484 2621 vicem
498 2565 612 2620 reddere
623 2563 751 2634 prohibet
770 2562 900 2618 hominus
916 2577 967 2633 per
975 2562 1027 2617 Sa·
1079 2563 1368 2634 nonesteuimpatestat
1378 2564 1430 2618 uiri
1440 2580 1456 2617 a
1468 2562 1532 2617 Deo.
1542 2561 1876 2635 (hagdouodautemaic

233 2655 380 2721 lamonem,
409 2671 504 2712 venam
525 2655 608 2711 etiam
632 2654 801 2710 humanitate
827 2653 861 2709 ad
881 2654 1028 2710 amicitiam
1080 2653 1173 2709 Omnis
1192 2655 1282 2709 auimo
1301 2653 1471 2726 potestatibus
1491 2653 1687 2708 sublimioribus
1706 2653 1815 2707 subdita
1831 2652 1877 2715 sir,

227 2761 382 2818 vprovocare
396 2747 530 2803 hortatur.
554 2746 618 2802 Noli
643 2747 711 2802 ιιιιει
735 2763 752 2800 ιι
779 2744 862 2812 molo,
882 2746 927 2800 red
954 2746 1030 2800 uince
1079 2755 1181 2801 nonest
1199 2745 1271 2801 enim
1289 2754 1404 2818 potestat
1419 2746 1471 2800 nisi
1489 2745 1584 2811 olleo,
1608 2743 1763 2800 rectissime
1782 2743 1879 2797 arimo-

232 2839 262 2893 ιιι
291 2838 358 2893 iona
385 2837 495 2893 molam.
525 2836 588 2893 llaec
618 2836 808 2906 interpretatio
840 2844 883 2892 est
907 2835 1029 2907 Apostoli
1078 2846 1136 2905 net,
1150 2853 1185 2893 ne
1199 2837 1261 2908 quis
1273 2837 1445 2908 essequod
1460 2837 1661 2892 abomiaosuo
1680 2838 1707 2891 in
1720 2836 1877 2906 libertatem

233 2927 412 2994 cohortantis,
447 2942 481 2984 ne
509 2927 598 2984 vicem
625 2927 770 2983 reddamus
800 2927 933 2993 inimicis,
958 2928 1030 2984 ment
1078 2925 1406 2997 vocatusest‚laetusque
1427 2925 1607 2992 Christianus,
1622 2925 1770 2981 extollatur
1789 2925 1818 2979 in
1831 2939 1876 2978 su-

233 3019 336 3075 dictum
348 3026 401 3076 est.
426 3018 538 3075 llultom
552 3019 623 3075 enim
636 3017 758 3089 proderit
775 3018 864 3085 nobis,
880 3018 904 3075 si
919 3020 1028 3076 malitiae
1078 3018 1211 3088 parmam,
1226 3026 1254 3075 et
1266 3033 1319 3074 oon
1335 3018 1483 3074 arbitretur
1498 3017 1524 3072 ia
1538 3015 1618 3086 hnjrrs
1628 3016 1693 3071 vitm
1707 3016 1806 3069 itinere
1818 3030 1875 3070 ser·

232 3110 381 3178 cedamus3
403 3110 487 3167 vincit
503 3111 574 3166 enim
587 3110 698 3177 malum,
724 3110 770 3181 qui
784 3111 819 3167 ad
832 3119 939 3184 tempus
956 3111 1027 3167 vinci
1078 3112 1197 3166 vandum
1210 3125 1271 3166 esse
1278 3110 1401 3166 ordinem
1410 3116 1537 3171 canumet
1549 3105 1876 3179 potestatihussubiimio-

232 3198 340 3254 videtur
367 3200 402 3256 ab
425 3200 489 3266 illo;
513 3209 541 3257 et
557 3200 681 3258 Salvator
697 3201 738 3256 sic
761 3200 893 3273 [salvatur
915 3201 950 3275 si]
962 3178 1064 3257 vicitC
1081 3201 1168 3266 ribus,
1193 3200 1292 3270 quibus
1305 3216 1354 3272 pro
1369 3209 1491 3270 ternpore
1507 3215 1598 3254 rerum
1614 3197 1804 3269 temporalium
1829 3211 1874 3266 gu·

232 3290 345 3358 malum,
357 3292 421 3345 duro
435 3307 489 3347 noo
505 3294 617 3349 resistit.
628 3293 728 3349 Contra
748 3308 779 3350 se
800 3295 874 3350 enirn
891 3295 947 3366 agit
971 3309 1030 3349 ma·
1079 3291 1203 3348 hernantio
1215 3293 1312 3348 tradita
1323 3301 1375 3357 est,
1396 3292 1612 3346 existimetnon
1627 3305 1660 3345 se
1672 3304 1734 3344 esse
1757 3289 1876 3343 subdea-

233 3377 303 3444 litia,
325 3387 353 3434 et
373 3379 437 3434 dom
461 3380 590 3446 vincitur,
604 3382 714 3437 sineere
732 3397 762 3438 se
784 3391 881 3453 putat:
908 3383 935 3437 id
955 3383 1029 3437 enim
1081 3380 1155 3437 dum.
1182 3380 1249 3437 Com
1264 3381 1337 3437 euim
1354 3392 1511 3436 constemus
1535 3396 1570 3435 ex
1587 3380 1679 3435 aniona
1703 3388 1730 3433 et
1748 3392 1875 3448 corpure,

233 3469 290 3541 agit
304 3469 442 3536 inimicus,
468 3479 499 3526 ut
519 3479 548 3527 et
569 3486 619 3527 uos
640 3472 674 3527 de
693 3472 833 3544 proposito
853 3478 947 3529 nostro
966 3474 1030 3530 abs·
1080 3484 1109 3533 et
1122 3475 1241 3547 quandiu
1253 3476 1279 3530 io
1295 3474 1414 3530 bacvita
1426 3474 1568 3546 temporali
1580 3488 1684 3538 sumus,
1699 3472 1784 3527 etiam
1794 3471 1876 3525 reims

231 3560 336 3626 trahat,
354 3560 525 3617 occasionem
552 3577 679 3632 qnmrens
699 3562 836 3632 quomodo
861 3577 1006 3633 peccemus
1019 3580 1027 3617 a
1081 3565 1275 3637 temporalibus
1287 3565 1322 3620 ad
1334 3563 1484 3620 subsidium
1497 3563 1624 3635 degenda·
1639 3561 1720 3633 hujus
1731 3562 1797 3616 rite
1812 3569 1874 3616 uta-

231 3652 294 3709 ideo
306 3653 390 3718 enim,
404 3652 426 3707 si
446 3654 585 3722 provocati
601 3654 636 3710 ab
649 3654 704 3719 illo,
727 3654 814 3709 vicem
831 3654 870 3710 iili
890 3669 944 3710 non
968 3656 1030 3711 red·
1080 3671 1153 3717 mur.
1173 3665 1282 3728 oportet
1305 3672 1356 3713 nos
1369 3671 1402 3712 ea
1423 3665 1550 3727 eaparte
1564 3671 1625 3726 puae
1643 3656 1676 3710 ad
1692 3657 1764 3711 harre
1789 3656 1873 3709 vitam

232 3744 341 3811 damus,
352 3743 484 3799 vincimus
495 3743 570 3799 illum
583 3744 610 3799 in
624 3744 704 3801 bono.
720 3745 784 3800 ideo
798 3759 851 3800 non
865 3744 1028 3811 resistimus,
1079 3749 1197 3820 pertinet
1207 3748 1329 3805 subditos
1341 3763 1402 3805 esse
1411 3749 1601 3818 potestatibus,
1613 3748 1640 3803 id
1656 3756 1710 3812 est,
1721 3747 1876 3803 hominibos

232 3843 262 3891 ut
276 3836 376 3891 honum
387 3850 525 3892 servemus
537 3835 659 3907 neglecta
667 3836 783 3906 justitia,
795 3836 858 3906 qnia
866 3835 939 3905 cogit
950 3834 1030 3904 justi·
1080 3855 1125 3895 res
1134 3839 1267 3894 humanas
1276 3854 1337 3894 cunr
1348 3839 1438 3909 aliquo
1448 3839 1551 3895 bonore
1560 3837 1823 3894 administrantibus
1835 3837 1875 3892 Ex

232 3927 271 3982 tia
294 3924 327 3979 ad
345 3924 559 3980 retribuendum.
584 3924 685 3996 (Orio.)
708 3925 833 3981 Vincitur
855 3941 872 3981 a
887 3925 958 3980 malo
982 3926 1030 3995 qui
1080 3927 1125 3984 illa
1140 3943 1205 3985 vero
1217 3936 1357 3998 parteqm
1371 3927 1508 3984 credimus
1521 3927 1587 3992 beo,
1598 3935 1626 3983 et
1637 3928 1665 3982 in
1685 3942 1798 3998 κςιιιιιιι
1812 3926 1873 3996 eins

232 4016 313 4072 malis
323 4023 487 4087 prouocatus
498 4016 586 4072 reddit
595 4015 703 4082 malam,
717 4016 744 4071 iu
758 4017 830 4071 bono
840 4026 930 4072 atatem
942 4018 1029 4073 vincit
1079 4036 1220 4083 vocamur,
1232 4034 1346 4077 nonnos
1359 4028 1466 4091 oportet
1475 4035 1537 4077 esse
1549 4019 1672 4075 subditos
1683 4019 1811 4089 cuiqnam
1826 4018 1875 4073 ho

231 4108 344 4174 malum,
363 4109 409 4179 nai
428 4108 546 4178 acceptis
566 4107 644 4162 malis
666 4107 785 4163 restituit
808 4108 899 4169 hona:
923 4115 1028 4164 eertum
1080 4114 1156 4181 mini,
1189 4115 1304 4184 idipsum
1332 4114 1359 4169 in
1383 4113 1462 4169 nobis
1492 4120 1616 4168 evertere
1646 4111 1767 4181 cupienti
1802 4110 1875 4179 quod

231 4211 273 4256 est
285 4201 436 4256 eoimhanc
450 4216 512 4256 esse
525 4199 589 4255 mali
600 4209 724 4255 naturam
739 4208 768 4254 ut
779 4214 812 4255 ex
824 4200 958 4256 similibus
968 4202 1027 4257 suis
1079 4208 1150 4263 heus
1162 4206 1196 4262 ad
1210 4206 1292 4261 vitam
1306 4215 1435 4261 aetemam
1448 4208 1550 4261 donare
1562 4206 1690 4276 dignatus
1703 4213 1755 4260 est.
1771 4204 1801 4259 Si
1812 4204 1875 4273 qnia

232 4296 524 4360 ausesuretcrescat.
541 4289 612 4345 nan
630 4288 685 4359 isui
698 4288 722 4343 n
736 4288 945 4360 ineuiunmaa
958 4288 1028 4345 sinu
1078 4311 1143 4368 argo
1168 4304 1245 4368 pana
1262 4297 1387 4367 quonam
1399 4296 1571 4353 cornetanos
1587 4305 1640 4362 en,
1668 4311 1723 4351 noa
1746 4296 1800 4351 snas
1814 4309 1876 4350 m

231 4383 320 4438 molit
341 4382 461 4438 lunebris
484 4382 596 4438 ⁸1³9?ss
620 4381 740 4437 publium
762 4381 899 4445 societor;
926 4383 1026 4437 bouum
1078 4390 1376 4461 vectigalreddendnm,
1389 4390 1709 4455 nuttributam,aotnon
1726 4387 1876 4443 esseealii·

230 4485 308 4543 veros
324 4471 347 4526 Sl
366 4471 506 4537 adhibeas,
522 4470 719 4527 exterminabit?
744 4470 865 4525 millum?
890 4471 1027 4526 contrariu
1078 4479 1197 4535 bendum
1208 4481 1339 4536 honorem
1353 4480 1472 4535 debitum
1490 4480 1531 4535 eis
1555 4496 1617 4550 qum
1631 4479 1692 4534 haec
1702 4486 1802 4534 curant
1827 4494 1877 4548 W

231 4577 350 4633 namque
356 4563 503 4618 contrariis
514 4562 694 4633 perimuntur,
708 4562 778 4617 sieut
788 4577 837 4631 per
848 4577 946 4632 aquam
957 4563 1028 4632 ignis
1041 4548 1066 4607 D
1080 4569 1234 4635 testatibus,
1246 4569 1275 4624 in
1290 4584 1387 4640 magno
1399 4583 1492 4625 errore
1502 4577 1637 4624 versatur.
1652 4568 1822 4636 itemsiqois
1835 4568 1877 4620 sie

231 4656 423 4724 exstinguitur,
435 4665 462 4711 et
470 4671 519 4727 per
529 4656 615 4712 luceru
628 4657 746 4712 tenebrae
758 4656 899 4728 ingantur;
913 4661 960 4714 sed
975 4659 1029 4717 lor·
1079 4675 1109 4715 sc
1123 4668 1200 4731 putat
1212 4674 1272 4716 esse
1285 4660 1465 4727 subdendum,
1489 4668 1521 4715 nt
1533 4661 1616 4716 etiam
1639 4660 1666 4713 in
1691 4674 1769 4713 suam
1794 4656 1876 4712 Mero

232 4758 308 4804 tasse
322 4748 394 4805 dicat
405 4748 503 4817 aliquis
524 4746 636 4802 Paulum
656 4763 705 4818 per
717 4749 878 4818 imperitiam
894 4754 1029 4810 mentonis
1079 4758 1180 4813 habere
1191 4765 1350 4829 potestatem
1368 4757 1513 4812 arbitretur
1530 4770 1592 4810 enm
1607 4754 1654 4825 qui
1681 4751 1877 4822 temporalibus

233 4838 402 4911 titioposllo
416 4836 560 4901 (immisse.
575 4836 716 4906 proposuit
728 4837 800 4891 euim
814 4837 886 4906 loqui
906 4839 1029 4897 dodonis
1079 4850 1300 4906 administrandis
1313 4850 1401 4920 aliqua
1416 4849 1583 4905 sublimitate
1597 4846 1739 4918 praecellit,
1765 4847 1794 4900 in
1818 4862 1876 4899 nra·

232 4930 477 5002 gratiarumque
498 4925 696 4998 perspiritum
720 4935 843 4981 santium
868 4927 976 4995 dantur,
1001 4939 1029 4987 tt
1077 4940 1166 5011 iorem
1190 4953 1311 4995 errorem
1347 4940 1469 5004 labitur,
1503 4940 1550 4995 sed
1589 4938 1686 4992 arodus
1724 4936 1875 4991 serrandus

233 5022 343 5092 qulvlem
361 5019 433 5090 quod
456 5018 505 5084 alt,
529 5018 583 5073 siae
600 5014 746 5087 prophetin,
773 5017 825 5070 riae
843 5016 1030 5085 ruinisterium,
1083 5036 1135 5095 esa,
1164 5044 1244 5099 quem
1278 5029 1407 5085 ominus
1435 5030 1493 5099 ipse
1522 5027 1688 5100 pfaesgfjbja,
1718 5034 1749 5081 „a
1778 5027 1876 5081 regna.

232 5112 436 5176 sinedochium
461 5111 516 5164 tz'oe
534 5107 692 5171 θίιΙιοΓιαιὶι),
713 5108 946 5177 ptissttbillaecitd
961 5110 1031 5165 dona
1083 5135 1144 5175 nitas
1164 5119 1264 5175 Caespri
1286 5135 1347 5190 qtloe
1366 5120 1482 5175 capsaris
1503 5129 1576 5182 sulti,
1610 5128 1638 5173 et
1653 5119 1710 5172 Deo
1736 5132 1799 5185 quae
1826 5116 1876 5170 Dei

231 5200 383 5270 spiritualia
395 5199 552 5270 pertineret
569 5195 692 5252 fortassis
703 5204 730 5250 et
752 5195 885 5265 hocouod
899 5198 1031 5267 sequitur,
1083 5216 1147 5264 sum
1169 5209 1178 5281 (
1193 5208 1289 5263 parata,
1311 5225 1390 5273 χχιι,
1416 5208 1481 5265 tanc,
1508 5208 1588 5280 χχ);
1616 5222 1770 5276 quanquam
1801 5207 1875 5260 enim

231 5292 277 5361 qttt'
288 5291 379 5345 tribuit
392 5291 421 5343 t'rt
434 5288 613 5359 ιὶηιῃιίάιαιε,
631 5287 677 5358 pal
690 5290 785 5357 prvdesl
802 5288 829 5341 t'n
843 5288 1031 5355 sollicitudine,
1081 5301 1115 5355 ad
1141 5299 1204 5355 illud
1234 5314 1346 5371 regnum
1364 5315 1492 5355 vocemur
1515 5299 1560 5354 ubi
1580 5298 1651 5353 nulla
1674 5297 1727 5352 erit
1749 5307 1874 5367 poteslas

231 5381 277 5450 pai
294 5381 430 5434 miseretur
443 5379 470 5431 in
496 5377 641 5445 hilaritate,
653 5379 841 5449 superioribus
867 5381 951 5452 possit
980 5384 1028 5438 ad·
1081 5391 1247 5463 hujusmodl,
1259 5391 1284 5446 in
1297 5392 1450 5447 hortamen
1465 5391 1563 5447 itinere
1576 5391 1639 5445 dum
1658 5390 1775 5461 agimus,
1788 5390 1881 5446 murce

229 5467 318 5542 jungi,
334 5486 366 5526 en
379 5486 455 5535 vero,
474 5484 534 5539 quum
545 5477 607 5539 post
618 5471 676 5524 haec
695 5480 845 5536 sotiaverat,
872 5482 903 5527 nt
915 5473 951 5529 sit
964 5475 1028 5529 cho·
1077 5481 1269 5552 perveniamus
1286 5480 1320 5535 ad
1334 5480 1397 5536 illud
1407 5480 1536 5535 seculum
1552 5480 1596 5536 ubi
1611 5478 1641 5533 ut
1654 5479 1798 5534 evacuatio
1817 5492 1881 5535 oot-

230 5563 299 5613 ritas
322 5560 567 5622 anerimnlntiane,
597 5560 836 5625 odientesmaluaa,
863 5564 1027 5650 adherentes
1078 5571 1122 5626 nis
1141 5570 1310 5641 principatus
1330 5579 1357 5625 et
1371 5569 1522 5640 potestatis,
1549 5567 1731 5623 conditionem
1749 5576 1875 5622 nostram

233 5659 311 5717 tono,
344 5665 368 5706 et
394 5655 523 5706 clientule
551 5653 725 5722 fraternitatis
750 5655 858 5709 inuicem
882 5658 1027 5728 diligentes,
1079 5677 1129 5732 pro
1139 5662 1199 5731 ipso
1212 5676 1301 5715 rerum
1320 5662 1498 5716 humanarum
1512 5660 1607 5715 ordine
1631 5658 1791 5722 toleremus,
1807 5655 1877 5711 nihil

232 5740 331 5797 horrore
356 5743 463 5795 r'nrirrua
488 5745 680 5812 pinnatense,
703 5756 839 5801 strattona
863 5749 1026 5817 bujrtsruudi,
1081 5753 1204 5809 sitatulato
1227 5751 1366 5818 frumentea,
1391 5759 1418 5807 ut
1435 5752 1461 5808 in
1476 5765 1510 5805 eo
1529 5751 1587 5819 ipso
1611 5765 1666 5804 non
1683 5757 1740 5804 iarn
1758 5748 1877 5804 Ιιοιιιίιιι·
