<?xml version="1.0" encoding="UTF-8"?>
<!DOCTYPE html PUBLIC "-//W3C//DTD XHTML 1.0 Transitional//EN"
    "http://www.w3.org/TR/xhtml1/DTD/xhtml1-transitional.dtd">
<html xmlns="http://www.w3.org/1999/xhtml" xml:lang="en" lang="en">
 <head>
  <title>
</title>
<meta http-equiv="Content-Type" content="text/html;charset=utf-8" />
  <meta name='ocr-system' content='tesseract 3.04.00' />
  <meta name='ocr-capabilities' content='ocr_page ocr_carea ocr_par ocr_line ocrx_word'/>
</head>
<body>
  <div class='ocr_page' id='page_1' title='image "./lta-11000/patrologiaecurs164unkngoog/patrologiaecurs164unkngoog_0284.png"; bbox 0 0 4042 6200; ppageno 0'>
   <div class='ocr_carea' id='block_1_1' title="bbox 254 269 1885 331">
    <p class='ocr_par' dir='ltr' id='par_1_1' title="bbox 254 269 1885 331">
     <span class='ocr_line' id='line_1_1' title="bbox 254 269 1885 331; baseline 0.006 -9"><span class='ocrx_word' id='word_1_1' title='bbox 254 270 305 326; x_wconf 71' lang='grc'><strong>339</strong></span> <span class='ocrx_word' id='word_1_2' title='bbox 587 269 617 324; x_wconf 85' lang='grc' dir='ltr'><strong>Β.</strong></span> <span class='ocrx_word' id='word_1_3' title='bbox 638 269 764 325; x_wconf 77' lang='lat' dir='ltr'><strong>nonant</strong></span> <span class='ocrx_word' id='word_1_4' title='bbox 784 270 895 329; x_wconf 71' lang='lat' dir='ltr'><strong>hadid</strong></span> <span class='ocrx_word' id='word_1_5' title='bbox 913 270 1073 327; x_wconf 71' lang='lat' dir='ltr'><strong>socruum</strong></span> <span class='ocrx_word' id='word_1_6' title='bbox 1092 271 1245 328; x_wconf 79' lang='lat' dir='ltr'><strong>trusbut.</strong></span> <span class='ocrx_word' id='word_1_7' title='bbox 1264 272 1409 331; x_wconf 78' lang='lat' dir='ltr'><strong>orendil</strong></span> <span class='ocrx_word' id='word_1_8' title='bbox 1428 272 1519 330; x_wconf 79' lang='lat' dir='ltr'><strong>Pons</strong></span> <span class='ocrx_word' id='word_1_9' title='bbox 1536 271 1568 328; x_wconf 84' lang='lat' dir='ltr'><strong>ti.</strong></span> <span class='ocrx_word' id='word_1_10' title='bbox 1834 275 1885 331; x_wconf 73' lang='lat' dir='ltr'><strong>sot</strong></span> 
     </span>
    </p>
   </div>
   <div class='ocr_carea' id='block_1_2' title="bbox 251 379 1888 639">
    <p class='ocr_par' dir='ltr' id='par_1_2' title="bbox 251 379 1888 639">
     <span class='ocr_line' id='line_1_2' title="bbox 253 379 1885 459; baseline 0.006 -23"><span class='ocrx_word' id='word_1_11' title='bbox 253 392 326 437; x_wconf 90' lang='lat' dir='ltr'><strong>teres</strong></span> <span class='ocrx_word' id='word_1_12' title='bbox 340 388 431 436; x_wconf 90' lang='lat' dir='ltr'><strong>autern</strong></span> <span class='ocrx_word' id='word_1_13' title='bbox 458 394 512 436; x_wconf 91' lang='lat' dir='ltr'><strong>oon</strong></span> <span class='ocrx_word' id='word_1_14' title='bbox 531 379 656 436; x_wconf 77' lang='lat' dir='ltr'>incudem</span> <span class='ocrx_word' id='word_1_15' title='bbox 681 381 824 449; x_wconf 78' lang='lat' dir='ltr'><strong>uocabant,</strong></span> <span class='ocrx_word' id='word_1_16' title='bbox 836 383 884 438; x_wconf 87' lang='lat' dir='ltr'><strong>sed</strong></span> <span class='ocrx_word' id='word_1_17' title='bbox 902 382 1043 448; x_wconf 75' lang='lat' dir='ltr'><strong>intudem,</strong></span> <span class='ocrx_word' id='word_1_18' title='bbox 1058 399 1083 458; x_wconf 71' lang='grc' dir='ltr'><strong>Α</strong></span> <span class='ocrx_word' id='word_1_19' title='bbox 1098 382 1241 443; x_wconf 55' lang='lat' dir='ltr'><strong>&amp;lamone</strong></span> <span class='ocrx_word' id='word_1_20' title='bbox 1255 388 1385 459; x_wconf 66' lang='lat' dir='ltr'><strong>teramum</strong></span> <span class='ocrx_word' id='word_1_21' title='bbox 1396 386 1547 444; x_wconf 74' lang='lat' dir='ltr'><strong>arditieante</strong></span> <span class='ocrx_word' id='word_1_22' title='bbox 1556 385 1751 458; x_wconf 68' lang='lat' dir='ltr'><strong>signawrcum</strong></span> <span class='ocrx_word' id='word_1_23' title='bbox 1768 387 1885 447; x_wconf 86' lang='lat' dir='ltr'><strong>dicitnr:</strong></span> 
     </span>
     <span class='ocr_line' id='line_1_3' title="bbox 251 467 1888 548; baseline 0.004 -20"><span class='ocrx_word' id='word_1_24' title='bbox 251 487 285 529; x_wconf 90' lang='lat' dir='ltr'><strong>eo</strong></span> <span class='ocrx_word' id='word_1_25' title='bbox 302 470 373 541; x_wconf 83' lang='lat' dir='ltr'><strong>quod</strong></span> <span class='ocrx_word' id='word_1_26' title='bbox 385 470 411 525; x_wconf 89' lang='lat' dir='ltr'><strong>in</strong></span> <span class='ocrx_word' id='word_1_27' title='bbox 425 485 458 525; x_wconf 86' lang='lat' dir='ltr'><strong>ea</strong></span> <span class='ocrx_word' id='word_1_28' title='bbox 476 467 613 525; x_wconf 75' lang='lat' dir='ltr'><strong>metallum</strong></span> <span class='ocrx_word' id='word_1_29' title='bbox 624 470 761 537; x_wconf 85' lang='lat' dir='ltr'><strong>tundatur,</strong></span> <span class='ocrx_word' id='word_1_30' title='bbox 775 470 826 527; x_wconf 89' lang='lat' dir='ltr'><strong>boc</strong></span> <span class='ocrx_word' id='word_1_31' title='bbox 837 480 887 538; x_wconf 85' lang='lat' dir='ltr'><strong>cst,</strong></span> <span class='ocrx_word' id='word_1_32' title='bbox 907 472 1043 528; x_wconf 88' lang='lat' dir='ltr'><strong>tendatur.</strong></span> <span class='ocrx_word' id='word_1_33' title='bbox 1096 475 1196 532; x_wconf 83' lang='lat' dir='ltr'><strong>Demos</strong></span> <span class='ocrx_word' id='word_1_34' title='bbox 1210 486 1297 532; x_wconf 85' lang='lat' dir='ltr'><strong>eutem</strong></span> <span class='ocrx_word' id='word_1_35' title='bbox 1310 494 1369 532; x_wconf 85' lang='lat' dir='ltr'><strong>eaor</strong></span> <span class='ocrx_word' id='word_1_36' title='bbox 1380 477 1573 547; x_wconf 64' lang='lat' dir='ltr'><strong>aadipieoretor,</strong></span> <span class='ocrx_word' id='word_1_37' title='bbox 1588 475 1621 531; x_wconf 83' lang='lat' dir='ltr'><strong>de</strong></span> <span class='ocrx_word' id='word_1_38' title='bbox 1641 476 1773 548; x_wconf 77' lang='lat' dir='ltr'><strong>lapidibus</strong></span> <span class='ocrx_word' id='word_1_39' title='bbox 1791 477 1888 535; x_wconf 83' lang='lat' dir='ltr'><strong>dolatis</strong></span> 
     </span>
     <span class='ocr_line' id='line_1_4' title="bbox 253 560 1888 639; baseline 0.001 -17"><span class='ocrx_word' id='word_1_40' title='bbox 253 561 366 622; x_wconf 84' lang='lat' dir='ltr'><strong>Undeet</strong></span> <span class='ocrx_word' id='word_1_41' title='bbox 382 562 459 616; x_wconf 91' lang='lat' dir='ltr'><strong>todes</strong></span> <span class='ocrx_word' id='word_1_42' title='bbox 473 560 621 627; x_wconf 88' lang='lat' dir='ltr'><strong>malleus,a</strong></span> <span class='ocrx_word' id='word_1_43' title='bbox 635 562 780 629; x_wconf 90' lang='lat' dir='ltr'><strong>tundendo,</strong></span> <span class='ocrx_word' id='word_1_44' title='bbox 800 563 893 631; x_wconf 85' lang='lat' dir='ltr'><strong>idest,</strong></span> <span class='ocrx_word' id='word_1_45' title='bbox 912 564 1046 622; x_wconf 85' lang='lat' dir='ltr'><strong>tendendo</strong></span> <span class='ocrx_word' id='word_1_46' title='bbox 1095 576 1172 638; x_wconf 81' lang='lat' dir='ltr'><strong>atque</strong></span> <span class='ocrx_word' id='word_1_47' title='bbox 1187 568 1309 639; x_wconf 61' lang='lat' dir='ltr'><strong>perfertis</strong></span> <span class='ocrx_word' id='word_1_48' title='bbox 1332 567 1464 637; x_wconf 77' lang='lat' dir='ltr'><strong>edificata</strong></span> <span class='ocrx_word' id='word_1_49' title='bbox 1486 578 1525 624; x_wconf 82' lang='lat' dir='ltr'><strong>ert</strong></span> <span class='ocrx_word' id='word_1_50' title='bbox 1541 578 1550 618; x_wconf 91' lang='grc'><strong>.·</strong></span> <span class='ocrx_word' id='word_1_51' title='bbox 1568 564 1679 621; x_wconf 66' lang='lat' dir='ltr'><strong>nidum</strong></span> <span class='ocrx_word' id='word_1_52' title='bbox 1704 576 1729 621; x_wconf 87' lang='lat' dir='ltr'><strong>et</strong></span> <span class='ocrx_word' id='word_1_53' title='bbox 1750 568 1851 624; x_wconf 75' lang='lat' dir='ltr'><strong>sermo</strong></span> <span class='ocrx_word' id='word_1_54' title='bbox 1864 579 1888 624; x_wconf 89' lang='lat' dir='ltr'><strong>et</strong></span> 
     </span>
    </p>
   </div>
   <div class='ocr_carea' id='block_1_3' title="bbox 251 651 1985 730">
    <p class='ocr_par' dir='ltr' id='par_1_3' title="bbox 251 651 1985 730">
     <span class='ocr_line' id='line_1_5' title="bbox 251 651 1985 730; baseline 0.006 -23"><span class='ocrx_word' id='word_1_55' title='bbox 251 653 347 716; x_wconf 88' lang='lat' dir='ltr'><strong>dictus.</strong></span> <span class='ocrx_word' id='word_1_56' title='bbox 366 651 981 730; x_wconf 82' lang='lat' dir='ltr'><strong>Dcinendeautemitainlibrotobscriptum</strong></span> <span class='ocrx_word' id='word_1_57' title='bbox 993 665 1044 725; x_wconf 88' lang='lat' dir='ltr'><strong>est,</strong></span> <span class='ocrx_word' id='word_1_58' title='bbox 1095 673 1170 712; x_wconf 86' lang='lat' dir='ltr'><strong>omne</strong></span> <span class='ocrx_word' id='word_1_59' title='bbox 1196 657 1383 727; x_wconf 75' lang='lat' dir='ltr'><strong>{conmeantum</strong></span> <span class='ocrx_word' id='word_1_60' title='bbox 1405 675 1458 713; x_wconf 87' lang='lat' dir='ltr'><strong>ooo</strong></span> <span class='ocrx_word' id='word_1_61' title='bbox 1479 668 1540 716; x_wconf 77' lang='lat' dir='ltr'><strong>erat</strong></span> <span class='ocrx_word' id='word_1_62' title='bbox 1566 659 1658 713; x_wconf 78' lang='lat' dir='ltr'><strong>audito</strong></span> <span class='ocrx_word' id='word_1_63' title='bbox 1674 659 1808 728; x_wconf 79' lang='lat' dir='ltr'><strong>iudome,</strong></span> <span class='ocrx_word' id='word_1_64' title='bbox 1829 677 1888 716; x_wconf 83' lang='lat' dir='ltr'><strong>enm</strong></span> <span class='ocrx_word' id='word_1_65' title='bbox 1984 709 1985 718; x_wconf 70' lang='grc'>,</span> 
     </span>
    </p>
   </div>
   <div class='ocr_carea' id='block_1_4' title="bbox 251 725 1986 1014">
    <p class='ocr_par' dir='ltr' id='par_1_4' title="bbox 251 725 1986 1014">
     <span class='ocr_line' id='line_1_6' title="bbox 251 725 1985 822; baseline 0.003 -25"><span class='ocrx_word' id='word_1_66' title='bbox 251 742 512 804; x_wconf 81' lang='lat' dir='ltr'><strong>cmndeberiatban</strong></span> <span class='ocrx_word' id='word_1_67' title='bbox 524 742 1045 819; x_wconf 79' lang='lat' dir='ltr'><strong>narratur:Corejusirrampitorqoorr&#39;</strong></span> <span class='ocrx_word' id='word_1_68' title='bbox 1095 747 1272 817; x_wconf 74' lang='lat' dir='ltr'><strong>adificaretur</strong></span> <span class='ocrx_word' id='word_1_69' title='bbox 1289 746 1349 820; x_wconf 87' lang='lat' dir='ltr'><strong>(lli</strong></span> <span class='ocrx_word' id='word_1_70' title='bbox 1366 747 1431 819; x_wconf 76' lang='lat' dir='ltr'><strong>lieo.</strong></span> <span class='ocrx_word' id='word_1_71' title='bbox 1447 747 1497 822; x_wconf 89' lang='grc' dir='ltr'>ιι).</span> <span class='ocrx_word' id='word_1_72' title='bbox 1522 747 1591 816; x_wconf 82' lang='lat' dir='ltr'><strong>Quid</strong></span> <span class='ocrx_word' id='word_1_73' title='bbox 1613 748 1685 806; x_wconf 87' lang='lat' dir='ltr'><strong>cuim</strong></span> <span class='ocrx_word' id='word_1_74' title='bbox 1711 748 1809 805; x_wconf 83' lang='lat' dir='ltr'><strong>donnus</strong></span> <span class='ocrx_word' id='word_1_75' title='bbox 1831 748 1889 815; x_wconf 88' lang='lat' dir='ltr'><strong>illa,</strong></span> <span class='ocrx_word' id='word_1_76' title='bbox 1984 725 1985 796; x_wconf 51' lang='lat' dir='ltr'>J</span> 
     </span>
     <span class='ocr_line' id='line_1_7' title="bbox 251 833 1889 910; baseline 0.005 -21"><span class='ocrx_word' id='word_1_77' title='bbox 251 833 334 903; x_wconf 82' lang='lat' dir='ltr'><strong>lapis,</strong></span> <span class='ocrx_word' id='word_1_78' title='bbox 350 844 374 889; x_wconf 83' lang='lat' dir='ltr'><strong>et</strong></span> <span class='ocrx_word' id='word_1_79' title='bbox 390 834 533 905; x_wconf 79' lang='lat' dir='ltr'><strong>rrriopeoo</strong></span> <span class='ocrx_word' id='word_1_80' title='bbox 544 834 620 905; x_wconf 81' lang='lat' dir='ltr'><strong>qnasi</strong></span> <span class='ocrx_word' id='word_1_81' title='bbox 631 834 792 891; x_wconf 71' lang='lat' dir='ltr'><strong>malleatoris</strong></span> <span class='ocrx_word' id='word_1_82' title='bbox 805 838 879 892; x_wconf 84' lang='lat' dir='ltr'><strong>ireos</strong></span> <span class='ocrx_word' id='word_1_83' title='bbox 893 837 963 910; x_wconf 80' lang='lat' dir='ltr'><strong>(dod.</strong></span> <span class='ocrx_word' id='word_1_84' title='bbox 976 839 1043 910; x_wconf 78' lang='grc' dir='ltr'>ιιι).</span> <span class='ocrx_word' id='word_1_85' title='bbox 1095 838 1147 894; x_wconf 83' lang='lat' dir='ltr'><strong>nisi</strong></span> <span class='ocrx_word' id='word_1_86' title='bbox 1161 850 1281 896; x_wconf 88' lang='lat' dir='ltr'><strong>sanctam</strong></span> <span class='ocrx_word' id='word_1_87' title='bbox 1298 840 1457 910; x_wconf 86' lang='lat' dir='ltr'><strong>Ecclesiam,</strong></span> <span class='ocrx_word' id='word_1_88' title='bbox 1471 855 1553 910; x_wconf 89' lang='lat' dir='ltr'><strong>quam</strong></span> <span class='ocrx_word' id='word_1_89' title='bbox 1567 840 1594 894; x_wconf 92' lang='lat' dir='ltr'><strong>in</strong></span> <span class='ocrx_word' id='word_1_90' title='bbox 1617 838 1772 898; x_wconf 72' lang='lat' dir='ltr'><strong>celestibus</strong></span> <span class='ocrx_word' id='word_1_91' title='bbox 1794 841 1889 898; x_wconf 85' lang='lat' dir='ltr'><strong>Douri-</strong></span> 
     </span>
     <span class='ocr_line' id='line_1_8' title="bbox 251 925 1986 1014; baseline 0.007 -35"><span class='ocrx_word' id='word_1_92' title='bbox 251 925 375 981; x_wconf 88' lang='lat' dir='ltr'><strong>lnoudem</strong></span> <span class='ocrx_word' id='word_1_93' title='bbox 390 925 489 997; x_wconf 80' lang='lat' dir='ltr'><strong>quippe</strong></span> <span class='ocrx_word' id='word_1_94' title='bbox 506 925 648 982; x_wconf 76' lang='lat' dir='ltr'><strong>malleator</strong></span> <span class='ocrx_word' id='word_1_95' title='bbox 670 927 734 983; x_wconf 91' lang='lat' dir='ltr'><strong>solis</strong></span> <span class='ocrx_word' id='word_1_96' title='bbox 756 937 846 1000; x_wconf 89' lang='lat' dir='ltr'><strong>aptam</strong></span> <span class='ocrx_word' id='word_1_97' title='bbox 864 933 1045 1002; x_wconf 88' lang='lat' dir='ltr'><strong>percussioni·</strong></span> <span class='ocrx_word' id='word_1_98' title='bbox 1095 947 1147 986; x_wconf 91' lang='lat' dir='ltr'><strong>ous</strong></span> <span class='ocrx_word' id='word_1_99' title='bbox 1158 930 1300 998; x_wconf 87' lang='lat' dir='ltr'><strong>inhabitat,</strong></span> <span class='ocrx_word' id='word_1_100' title='bbox 1315 931 1464 1003; x_wconf 75' lang='lat' dir='ltr'><strong>figurabat:</strong></span> <span class='ocrx_word' id='word_1_101' title='bbox 1479 931 1515 988; x_wconf 91' lang='lat' dir='ltr'><strong>ad</strong></span> <span class='ocrx_word' id='word_1_102' title='bbox 1526 928 1821 1001; x_wconf 77' lang='lat' dir='ltr'><strong>cujusudilicationem</strong></span> <span class='ocrx_word' id='word_1_103' title='bbox 1832 933 1890 990; x_wconf 85' lang='lat' dir='ltr'><strong>cle·</strong></span> <span class='ocrx_word' id='word_1_104' title='bbox 1984 943 1986 1014; x_wconf 68' lang='lat'><strong>,</strong></span> 
     </span>
    </p>
   </div>
   <div class='ocr_carea' id='block_1_5' title="bbox 251 1015 1985 1094">
    <p class='ocr_par' dir='ltr' id='par_1_5' title="bbox 251 1015 1985 1094">
     <span class='ocr_line' id='line_1_9' title="bbox 251 1015 1985 1094; baseline 0.004 -23"><span class='ocrx_word' id='word_1_105' title='bbox 251 1017 301 1072; x_wconf 88' lang='lat' dir='ltr'><strong>bus</strong></span> <span class='ocrx_word' id='word_1_106' title='bbox 321 1015 389 1088; x_wconf 80' lang='lat' dir='ltr'><strong>igit.</strong></span> <span class='ocrx_word' id='word_1_107' title='bbox 404 1016 445 1070; x_wconf 87' lang='lat' dir='ltr'><strong>lid</strong></span> <span class='ocrx_word' id='word_1_108' title='bbox 459 1017 510 1071; x_wconf 94' lang='lat' dir='ltr'><strong>boc</strong></span> <span class='ocrx_word' id='word_1_109' title='bbox 521 1033 640 1089; x_wconf 85' lang='lat' dir='ltr'><strong>namque</strong></span> <span class='ocrx_word' id='word_1_110' title='bbox 653 1018 731 1075; x_wconf 86' lang='lat' dir='ltr'><strong>iucrrs</strong></span> <span class='ocrx_word' id='word_1_111' title='bbox 744 1022 884 1089; x_wconf 89' lang='lat' dir='ltr'><strong>statuitur,</strong></span> <span class='ocrx_word' id='word_1_112' title='bbox 899 1030 930 1078; x_wconf 92' lang='lat' dir='ltr'><strong>ut</strong></span> <span class='ocrx_word' id='word_1_113' title='bbox 942 1024 1045 1088; x_wconf 79' lang='lat' dir='ltr'><strong>crebris</strong></span> <span class='ocrx_word' id='word_1_114' title='bbox 1095 1030 1199 1076; x_wconf 80' lang='lat' dir='ltr'><strong>clarum</strong></span> <span class='ocrx_word' id='word_1_115' title='bbox 1218 1021 1326 1090; x_wconf 77' lang='lat' dir='ltr'><strong>andrum,</strong></span> <span class='ocrx_word' id='word_1_116' title='bbox 1345 1021 1422 1092; x_wconf 87' lang='lat' dir='ltr'><strong>quasi</strong></span> <span class='ocrx_word' id='word_1_117' title='bbox 1433 1020 1542 1094; x_wconf 84' lang='lat' dir='ltr'><strong>quidam</strong></span> <span class='ocrx_word' id='word_1_118' title='bbox 1556 1019 1668 1091; x_wconf 87' lang='lat' dir='ltr'><strong>expoliti</strong></span> <span class='ocrx_word' id='word_1_119' title='bbox 1681 1021 1793 1092; x_wconf 86' lang='lat' dir='ltr'><strong>lapides,</strong></span> <span class='ocrx_word' id='word_1_120' title='bbox 1816 1020 1890 1078; x_wconf 75' lang='lat' dir='ltr'><strong>doio</strong></span> <span class='ocrx_word' id='word_1_121' title='bbox 1984 1031 1985 1034; x_wconf 75' lang='grc'>’</span> 
     </span>
    </p>
   </div>
   <div class='ocr_carea' id='block_1_6' title="bbox 249 1108 1950 1554">
    <p class='ocr_par' dir='ltr' id='par_1_6' title="bbox 249 1108 1950 1554">
     <span class='ocr_line' id='line_1_10' title="bbox 251 1108 1891 1184; baseline 0.002 -20"><span class='ocrx_word' id='word_1_122' title='bbox 251 1109 349 1166; x_wconf 89' lang='lat' dir='ltr'><strong>ictibus</strong></span> <span class='ocrx_word' id='word_1_123' title='bbox 364 1108 487 1165; x_wconf 86' lang='lat' dir='ltr'><strong>ioriatnr.</strong></span> <span class='ocrx_word' id='word_1_124' title='bbox 506 1109 656 1166; x_wconf 83' lang='lat' dir='ltr'><strong>Leviatban</strong></span> <span class='ocrx_word' id='word_1_125' title='bbox 675 1127 760 1184; x_wconf 77' lang='lat' dir='ltr'><strong>ergo,</strong></span> <span class='ocrx_word' id='word_1_126' title='bbox 781 1121 811 1167; x_wconf 93' lang='grc' dir='ltr'><strong>ιιι</strong></span> <span class='ocrx_word' id='word_1_127' title='bbox 823 1113 989 1170; x_wconf 72' lang='lat' dir='ltr'><strong>malleatoris</strong></span> <span class='ocrx_word' id='word_1_128' title='bbox 1004 1117 1045 1172; x_wconf 87' lang='lat' dir='ltr'><strong>in-</strong></span> <span class='ocrx_word' id='word_1_129' title='bbox 1095 1119 1209 1168; x_wconf 86' lang='lat' dir='ltr'><strong>rontur:</strong></span> <span class='ocrx_word' id='word_1_130' title='bbox 1228 1111 1275 1183; x_wconf 86' lang='lat' dir='ltr'><strong>qui</strong></span> <span class='ocrx_word' id='word_1_131' title='bbox 1292 1126 1354 1167; x_wconf 89' lang='lat' dir='ltr'><strong>cum</strong></span> <span class='ocrx_word' id='word_1_132' title='bbox 1369 1111 1536 1170; x_wconf 81' lang='lat' dir='ltr'><strong>aedificantur</strong></span> <span class='ocrx_word' id='word_1_133' title='bbox 1554 1110 1582 1166; x_wconf 91' lang='lat' dir='ltr'><strong>in</strong></span> <span class='ocrx_word' id='word_1_134' title='bbox 1606 1112 1699 1178; x_wconf 80' lang='lat' dir='ltr'><strong>omlis,</strong></span> <span class='ocrx_word' id='word_1_135' title='bbox 1723 1114 1814 1168; x_wconf 88' lang='lat' dir='ltr'><strong>nullus</strong></span> <span class='ocrx_word' id='word_1_136' title='bbox 1836 1113 1891 1170; x_wconf 91' lang='lat' dir='ltr'><strong>illic</strong></span> 
     </span>
     <span class='ocr_line' id='line_1_11' title="bbox 249 1200 1893 1276; baseline 0 -16"><span class='ocrx_word' id='word_1_137' title='bbox 249 1221 311 1270; x_wconf 88' lang='lat' dir='ltr'><strong>rus,</strong></span> <span class='ocrx_word' id='word_1_138' title='bbox 324 1204 560 1276; x_wconf 79' lang='lat' dir='ltr'><strong>stringetur:quia</strong></span> <span class='ocrx_word' id='word_1_139' title='bbox 574 1203 795 1262; x_wconf 82' lang='lat' dir='ltr'><strong>iniernirioculis</strong></span> <span class='ocrx_word' id='word_1_140' title='bbox 808 1208 1002 1274; x_wconf 79' lang='lat' dir='ltr'><strong>coarctabitur,</strong></span> <span class='ocrx_word' id='word_1_141' title='bbox 1015 1215 1046 1263; x_wconf 88' lang='lat' dir='ltr'><strong>ut</strong></span> <span class='ocrx_word' id='word_1_142' title='bbox 1091 1200 1148 1272; x_wconf 78' lang='lat' dir='ltr'><strong>iero</strong></span> <span class='ocrx_word' id='word_1_143' title='bbox 1163 1200 1310 1271; x_wconf 73' lang='lat' dir='ltr'><strong>discipline</strong></span> <span class='ocrx_word' id='word_1_144' title='bbox 1330 1201 1444 1256; x_wconf 85' lang='lat' dir='ltr'><strong>malleus</strong></span> <span class='ocrx_word' id='word_1_145' title='bbox 1469 1210 1577 1256; x_wconf 84' lang='lat' dir='ltr'><strong>resonat</strong></span> <span class='ocrx_word' id='word_1_146' title='bbox 1592 1219 1598 1254; x_wconf 91' lang='lat'>:</span> <span class='ocrx_word' id='word_1_147' title='bbox 1623 1201 1688 1272; x_wconf 85' lang='lat' dir='ltr'><strong>quia</strong></span> <span class='ocrx_word' id='word_1_148' title='bbox 1711 1202 1795 1257; x_wconf 89' lang='lat' dir='ltr'><strong>dolati</strong></span> <span class='ocrx_word' id='word_1_149' title='bbox 1809 1211 1893 1273; x_wconf 76' lang='lat' dir='ltr'><strong>atque</strong></span> 
     </span>
     <span class='ocr_line' id='line_1_12' title="bbox 253 1290 1889 1369; baseline 0 -19"><span class='ocrx_word' id='word_1_150' title='bbox 253 1298 344 1358; x_wconf 77' lang='lat' dir='ltr'><strong>ntcrrri</strong></span> <span class='ocrx_word' id='word_1_151' title='bbox 358 1297 483 1368; x_wconf 88' lang='lat' dir='ltr'><strong>supplicii</strong></span> <span class='ocrx_word' id='word_1_152' title='bbox 497 1297 624 1352; x_wconf 89' lang='lat' dir='ltr'><strong>continua</strong></span> <span class='ocrx_word' id='word_1_153' title='bbox 645 1298 818 1369; x_wconf 80' lang='lat' dir='ltr'><strong>percussione</strong></span> <span class='ocrx_word' id='word_1_154' title='bbox 832 1298 971 1354; x_wconf 90' lang='lat' dir='ltr'><strong>tundatur.</strong></span> <span class='ocrx_word' id='word_1_155' title='bbox 993 1297 1045 1366; x_wconf 83' lang='lat' dir='ltr'><strong>Qui</strong></span> <span class='ocrx_word' id='word_1_156' title='bbox 1094 1290 1207 1363; x_wconf 87' lang='lat' dir='ltr'><strong>perlecti</strong></span> <span class='ocrx_word' id='word_1_157' title='bbox 1226 1291 1288 1348; x_wconf 92' lang='lat' dir='ltr'><strong>illoc</strong></span> <span class='ocrx_word' id='word_1_158' title='bbox 1302 1292 1404 1363; x_wconf 84' lang='lat' dir='ltr'><strong>lapides</strong></span> <span class='ocrx_word' id='word_1_159' title='bbox 1417 1292 1552 1357; x_wconf 80' lang='lat' dir='ltr'><strong>ducimur,</strong></span> <span class='ocrx_word' id='word_1_160' title='bbox 1578 1301 1610 1348; x_wconf 91' lang='lat' dir='ltr'><strong>ut</strong></span> <span class='ocrx_word' id='word_1_161' title='bbox 1626 1293 1695 1350; x_wconf 81' lang='lat' dir='ltr'><strong>toris</strong></span> <span class='ocrx_word' id='word_1_162' title='bbox 1705 1293 1784 1365; x_wconf 83' lang='lat' dir='ltr'><strong>juxta</strong></span> <span class='ocrx_word' id='word_1_163' title='bbox 1809 1295 1889 1350; x_wconf 80' lang='lat' dir='ltr'><strong>meri</strong></span> 
     </span>
     <span class='ocr_line' id='line_1_13' title="bbox 250 1380 1950 1461; baseline -0.002 -17"><span class='ocrx_word' id='word_1_164' title='bbox 250 1389 330 1445; x_wconf 84' lang='lat' dir='ltr'><strong>niodo</strong></span> <span class='ocrx_word' id='word_1_165' title='bbox 351 1403 459 1460; x_wconf 84' lang='lat' dir='ltr'><strong>quoque</strong></span> <span class='ocrx_word' id='word_1_166' title='bbox 479 1389 640 1460; x_wconf 82' lang='lat' dir='ltr'><strong>percutitur,</strong></span> <span class='ocrx_word' id='word_1_167' title='bbox 661 1389 804 1461; x_wconf 78' lang='lat' dir='ltr'><strong>dominati</strong></span> <span class='ocrx_word' id='word_1_168' title='bbox 817 1390 930 1460; x_wconf 87' lang='lat' dir='ltr'><strong>quique,</strong></span> <span class='ocrx_word' id='word_1_169' title='bbox 954 1389 1044 1445; x_wconf 80' lang='lat' dir='ltr'><strong>iiloin</strong></span> <span class='ocrx_word' id='word_1_170' title='bbox 1095 1390 1152 1436; x_wconf 88' lang='lat' dir='ltr'><strong>tum</strong></span> <span class='ocrx_word' id='word_1_171' title='bbox 1166 1381 1292 1454; x_wconf 73' lang='lat' dir='ltr'><strong>mngruia</strong></span> <span class='ocrx_word' id='word_1_172' title='bbox 1307 1382 1493 1453; x_wconf 74' lang='lat' dir='ltr'><strong>disponamur.</strong></span> <span class='ocrx_word' id='word_1_173' title='bbox 1516 1382 1582 1438; x_wconf 91' lang='lat' dir='ltr'><strong>ltcm</strong></span> <span class='ocrx_word' id='word_1_174' title='bbox 1600 1382 1691 1442; x_wconf 84' lang='lat' dir='ltr'><strong>mallei</strong></span> <span class='ocrx_word' id='word_1_175' title='bbox 1705 1387 1892 1442; x_wconf 88' lang='lat' dir='ltr'><strong>suntcnmmi·</strong></span> <span class='ocrx_word' id='word_1_176' title='bbox 1948 1380 1950 1384; x_wconf 66' lang='grc'>’</span> 
     </span>
     <span class='ocr_line' id='line_1_14' title="bbox 250 1472 1890 1554; baseline 0.003 -18"><span class='ocrx_word' id='word_1_177' title='bbox 250 1482 355 1537; x_wconf 79' lang='lat' dir='ltr'><strong>insidis</strong></span> <span class='ocrx_word' id='word_1_178' title='bbox 368 1481 507 1554; x_wconf 75' lang='lat' dir='ltr'><strong>vigilante,</strong></span> <span class='ocrx_word' id='word_1_179' title='bbox 535 1481 735 1538; x_wconf 70' lang='lat' dir='ltr'><strong>sudatoribus</strong></span> <span class='ocrx_word' id='word_1_180' title='bbox 753 1483 917 1546; x_wconf 62' lang='lat' dir='ltr'><strong>nomene,</strong></span> <span class='ocrx_word' id='word_1_181' title='bbox 938 1481 1045 1537; x_wconf 74' lang='lat' dir='ltr'><strong>urran—</strong></span> <span class='ocrx_word' id='word_1_182' title='bbox 1095 1472 1325 1528; x_wconf 80' lang='lat' dir='ltr'><strong>narboesdivina</strong></span> <span class='ocrx_word' id='word_1_183' title='bbox 1338 1472 1468 1528; x_wconf 83' lang='lat' dir='ltr'><strong>adversos</strong></span> <span class='ocrx_word' id='word_1_184' title='bbox 1481 1482 1694 1543; x_wconf 58' lang='lat' dir='ltr'><strong>perosorum</strong></span> <span class='ocrx_word' id='word_1_185' title='bbox 1712 1475 1739 1530; x_wconf 79' lang='lat' dir='ltr'><strong>iu</strong></span> <span class='ocrx_word' id='word_1_186' title='bbox 1753 1472 1890 1530; x_wconf 65' lang='lat' dir='ltr'><strong>bremio:</strong></span> 
     </span>
    </p>
   </div>
   <div class='ocr_carea' id='block_1_7' title="bbox 249 1564 1986 1735">
    <p class='ocr_par' dir='ltr' id='par_1_7' title="bbox 249 1564 1986 1735">
     <span class='ocr_line' id='line_1_15' title="bbox 250 1564 1985 1644; baseline 0.001 -18"><span class='ocrx_word' id='word_1_187' title='bbox 250 1583 305 1626; x_wconf 90' lang='lat' dir='ltr'><strong>tor.</strong></span> <span class='ocrx_word' id='word_1_188' title='bbox 321 1571 351 1627; x_wconf 93' lang='lat' dir='ltr'><strong>ln</strong></span> <span class='ocrx_word' id='word_1_189' title='bbox 362 1571 459 1628; x_wconf 89' lang='lat' dir='ltr'><strong>incude</strong></span> <span class='ocrx_word' id='word_1_190' title='bbox 474 1581 564 1627; x_wconf 85' lang='lat' dir='ltr'><strong>autem</strong></span> <span class='ocrx_word' id='word_1_191' title='bbox 578 1571 630 1626; x_wconf 88' lang='lat' dir='ltr'><strong>alia</strong></span> <span class='ocrx_word' id='word_1_192' title='bbox 641 1586 706 1628; x_wconf 84' lang='lat' dir='ltr'><strong>vasa</strong></span> <span class='ocrx_word' id='word_1_193' title='bbox 718 1570 892 1636; x_wconf 88' lang='lat' dir='ltr'><strong>lormantur;</strong></span> <span class='ocrx_word' id='word_1_194' title='bbox 912 1570 970 1641; x_wconf 89' lang='lat' dir='ltr'><strong>ipsc</strong></span> <span class='ocrx_word' id='word_1_195' title='bbox 980 1586 1044 1626; x_wconf 87' lang='lat' dir='ltr'><strong>vero</strong></span> <span class='ocrx_word' id='word_1_196' title='bbox 1096 1564 1280 1622; x_wconf 76' lang='lat' dir='ltr'><strong>Noooevtrbo</strong></span> <span class='ocrx_word' id='word_1_197' title='bbox 1294 1582 1352 1622; x_wconf 78' lang='lat' dir='ltr'><strong>meu</strong></span> <span class='ocrx_word' id='word_1_198' title='bbox 1370 1575 1431 1622; x_wconf 79' lang='lat' dir='ltr'><strong>tuot</strong></span> <span class='ocrx_word' id='word_1_199' title='bbox 1452 1567 1521 1621; x_wconf 78' lang='lat' dir='ltr'><strong>ricto</strong></span> <span class='ocrx_word' id='word_1_200' title='bbox 1543 1567 1631 1639; x_wconf 75' lang='lat' dir='ltr'><strong>ionis,</strong></span> <span class='ocrx_word' id='word_1_201' title='bbox 1659 1570 1767 1626; x_wconf 70' lang='lat' dir='ltr'><strong>rident</strong></span> <span class='ocrx_word' id='word_1_202' title='bbox 1779 1570 1892 1628; x_wconf 79' lang='lat' dir='ltr'><strong>malleat</strong></span> <span class='ocrx_word' id='word_1_203' title='bbox 1984 1633 1985 1644; x_wconf 11' lang='grc' dir='ltr'>χ</span> 
     </span>
     <span class='ocr_line' id='line_1_16' title="bbox 249 1657 1986 1735; baseline 0.001 -18"><span class='ocrx_word' id='word_1_204' title='bbox 249 1672 290 1718; x_wconf 89' lang='lat' dir='ltr'><strong>tot</strong></span> <span class='ocrx_word' id='word_1_205' title='bbox 304 1663 525 1735; x_wconf 82' lang='lat' dir='ltr'><strong>percussionibus</strong></span> <span class='ocrx_word' id='word_1_206' title='bbox 541 1663 569 1717; x_wconf 92' lang='lat' dir='ltr'><strong>in</strong></span> <span class='ocrx_word' id='word_1_207' title='bbox 584 1661 717 1718; x_wconf 85' lang='lat' dir='ltr'><strong>nasaliud</strong></span> <span class='ocrx_word' id='word_1_208' title='bbox 730 1677 784 1718; x_wconf 92' lang='lat' dir='ltr'><strong>non</strong></span> <span class='ocrx_word' id='word_1_209' title='bbox 802 1659 972 1718; x_wconf 80' lang='lat' dir='ltr'><strong>transfertur.</strong></span> <span class='ocrx_word' id='word_1_210' title='bbox 991 1660 1044 1716; x_wconf 88' lang='lat' dir='ltr'><strong>lle-</strong></span> <span class='ocrx_word' id='word_1_211' title='bbox 1095 1668 1228 1716; x_wconf 75' lang='lat' dir='ltr'><strong>sonorem</strong></span> <span class='ocrx_word' id='word_1_212' title='bbox 1252 1668 1340 1729; x_wconf 83' lang='lat' dir='ltr'><strong>petros</strong></span> <span class='ocrx_word' id='word_1_213' title='bbox 1363 1657 1431 1730; x_wconf 73' lang='lat' dir='ltr'><strong>(ier.</strong></span> <span class='ocrx_word' id='word_1_214' title='bbox 1449 1659 1545 1733; x_wconf 73' lang='lat' dir='ltr'><strong>xxnrii</strong></span> <span class='ocrx_word' id='word_1_215' title='bbox 1567 1661 1636 1718; x_wconf 88' lang='lat' dir='ltr'><strong>ltenr</strong></span> <span class='ocrx_word' id='word_1_216' title='bbox 1659 1662 1765 1730; x_wconf 84' lang='lat' dir='ltr'><strong>mallei,</strong></span> <span class='ocrx_word' id='word_1_217' title='bbox 1786 1661 1893 1735; x_wconf 75' lang='lat' dir='ltr'><strong>flagella</strong></span> <span class='ocrx_word' id='word_1_218' title='bbox 1984 1683 1986 1728; x_wconf 70' lang='grc' dir='ltr'><em>ῑ</em></span> 
     </span>
    </p>
   </div>
   <div class='ocr_carea' id='block_1_8' title="bbox 241 1745 1985 3374">
    <p class='ocr_par' dir='ltr' id='par_1_8' title="bbox 248 1745 1985 2098">
     <span class='ocr_line' id='line_1_17' title="bbox 249 1745 1985 1824; baseline 0.001 -16"><span class='ocrx_word' id='word_1_219' title='bbox 249 1761 293 1809; x_wconf 90' lang='lat' dir='ltr'><strong>ete</strong></span> <span class='ocrx_word' id='word_1_220' title='bbox 303 1767 369 1824; x_wconf 77' lang='lat' dir='ltr'><strong>ergo</strong></span> <span class='ocrx_word' id='word_1_221' title='bbox 385 1751 537 1809; x_wconf 83' lang='lat' dir='ltr'><strong>Lesintban</strong></span> <span class='ocrx_word' id='word_1_222' title='bbox 549 1752 601 1808; x_wconf 85' lang='lat' dir='ltr'><strong>iste</strong></span> <span class='ocrx_word' id='word_1_223' title='bbox 613 1751 704 1807; x_wconf 90' lang='lat' dir='ltr'><strong>incudi</strong></span> <span class='ocrx_word' id='word_1_224' title='bbox 720 1759 892 1823; x_wconf 87' lang='lat' dir='ltr'><strong>comparatus</strong></span> <span class='ocrx_word' id='word_1_225' title='bbox 904 1758 946 1806; x_wconf 85' lang='lat' dir='ltr'><strong>est</strong></span> <span class='ocrx_word' id='word_1_226' title='bbox 960 1767 967 1804; x_wconf 79' lang='grc' dir='ltr'><strong><em>ε</em></strong></span> <span class='ocrx_word' id='word_1_227' title='bbox 980 1747 1045 1819; x_wconf 83' lang='lat' dir='ltr'><strong>quia</strong></span> <span class='ocrx_word' id='word_1_228' title='bbox 1060 1761 1082 1822; x_wconf 73' lang='grc' dir='ltr'><strong>Β</strong></span> <span class='ocrx_word' id='word_1_229' title='bbox 1095 1758 1278 1822; x_wconf 84' lang='lat' dir='ltr'><strong>peecatorum,</strong></span> <span class='ocrx_word' id='word_1_230' title='bbox 1293 1750 1364 1806; x_wconf 90' lang='lat' dir='ltr'><strong>sicut</strong></span> <span class='ocrx_word' id='word_1_231' title='bbox 1386 1750 1514 1807; x_wconf 83' lang='lat' dir='ltr'><strong>Salomon</strong></span> <span class='ocrx_word' id='word_1_232' title='bbox 1530 1751 1616 1809; x_wconf 82' lang='lat' dir='ltr'><strong>dicit:</strong></span> <span class='ocrx_word' id='word_1_233' title='bbox 1631 1751 1723 1809; x_wconf 84' lang='lat' dir='ltr'><strong>llollei</strong></span> <span class='ocrx_word' id='word_1_234' title='bbox 1748 1753 1893 1810; x_wconf 77' lang='grc' dir='ltr'>ιιιιιιοιιιιιι</span> <span class='ocrx_word' id='word_1_235' title='bbox 1984 1745 1985 1810; x_wconf 68' lang='lat' dir='ltr'><strong>j</strong></span> 
     </span>
     <span class='ocr_line' id='line_1_18' title="bbox 250 1835 1582 1916; baseline -0.003 -17"><span class='ocrx_word' id='word_1_236' title='bbox 250 1860 299 1900; x_wconf 89' lang='lat' dir='ltr'><strong>nos</strong></span> <span class='ocrx_word' id='word_1_237' title='bbox 326 1843 372 1901; x_wconf 92' lang='lat' dir='ltr'><strong>illo</strong></span> <span class='ocrx_word' id='word_1_238' title='bbox 398 1851 600 1916; x_wconf 84' lang='lat' dir='ltr'><strong>persequente,</strong></span> <span class='ocrx_word' id='word_1_239' title='bbox 625 1843 838 1914; x_wconf 78' lang='lat' dir='ltr'><strong>composuimus:</strong></span> <span class='ocrx_word' id='word_1_240' title='bbox 870 1842 929 1913; x_wconf 88' lang='lat' dir='ltr'><strong>ipse</strong></span> <span class='ocrx_word' id='word_1_241' title='bbox 954 1847 1045 1897; x_wconf 87' lang='lat' dir='ltr'><strong>antem</strong></span> <span class='ocrx_word' id='word_1_242' title='bbox 1096 1835 1205 1909; x_wconf 76' lang='lat' dir='ltr'><strong>corporo</strong></span> <span class='ocrx_word' id='word_1_243' title='bbox 1220 1840 1390 1910; x_wconf 82' lang='lat' dir='ltr'><strong>percutientes</strong></span> <span class='ocrx_word' id='word_1_244' title='bbox 1405 1838 1498 1913; x_wconf 81' lang='lat' dir='ltr'><strong>(Pron.</strong></span> <span class='ocrx_word' id='word_1_245' title='bbox 1514 1840 1582 1914; x_wconf 81' lang='lat' dir='ltr'><strong>xta).</strong></span> 
     </span>
     <span class='ocr_line' id='line_1_19' title="bbox 248 1927 1985 2009; baseline 0 -19"><span class='ocrx_word' id='word_1_246' title='bbox 248 1952 355 2008; x_wconf 81' lang='lat' dir='ltr'><strong>seraper</strong></span> <span class='ocrx_word' id='word_1_247' title='bbox 364 1936 525 2009; x_wconf 89' lang='lat' dir='ltr'><strong>percutitur,</strong></span> <span class='ocrx_word' id='word_1_248' title='bbox 550 1946 578 1993; x_wconf 88' lang='lat' dir='ltr'><strong>et</strong></span> <span class='ocrx_word' id='word_1_249' title='bbox 599 1937 627 1993; x_wconf 90' lang='lat' dir='ltr'><strong>in</strong></span> <span class='ocrx_word' id='word_1_250' title='bbox 646 1935 778 1991; x_wconf 51' lang='lat' dir='ltr'><strong>rastris</strong></span> <span class='ocrx_word' id='word_1_251' title='bbox 800 1950 939 2005; x_wconf 83' lang='lat' dir='ltr'><strong>nunquam</strong></span> <span class='ocrx_word' id='word_1_252' title='bbox 958 1945 1047 1991; x_wconf 87' lang='lat' dir='ltr'><strong>muta-</strong></span> <span class='ocrx_word' id='word_1_253' title='bbox 1129 1932 1259 2003; x_wconf 75' lang='lat' dir='ltr'><strong>lorcipes</strong></span> <span class='ocrx_word' id='word_1_254' title='bbox 1270 1934 1347 2004; x_wconf 85' lang='lat' dir='ltr'><strong>quasi</strong></span> <span class='ocrx_word' id='word_1_255' title='bbox 1364 1933 1644 2005; x_wconf 76' lang='lat' dir='ltr'><strong>ferricipes,eoqucd</strong></span> <span class='ocrx_word' id='word_1_256' title='bbox 1653 1933 1891 1998; x_wconf 77' lang='lat' dir='ltr'><strong>iernrmcandcos</strong></span> <span class='ocrx_word' id='word_1_257' title='bbox 1984 1927 1985 1962; x_wconf 35' lang='grc' dir='ltr'>ι</span> 
     </span>
     <span class='ocr_line' id='line_1_20' title="bbox 250 2023 1892 2098; baseline 0.002 -17"><span class='ocrx_word' id='word_1_258' title='bbox 250 2039 303 2082; x_wconf 89' lang='lat' dir='ltr'><strong>tur.</strong></span> <span class='ocrx_word' id='word_1_259' title='bbox 582 2044 589 2058; x_wconf 88' lang='lat'><strong>.</strong></span> <span class='ocrx_word' id='word_1_260' title='bbox 730 2071 750 2087; x_wconf 73' lang='lat'><strong>,</strong></span> <span class='ocrx_word' id='word_1_261' title='bbox 1095 2023 1204 2096; x_wconf 90' lang='lat' dir='ltr'><strong>capiant</strong></span> <span class='ocrx_word' id='word_1_262' title='bbox 1216 2033 1389 2095; x_wconf 78' lang='lat' dir='ltr'><strong>teneantque,</strong></span> <span class='ocrx_word' id='word_1_263' title='bbox 1402 2027 1460 2082; x_wconf 86' lang='lat' dir='ltr'><strong>sire</strong></span> <span class='ocrx_word' id='word_1_264' title='bbox 1474 2026 1547 2096; x_wconf 82' lang='lat' dir='ltr'><strong>quod</strong></span> <span class='ocrx_word' id='word_1_265' title='bbox 1561 2027 1595 2081; x_wconf 89' lang='lat' dir='ltr'><strong>ab</strong></span> <span class='ocrx_word' id='word_1_266' title='bbox 1608 2027 1652 2084; x_wconf 90' lang='lat' dir='ltr'><strong>his</strong></span> <span class='ocrx_word' id='word_1_267' title='bbox 1669 2026 1769 2098; x_wconf 82' lang='lat' dir='ltr'><strong>aliquid</strong></span> <span class='ocrx_word' id='word_1_268' title='bbox 1783 2025 1892 2086; x_wconf 77' lang='lat' dir='ltr'><strong>loreum</strong></span> 
     </span>
    </p>

    <p class='ocr_par' dir='ltr' id='par_1_9' title="bbox 241 2114 1895 3374">
     <span class='ocr_line' id='line_1_21' title="bbox 285 2114 1892 2197; baseline -0.001 -23"><span class='ocrx_word' id='word_1_269' title='bbox 285 2120 395 2177; x_wconf 87' lang='lat' dir='ltr'><strong>llallcus</strong></span> <span class='ocrx_word' id='word_1_270' title='bbox 418 2129 548 2177; x_wconf 77' lang='lat' dir='ltr'><strong>vocatus:</strong></span> <span class='ocrx_word' id='word_1_271' title='bbox 565 2119 641 2192; x_wconf 75' lang='lat' dir='ltr'><strong>quia,</strong></span> <span class='ocrx_word' id='word_1_272' title='bbox 668 2121 732 2176; x_wconf 87' lang='lat' dir='ltr'><strong>dum</strong></span> <span class='ocrx_word' id='word_1_273' title='bbox 752 2118 818 2197; x_wconf 61' lang='lat' dir='ltr'><strong>quid</strong></span> <span class='ocrx_word' id='word_1_274' title='bbox 832 2117 904 2175; x_wconf 89' lang='lat' dir='ltr'><strong>calet</strong></span> <span class='ocrx_word' id='word_1_275' title='bbox 922 2126 951 2174; x_wconf 89' lang='lat' dir='ltr'><strong>et</strong></span> <span class='ocrx_word' id='word_1_276' title='bbox 965 2118 1047 2175; x_wconf 90' lang='lat' dir='ltr'><strong>molle</strong></span> <span class='ocrx_word' id='word_1_277' title='bbox 1094 2114 1217 2185; x_wconf 89' lang='lat' dir='ltr'><strong>capimus</strong></span> <span class='ocrx_word' id='word_1_278' title='bbox 1232 2123 1261 2171; x_wconf 85' lang='lat' dir='ltr'><strong>et</strong></span> <span class='ocrx_word' id='word_1_279' title='bbox 1279 2123 1415 2182; x_wconf 88' lang='lat' dir='ltr'><strong>tenemus,</strong></span> <span class='ocrx_word' id='word_1_280' title='bbox 1428 2116 1506 2186; x_wconf 85' lang='lat' dir='ltr'><strong>quasi</strong></span> <span class='ocrx_word' id='word_1_281' title='bbox 1524 2115 1687 2189; x_wconf 81' lang='lat' dir='ltr'><strong>incuicapes,</strong></span> <span class='ocrx_word' id='word_1_282' title='bbox 1703 2132 1767 2174; x_wconf 88' lang='lat' dir='ltr'><strong>nam</strong></span> <span class='ocrx_word' id='word_1_283' title='bbox 1783 2117 1892 2174; x_wconf 81' lang='lat' dir='ltr'><strong>lorrmu</strong></span> 
     </span>
     <span class='ocr_line' id='line_1_22' title="bbox 248 2206 1894 2283; baseline -0.001 -17"><span class='ocrx_word' id='word_1_284' title='bbox 248 2220 309 2278; x_wconf 90' lang='lat' dir='ltr'><strong>est,</strong></span> <span class='ocrx_word' id='word_1_285' title='bbox 334 2211 413 2267; x_wconf 83' lang='lat' dir='ltr'><strong>caedit</strong></span> <span class='ocrx_word' id='word_1_286' title='bbox 428 2220 457 2267; x_wconf 89' lang='lat' dir='ltr'><strong>et</strong></span> <span class='ocrx_word' id='word_1_287' title='bbox 476 2211 602 2283; x_wconf 76' lang='lat' dir='ltr'><strong>producit</strong></span> <span class='ocrx_word' id='word_1_288' title='bbox 629 2228 636 2265; x_wconf 77' lang='grc' dir='ltr'><strong>ι</strong></span> <span class='ocrx_word' id='word_1_289' title='bbox 656 2211 684 2267; x_wconf 93' lang='lat' dir='ltr'><strong>in</strong></span> <span class='ocrx_word' id='word_1_290' title='bbox 707 2209 848 2282; x_wconf 79' lang='lat' dir='ltr'><strong>Scriptura</strong></span> <span class='ocrx_word' id='word_1_291' title='bbox 873 2210 948 2272; x_wconf 83' lang='lat' dir='ltr'><strong>eninr</strong></span> <span class='ocrx_word' id='word_1_292' title='bbox 968 2226 1046 2268; x_wconf 91' lang='lat' dir='ltr'><strong>sacra</strong></span> <span class='ocrx_word' id='word_1_293' title='bbox 1095 2217 1136 2263; x_wconf 85' lang='lat' dir='ltr'><strong>est</strong></span> <span class='ocrx_word' id='word_1_294' title='bbox 1148 2207 1275 2264; x_wconf 89' lang='lat' dir='ltr'><strong>calidum.</strong></span> <span class='ocrx_word' id='word_1_295' title='bbox 1289 2207 1365 2263; x_wconf 87' lang='lat' dir='ltr'><strong>Unde</strong></span> <span class='ocrx_word' id='word_1_296' title='bbox 1378 2206 1552 2264; x_wconf 90' lang='lat' dir='ltr'><strong>etlormosos</strong></span> <span class='ocrx_word' id='word_1_297' title='bbox 1564 2209 1689 2275; x_wconf 88' lang='lat' dir='ltr'><strong>dicimos,</strong></span> <span class='ocrx_word' id='word_1_298' title='bbox 1704 2208 1894 2280; x_wconf 78' lang='lat' dir='ltr'><strong>oubnscator</strong></span> 
     </span>
     <span class='ocr_line' id='line_1_23' title="bbox 249 2297 1891 2374; baseline -0.001 -18"><span class='ocrx_word' id='word_1_299' title='bbox 249 2302 339 2358; x_wconf 82' lang='lat' dir='ltr'><strong>niallei</strong></span> <span class='ocrx_word' id='word_1_300' title='bbox 357 2303 467 2359; x_wconf 88' lang='lat' dir='ltr'><strong>nomine</strong></span> <span class='ocrx_word' id='word_1_301' title='bbox 491 2302 637 2374; x_wconf 80' lang='lat' dir='ltr'><strong>aliquando</strong></span> <span class='ocrx_word' id='word_1_302' title='bbox 661 2302 783 2359; x_wconf 89' lang='lat' dir='ltr'><strong>diabolus</strong></span> <span class='ocrx_word' id='word_1_303' title='bbox 805 2301 972 2373; x_wconf 79' lang='lat' dir='ltr'><strong>designatur,</strong></span> <span class='ocrx_word' id='word_1_304' title='bbox 996 2317 1046 2373; x_wconf 86' lang='lat' dir='ltr'><strong>per</strong></span> <span class='ocrx_word' id='word_1_305' title='bbox 1093 2298 1234 2369; x_wconf 72' lang='lat' dir='ltr'><strong>sangrdnis</strong></span> <span class='ocrx_word' id='word_1_306' title='bbox 1249 2313 1282 2354; x_wconf 91' lang='lat' dir='ltr'><strong>ex</strong></span> <span class='ocrx_word' id='word_1_307' title='bbox 1301 2298 1399 2356; x_wconf 89' lang='lat' dir='ltr'><strong>rubore</strong></span> <span class='ocrx_word' id='word_1_308' title='bbox 1413 2297 1640 2368; x_wconf 87' lang='lat' dir='ltr'><strong>pulchritudinem</strong></span> <span class='ocrx_word' id='word_1_309' title='bbox 1664 2308 1749 2355; x_wconf 86' lang='lat' dir='ltr'><strong>creat.</strong></span> <span class='ocrx_word' id='word_1_310' title='bbox 1772 2299 1812 2355; x_wconf 83' lang='lat' dir='ltr'><strong>lie</strong></span> <span class='ocrx_word' id='word_1_311' title='bbox 1834 2299 1891 2355; x_wconf 89' lang='lat' dir='ltr'><strong>lor·</strong></span> 
     </span>
     <span class='ocr_line' id='line_1_24' title="bbox 248 2385 1893 2463; baseline 0.001 -18"><span class='ocrx_word' id='word_1_312' title='bbox 248 2406 329 2460; x_wconf 80' lang='lat' dir='ltr'><strong>nuens</strong></span> <span class='ocrx_word' id='word_1_313' title='bbox 353 2407 427 2447; x_wconf 91' lang='lat' dir='ltr'><strong>nune</strong></span> <span class='ocrx_word' id='word_1_314' title='bbox 453 2392 665 2462; x_wconf 85' lang='lat' dir='ltr'><strong>delinquentium</strong></span> <span class='ocrx_word' id='word_1_315' title='bbox 693 2392 780 2463; x_wconf 81' lang='lat' dir='ltr'><strong>culpae</strong></span> <span class='ocrx_word' id='word_1_316' title='bbox 810 2391 967 2447; x_wconf 77' lang='lat' dir='ltr'><strong>feriuntur:</strong></span> <span class='ocrx_word' id='word_1_317' title='bbox 996 2391 1046 2448; x_wconf 86' lang='lat' dir='ltr'><strong>ali·</strong></span> <span class='ocrx_word' id='word_1_318' title='bbox 1094 2390 1155 2460; x_wconf 91' lang='lat' dir='ltr'><strong>cipe</strong></span> <span class='ocrx_word' id='word_1_319' title='bbox 1165 2389 1203 2445; x_wconf 91' lang='lat' dir='ltr'><strong>ita</strong></span> <span class='ocrx_word' id='word_1_320' title='bbox 1216 2390 1242 2444; x_wconf 90' lang='lat' dir='ltr'><strong>in</strong></span> <span class='ocrx_word' id='word_1_321' title='bbox 1257 2388 1325 2444; x_wconf 88' lang='lat' dir='ltr'><strong>lsaia</strong></span> <span class='ocrx_word' id='word_1_322' title='bbox 1340 2385 1505 2460; x_wconf 71' lang='lat' dir='ltr'><strong>legitur2Et</strong></span> <span class='ocrx_word' id='word_1_323' title='bbox 1526 2386 1621 2443; x_wconf 78' lang='lat' dir='ltr'><strong>volarit</strong></span> <span class='ocrx_word' id='word_1_324' title='bbox 1645 2387 1680 2442; x_wconf 82' lang='lat' dir='ltr'><strong>od</strong></span> <span class='ocrx_word' id='word_1_325' title='bbox 1702 2404 1743 2442; x_wconf 86' lang='lat' dir='ltr'><strong>me</strong></span> <span class='ocrx_word' id='word_1_326' title='bbox 1766 2405 1839 2443; x_wconf 84' lang='lat' dir='ltr'><strong>orrea</strong></span> <span class='ocrx_word' id='word_1_327' title='bbox 1862 2390 1893 2446; x_wconf 85' lang='lat' dir='ltr'><strong>dr</strong></span> 
     </span>
     <span class='ocr_line' id='line_1_25' title="bbox 246 2479 1894 2555; baseline 0.002 -20"><span class='ocrx_word' id='word_1_328' title='bbox 246 2483 356 2553; x_wconf 72' lang='lat' dir='ltr'><strong>ornando</strong></span> <span class='ocrx_word' id='word_1_329' title='bbox 372 2497 438 2539; x_wconf 80' lang='lat' dir='ltr'><strong>vcro</strong></span> <span class='ocrx_word' id='word_1_330' title='bbox 459 2483 600 2554; x_wconf 90' lang='lat' dir='ltr'><strong>percussio</strong></span> <span class='ocrx_word' id='word_1_331' title='bbox 614 2483 733 2540; x_wconf 75' lang='lat' dir='ltr'><strong>coelestis</strong></span> <span class='ocrx_word' id='word_1_332' title='bbox 748 2484 902 2554; x_wconf 79' lang='lat' dir='ltr'><strong>accipitur:</strong></span> <span class='ocrx_word' id='word_1_333' title='bbox 920 2484 984 2555; x_wconf 84' lang='lat' dir='ltr'><strong>quia</strong></span> <span class='ocrx_word' id='word_1_334' title='bbox 1002 2485 1046 2540; x_wconf 80' lang='lat' dir='ltr'><strong>uei</strong></span> <span class='ocrx_word' id='word_1_335' title='bbox 1093 2482 1228 2553; x_wconf 80' lang='lat' dir='ltr'><strong>seraphin,</strong></span> <span class='ocrx_word' id='word_1_336' title='bbox 1244 2492 1269 2537; x_wconf 83' lang='lat' dir='ltr'><strong>er</strong></span> <span class='ocrx_word' id='word_1_337' title='bbox 1282 2482 1311 2535; x_wconf 83' lang='grc' dir='ltr'><strong>ιιι</strong></span> <span class='ocrx_word' id='word_1_338' title='bbox 1325 2498 1407 2537; x_wconf 81' lang='lat' dir='ltr'><strong>moon</strong></span> <span class='ocrx_word' id='word_1_339' title='bbox 1420 2481 1478 2553; x_wconf 78' lang='lat' dir='ltr'><strong>ejus</strong></span> <span class='ocrx_word' id='word_1_340' title='bbox 1490 2479 1609 2537; x_wconf 76' lang='lat' dir='ltr'><strong>cahom</strong></span> <span class='ocrx_word' id='word_1_341' title='bbox 1620 2497 1697 2553; x_wconf 78' lang='lat' dir='ltr'><strong>oriem</strong></span> <span class='ocrx_word' id='word_1_342' title='bbox 1714 2481 1816 2553; x_wconf 70' lang='lat' dir='ltr'><strong>forcipe</strong></span> <span class='ocrx_word' id='word_1_343' title='bbox 1826 2482 1894 2538; x_wconf 83' lang='lat' dir='ltr'><strong>orle-</strong></span> 
     </span>
     <span class='ocr_line' id='line_1_26' title="bbox 247 2570 1895 2646; baseline 0.004 -23"><span class='ocrx_word' id='word_1_344' title='bbox 247 2570 327 2625; x_wconf 79' lang='lat' dir='ltr'><strong>oiccti</strong></span> <span class='ocrx_word' id='word_1_345' title='bbox 342 2585 476 2640; x_wconf 87' lang='lat' dir='ltr'><strong>supernos</strong></span> <span class='ocrx_word' id='word_1_346' title='bbox 488 2571 560 2628; x_wconf 86' lang='lat' dir='ltr'><strong>ictus</strong></span> <span class='ocrx_word' id='word_1_347' title='bbox 573 2571 704 2640; x_wconf 91' lang='lat' dir='ltr'><strong>sentiunt,</strong></span> <span class='ocrx_word' id='word_1_348' title='bbox 718 2581 750 2629; x_wconf 94' lang='lat' dir='ltr'><strong>ut</strong></span> <span class='ocrx_word' id='word_1_349' title='bbox 767 2588 783 2628; x_wconf 95' lang='lat' dir='ltr'><strong>a</strong></span> <span class='ocrx_word' id='word_1_350' title='bbox 799 2573 890 2643; x_wconf 82' lang='lat' dir='ltr'><strong>pravis</strong></span> <span class='ocrx_word' id='word_1_351' title='bbox 901 2574 1046 2631; x_wconf 87' lang='lat' dir='ltr'><strong>itineribus</strong></span> <span class='ocrx_word' id='word_1_352' title='bbox 1095 2586 1135 2629; x_wconf 79' lang='lat' dir='ltr'><strong>rar</strong></span> <span class='ocrx_word' id='word_1_353' title='bbox 1149 2575 1182 2628; x_wconf 83' lang='lat' dir='ltr'><strong>de</strong></span> <span class='ocrx_word' id='word_1_354' title='bbox 1195 2574 1275 2629; x_wconf 86' lang='lat' dir='ltr'><strong>olturr&#39;</strong></span> <span class='ocrx_word' id='word_1_355' title='bbox 1288 2572 1356 2646; x_wconf 85' lang='lat' dir='ltr'><strong>(lm.</strong></span> <span class='ocrx_word' id='word_1_356' title='bbox 1370 2573 1418 2646; x_wconf 86' lang='lat' dir='ltr'><strong>n).</strong></span> <span class='ocrx_word' id='word_1_357' title='bbox 1436 2572 1514 2630; x_wconf 88' lang='lat' dir='ltr'><strong>llnde</strong></span> <span class='ocrx_word' id='word_1_358' title='bbox 1527 2573 1556 2628; x_wconf 91' lang='lat' dir='ltr'><strong>in</strong></span> <span class='ocrx_word' id='word_1_359' title='bbox 1571 2572 1684 2644; x_wconf 84' lang='lat' dir='ltr'><strong>lorcipe,</strong></span> <span class='ocrx_word' id='word_1_360' title='bbox 1700 2589 1753 2643; x_wconf 82' lang='lat' dir='ltr'><strong>qua</strong></span> <span class='ocrx_word' id='word_1_361' title='bbox 1770 2573 1895 2630; x_wconf 75' lang='lat' dir='ltr'><strong>orlcrdus</strong></span> 
     </span>
     <span class='ocr_line' id='line_1_27' title="bbox 247 2660 1893 2737; baseline 0.002 -21"><span class='ocrx_word' id='word_1_362' title='bbox 247 2661 441 2732; x_wconf 75' lang='lat' dir='ltr'><strong>corrigantur:</strong></span> <span class='ocrx_word' id='word_1_363' title='bbox 455 2662 498 2718; x_wconf 82' lang='lat' dir='ltr'><strong>vel</strong></span> <span class='ocrx_word' id='word_1_364' title='bbox 515 2660 590 2732; x_wconf 84' lang='lat' dir='ltr'><strong>justa</strong></span> <span class='ocrx_word' id='word_1_365' title='bbox 603 2664 645 2720; x_wconf 86' lang='lat' dir='ltr'><strong>ira</strong></span> <span class='ocrx_word' id='word_1_366' title='bbox 658 2665 789 2734; x_wconf 85' lang='lat' dir='ltr'><strong>reprobos</strong></span> <span class='ocrx_word' id='word_1_367' title='bbox 801 2665 932 2737; x_wconf 89' lang='lat' dir='ltr'><strong>percutit,</strong></span> <span class='ocrx_word' id='word_1_368' title='bbox 946 2674 977 2720; x_wconf 92' lang='lat' dir='ltr'><strong>ut</strong></span> <span class='ocrx_word' id='word_1_369' title='bbox 989 2664 1045 2736; x_wconf 85' lang='lat' dir='ltr'><strong>jam</strong></span> <span class='ocrx_word' id='word_1_370' title='bbox 1094 2663 1343 2736; x_wconf 79' lang='lat' dir='ltr'><strong>comprehenditur,</strong></span> <span class='ocrx_word' id='word_1_371' title='bbox 1359 2664 1413 2719; x_wconf 89' lang='lat' dir='ltr'><strong>duo</strong></span> <span class='ocrx_word' id='word_1_372' title='bbox 1437 2662 1611 2718; x_wconf 79' lang='lat' dir='ltr'><strong>Testamenta</strong></span> <span class='ocrx_word' id='word_1_373' title='bbox 1626 2663 1817 2734; x_wconf 75' lang='lat' dir='ltr'><strong>designantur,</strong></span> <span class='ocrx_word' id='word_1_374' title='bbox 1832 2679 1893 2736; x_wconf 76' lang='lat' dir='ltr'><strong>qttao</strong></span> 
     </span>
     <span class='ocr_line' id='line_1_28' title="bbox 247 2751 1892 2826; baseline 0 -19"><span class='ocrx_word' id='word_1_375' title='bbox 247 2751 380 2822; x_wconf 84' lang='lat' dir='ltr'><strong>supplicia</strong></span> <span class='ocrx_word' id='word_1_376' title='bbox 390 2759 492 2808; x_wconf 74' lang='lat' dir='ltr'><strong>aeoerna</strong></span> <span class='ocrx_word' id='word_1_377' title='bbox 502 2753 682 2824; x_wconf 79' lang='lat' dir='ltr'><strong>preveniens,</strong></span> <span class='ocrx_word' id='word_1_378' title='bbox 695 2754 759 2824; x_wconf 86' lang='lat' dir='ltr'><strong>quid</strong></span> <span class='ocrx_word' id='word_1_379' title='bbox 771 2754 852 2810; x_wconf 90' lang='lat' dir='ltr'><strong>etiam</strong></span> <span class='ocrx_word' id='word_1_380' title='bbox 867 2754 1044 2824; x_wconf 90' lang='lat' dir='ltr'><strong>inposterum</strong></span> <span class='ocrx_word' id='word_1_381' title='bbox 1095 2757 1166 2811; x_wconf 88' lang='lat' dir='ltr'><strong>iuter</strong></span> <span class='ocrx_word' id='word_1_382' title='bbox 1178 2770 1209 2811; x_wconf 87' lang='lat' dir='ltr'><strong>so</strong></span> <span class='ocrx_word' id='word_1_383' title='bbox 1219 2752 1337 2826; x_wconf 81' lang='lat' dir='ltr'><strong>Spiritus</strong></span> <span class='ocrx_word' id='word_1_384' title='bbox 1348 2753 1437 2810; x_wconf 87' lang='lat' dir='ltr'><strong>sancti</strong></span> <span class='ocrx_word' id='word_1_385' title='bbox 1454 2754 1554 2810; x_wconf 88' lang='lat' dir='ltr'><strong>unione</strong></span> <span class='ocrx_word' id='word_1_386' title='bbox 1567 2753 1717 2820; x_wconf 86' lang='lat' dir='ltr'><strong>sociantur,</strong></span> <span class='ocrx_word' id='word_1_387' title='bbox 1729 2762 1758 2810; x_wconf 89' lang='lat' dir='ltr'><strong>et</strong></span> <span class='ocrx_word' id='word_1_388' title='bbox 1777 2755 1892 2811; x_wconf 86' lang='lat' dir='ltr'><strong>rerbno</strong></span> 
     </span>
     <span class='ocr_line' id='line_1_29' title="bbox 248 2843 1893 2919; baseline 0.004 -22"><span class='ocrx_word' id='word_1_389' title='bbox 248 2850 416 2916; x_wconf 87' lang='lat' dir='ltr'><strong>nrereantnr,</strong></span> <span class='ocrx_word' id='word_1_390' title='bbox 431 2843 558 2900; x_wconf 86' lang='lat' dir='ltr'><strong>ostendit.</strong></span> <span class='ocrx_word' id='word_1_391' title='bbox 584 2843 652 2902; x_wconf 82' lang='lat' dir='ltr'><strong>ban</strong></span> <span class='ocrx_word' id='word_1_392' title='bbox 674 2845 738 2917; x_wconf 84' lang='lat' dir='ltr'><strong>quia</strong></span> <span class='ocrx_word' id='word_1_393' title='bbox 757 2844 939 2917; x_wconf 85' lang='lat' dir='ltr'><strong>appellatione</strong></span> <span class='ocrx_word' id='word_1_394' title='bbox 954 2845 1043 2903; x_wconf 85' lang='lat' dir='ltr'><strong>madci</strong></span> <span class='ocrx_word' id='word_1_395' title='bbox 1094 2848 1142 2904; x_wconf 85' lang='lat' dir='ltr'><strong>bei</strong></span> <span class='ocrx_word' id='word_1_396' title='bbox 1154 2848 1188 2904; x_wconf 90' lang='lat' dir='ltr'><strong>ad</strong></span> <span class='ocrx_word' id='word_1_397' title='bbox 1201 2848 1370 2919; x_wconf 78' lang='lat' dir='ltr'><strong>purgandum</strong></span> <span class='ocrx_word' id='word_1_398' title='bbox 1389 2847 1461 2903; x_wconf 82' lang='lat' dir='ltr'><strong>buia</strong></span> <span class='ocrx_word' id='word_1_399' title='bbox 1481 2846 1618 2917; x_wconf 78' lang='lat' dir='ltr'><strong>prophete</strong></span> <span class='ocrx_word' id='word_1_400' title='bbox 1631 2861 1680 2917; x_wconf 84' lang='lat' dir='ltr'><strong>per</strong></span> <span class='ocrx_word' id='word_1_401' title='bbox 1697 2845 1823 2917; x_wconf 73' lang='lat' dir='ltr'><strong>angelica</strong></span> <span class='ocrx_word' id='word_1_402' title='bbox 1844 2846 1893 2904; x_wconf 85' lang='lat' dir='ltr'><strong>ori-</strong></span> 
     </span>
     <span class='ocr_line' id='line_1_30' title="bbox 248 2932 1892 3011; baseline 0.005 -25"><span class='ocrx_word' id='word_1_403' title='bbox 248 2932 376 3003; x_wconf 82' lang='lat' dir='ltr'><strong>aotiqnus</strong></span> <span class='ocrx_word' id='word_1_404' title='bbox 389 2934 476 2991; x_wconf 90' lang='lat' dir='ltr'><strong>hostis</strong></span> <span class='ocrx_word' id='word_1_405' title='bbox 488 2934 659 3005; x_wconf 84' lang='lat' dir='ltr'><strong>exprimitur,</strong></span> <span class='ocrx_word' id='word_1_406' title='bbox 677 2935 813 3009; x_wconf 83' lang='lat' dir='ltr'><strong>Propheta</strong></span> <span class='ocrx_word' id='word_1_407' title='bbox 837 2945 962 3002; x_wconf 63' lang='lat' dir='ltr'><strong>tutatur,</strong></span> <span class='ocrx_word' id='word_1_408' title='bbox 980 2952 1043 2993; x_wconf 93' lang='lat' dir='ltr'><strong>cum</strong></span> <span class='ocrx_word' id='word_1_409' title='bbox 1094 2940 1205 2996; x_wconf 83' lang='lat' dir='ltr'><strong>nisterin</strong></span> <span class='ocrx_word' id='word_1_410' title='bbox 1218 2937 1306 3004; x_wconf 77' lang='lat' dir='ltr'><strong>affert,</strong></span> <span class='ocrx_word' id='word_1_411' title='bbox 1321 2947 1351 2994; x_wconf 90' lang='lat' dir='ltr'><strong>ut</strong></span> <span class='ocrx_word' id='word_1_412' title='bbox 1362 2937 1462 3009; x_wconf 86' lang='lat' dir='ltr'><strong>popolo</strong></span> <span class='ocrx_word' id='word_1_413' title='bbox 1472 2937 1552 3011; x_wconf 75' lang='lat' dir='ltr'><strong>digne</strong></span> <span class='ocrx_word' id='word_1_414' title='bbox 1561 2938 1648 3007; x_wconf 88' lang='lat' dir='ltr'><strong>possit</strong></span> <span class='ocrx_word' id='word_1_415' title='bbox 1658 2937 1787 2994; x_wconf 75' lang='lat' dir='ltr'><strong>nuntimc</strong></span> <span class='ocrx_word' id='word_1_416' title='bbox 1797 2937 1892 2994; x_wconf 82' lang='lat' dir='ltr'><strong>uolun-</strong></span> 
     </span>
     <span class='ocr_line' id='line_1_31' title="bbox 247 3023 1892 3099; baseline 0.004 -22"><span class='ocrx_word' id='word_1_417' title='bbox 247 3036 404 3091; x_wconf 83' lang='lat' dir='ltr'><strong>supereum</strong></span> <span class='ocrx_word' id='word_1_418' title='bbox 415 3023 468 3078; x_wconf 87' lang='lat' dir='ltr'><strong>vim</strong></span> <span class='ocrx_word' id='word_1_419' title='bbox 480 3024 596 3081; x_wconf 86' lang='lat' dir='ltr'><strong>extremi</strong></span> <span class='ocrx_word' id='word_1_420' title='bbox 606 3023 916 3096; x_wconf 86' lang='lat' dir='ltr'><strong>judiciicontenrplatur,</strong></span> <span class='ocrx_word' id='word_1_421' title='bbox 934 3024 1042 3082; x_wconf 87' lang='lat' dir='ltr'><strong>dicens:</strong></span> <span class='ocrx_word' id='word_1_422' title='bbox 1094 3039 1178 3086; x_wconf 90' lang='lat' dir='ltr'><strong>tatem</strong></span> <span class='ocrx_word' id='word_1_423' title='bbox 1195 3029 1253 3086; x_wconf 86' lang='lat' dir='ltr'><strong>bei.</strong></span> <span class='ocrx_word' id='word_1_424' title='bbox 1267 3028 1343 3084; x_wconf 82' lang='lat' dir='ltr'><strong>bima</strong></span> <span class='ocrx_word' id='word_1_425' title='bbox 1365 3028 1437 3086; x_wconf 89' lang='lat' dir='ltr'><strong>dicta</strong></span> <span class='ocrx_word' id='word_1_426' title='bbox 1451 3042 1485 3083; x_wconf 89' lang='lat' dir='ltr'><strong>eo</strong></span> <span class='ocrx_word' id='word_1_427' title='bbox 1498 3026 1571 3099; x_wconf 84' lang='lat' dir='ltr'><strong>quod</strong></span> <span class='ocrx_word' id='word_1_428' title='bbox 1589 3026 1649 3086; x_wconf 90' lang='lat' dir='ltr'><strong>lene</strong></span> <span class='ocrx_word' id='word_1_429' title='bbox 1662 3026 1763 3093; x_wconf 76' lang='lat' dir='ltr'><strong>iaciat,</strong></span> <span class='ocrx_word' id='word_1_430' title='bbox 1781 3043 1848 3083; x_wconf 86' lang='lat' dir='ltr'><strong>rraru</strong></span> <span class='ocrx_word' id='word_1_431' title='bbox 1862 3027 1892 3083; x_wconf 90' lang='lat' dir='ltr'><strong>li-</strong></span> 
     </span>
     <span class='ocr_line' id='line_1_32' title="bbox 249 3109 1894 3191; baseline 0.002 -27"><span class='ocrx_word' id='word_1_432' title='bbox 249 3109 387 3178; x_wconf 81' lang='lat' dir='ltr'><strong>Quomodo</strong></span> <span class='ocrx_word' id='word_1_433' title='bbox 400 3111 551 3183; x_wconf 66' lang='lat' dir='ltr'><strong>confractor</strong></span> <span class='ocrx_word' id='word_1_434' title='bbox 564 3123 603 3168; x_wconf 83' lang='lat' dir='ltr'><strong>ear</strong></span> <span class='ocrx_word' id='word_1_435' title='bbox 614 3122 638 3169; x_wconf 86' lang='lat' dir='ltr'><strong>et</strong></span> <span class='ocrx_word' id='word_1_436' title='bbox 651 3114 778 3168; x_wconf 74' lang='lat' dir='ltr'><strong>eomritrrs</strong></span> <span class='ocrx_word' id='word_1_437' title='bbox 792 3112 903 3169; x_wconf 82' lang='lat' dir='ltr'><strong>mulleos</strong></span> <span class='ocrx_word' id='word_1_438' title='bbox 913 3114 1077 3191; x_wconf 71' lang='lat' dir='ltr'><strong>amornec</strong></span> <span class='ocrx_word' id='word_1_439' title='bbox 1094 3138 1168 3179; x_wconf 70' lang='lat' dir='ltr'><strong>mum</strong></span> <span class='ocrx_word' id='word_1_440' title='bbox 1184 3121 1245 3179; x_wconf 66' lang='lat' dir='ltr'><strong>lene</strong></span> <span class='ocrx_word' id='word_1_441' title='bbox 1265 3128 1318 3186; x_wconf 64' lang='lat' dir='ltr'><strong>est,</strong></span> <span class='ocrx_word' id='word_1_442' title='bbox 1333 3121 1361 3175; x_wconf 79' lang='lat' dir='ltr'><strong>in</strong></span> <span class='ocrx_word' id='word_1_443' title='bbox 1377 3134 1432 3190; x_wconf 78' lang='lat' dir='ltr'><strong>qno</strong></span> <span class='ocrx_word' id='word_1_444' title='bbox 1445 3120 1509 3177; x_wconf 78' lang='lat' dir='ltr'><strong>boni</strong></span> <span class='ocrx_word' id='word_1_445' title='bbox 1527 3118 1648 3177; x_wconf 74' lang='lat' dir='ltr'><strong>doctoris</strong></span> <span class='ocrx_word' id='word_1_446' title='bbox 1666 3118 1785 3189; x_wconf 73' lang='lat' dir='ltr'><strong>exprimi</strong></span> <span class='ocrx_word' id='word_1_447' title='bbox 1805 3126 1894 3190; x_wconf 78' lang='lat' dir='ltr'><strong>potest</strong></span> 
     </span>
     <span class='ocr_line' id='line_1_33' title="bbox 241 3204 1892 3284; baseline 0.006 -27"><span class='ocrx_word' id='word_1_448' title='bbox 241 3204 350 3260; x_wconf 77' lang='lat' dir='ltr'><strong>serre?</strong></span> <span class='ocrx_word' id='word_1_449' title='bbox 364 3204 433 3278; x_wconf 80' lang='lat' dir='ltr'><strong>(der.</strong></span> <span class='ocrx_word' id='word_1_450' title='bbox 449 3206 488 3279; x_wconf 75' lang='lat' dir='ltr'><strong>a.)</strong></span> <span class='ocrx_word' id='word_1_451' title='bbox 505 3206 545 3262; x_wconf 79' lang='lat' dir='ltr'><strong>bc</strong></span> <span class='ocrx_word' id='word_1_452' title='bbox 561 3206 721 3273; x_wconf 81' lang='lat' dir='ltr'><strong>sidiceret:</strong></span> <span class='ocrx_word' id='word_1_453' title='bbox 740 3222 814 3274; x_wconf 89' lang='lat' dir='ltr'><strong>eum,</strong></span> <span class='ocrx_word' id='word_1_454' title='bbox 836 3221 979 3278; x_wconf 85' lang='lat' dir='ltr'><strong>perquem</strong></span> <span class='ocrx_word' id='word_1_455' title='bbox 993 3221 1042 3262; x_wconf 85' lang='lat' dir='ltr'><strong>ra·</strong></span> <span class='ocrx_word' id='word_1_456' title='bbox 1093 3214 1280 3284; x_wconf 60' lang='lat' dir='ltr'><strong>chisianum</strong></span> <span class='ocrx_word' id='word_1_457' title='bbox 1294 3220 1399 3271; x_wconf 88' lang='lat' dir='ltr'><strong>mentes</strong></span> <span class='ocrx_word' id='word_1_458' title='bbox 1417 3211 1556 3269; x_wconf 72' lang='lat' dir='ltr'><strong>maiorm</strong></span> <span class='ocrx_word' id='word_1_459' title='bbox 1569 3210 1697 3281; x_wconf 80' lang='lat' dir='ltr'><strong>iucundis</strong></span> <span class='ocrx_word' id='word_1_460' title='bbox 1719 3210 1892 3267; x_wconf 77' lang='lat' dir='ltr'><strong>tenporibus</strong></span> 
     </span>
     <span class='ocr_line' id='line_1_34' title="bbox 241 3296 1891 3374; baseline 0.005 -25"><span class='ocrx_word' id='word_1_461' title='bbox 241 3296 323 3352; x_wconf 49' lang='lat' dir='ltr'><strong>¹seoda</strong></span> <span class='ocrx_word' id='word_1_462' title='bbox 335 3313 384 3354; x_wconf 85' lang='lat' dir='ltr'><strong>sua</strong></span> <span class='ocrx_word' id='word_1_463' title='bbox 398 3298 529 3356; x_wconf 77' lang='lat' dir='ltr'><strong>hominm</strong></span> <span class='ocrx_word' id='word_1_464' title='bbox 541 3301 569 3356; x_wconf 91' lang='lat' dir='ltr'><strong>in</strong></span> <span class='ocrx_word' id='word_1_465' title='bbox 584 3300 729 3362; x_wconf 84' lang='lat' dir='ltr'><strong>ministerii</strong></span> <span class='ocrx_word' id='word_1_466' title='bbox 745 3315 796 3357; x_wconf 80' lang='lat' dir='ltr'><strong>osu</strong></span> <span class='ocrx_word' id='word_1_467' title='bbox 818 3298 959 3356; x_wconf 75' lang='lat' dir='ltr'><strong>formanda</strong></span> <span class='ocrx_word' id='word_1_468' title='bbox 981 3313 1043 3370; x_wconf 88' lang='lat' dir='ltr'><strong>pcr-</strong></span> <span class='ocrx_word' id='word_1_469' title='bbox 1094 3306 1224 3362; x_wconf 88' lang='lat' dir='ltr'><strong>leoillcat.</strong></span> <span class='ocrx_word' id='word_1_470' title='bbox 1245 3312 1273 3360; x_wconf 92' lang='lat' dir='ltr'><strong>et</strong></span> <span class='ocrx_word' id='word_1_471' title='bbox 1295 3303 1430 3374; x_wconf 86' lang='lat' dir='ltr'><strong>placidum</strong></span> <span class='ocrx_word' id='word_1_472' title='bbox 1450 3300 1518 3358; x_wconf 86' lang='lat' dir='ltr'><strong>iacit</strong></span> <span class='ocrx_word' id='word_1_473' title='bbox 1534 3302 1569 3359; x_wconf 84' lang='lat' dir='ltr'><strong>ad</strong></span> <span class='ocrx_word' id='word_1_474' title='bbox 1590 3302 1754 3359; x_wconf 69' lang='grc' dir='ltr'>ιιιιιιιιιιιιιιιι</span> <span class='ocrx_word' id='word_1_475' title='bbox 1778 3301 1891 3357; x_wconf 79' lang='lat' dir='ltr'><strong>rerbrnu</strong></span> 
     </span>
    </p>
   </div>
   <div class='ocr_carea' id='block_1_9' title="bbox 247 3386 1985 3467">
    <p class='ocr_par' dir='ltr' id='par_1_10' title="bbox 247 3386 1985 3467">
     <span class='ocr_line' id='line_1_35' title="bbox 247 3386 1985 3467; baseline 0.006 -25"><span class='ocrx_word' id='word_1_476' title='bbox 247 3387 326 3455; x_wconf 87' lang='lat' dir='ltr'><strong>outit,</strong></span> <span class='ocrx_word' id='word_1_477' title='bbox 340 3389 402 3459; x_wconf 82' lang='lat' dir='ltr'><strong>quis</strong></span> <span class='ocrx_word' id='word_1_478' title='bbox 412 3390 572 3463; x_wconf 89' lang='lat' dir='ltr'><strong>perpendat,</strong></span> <span class='ocrx_word' id='word_1_479' title='bbox 583 3406 638 3462; x_wconf 77' lang='lat' dir='ltr'><strong>quo</strong></span> <span class='ocrx_word' id='word_1_480' title='bbox 652 3390 769 3457; x_wconf 90' lang='lat' dir='ltr'><strong>turbine,</strong></span> <span class='ocrx_word' id='word_1_481' title='bbox 783 3389 909 3446; x_wconf 86' lang='lat' dir='ltr'><strong>veniente</strong></span> <span class='ocrx_word' id='word_1_482' title='bbox 919 3398 1044 3447; x_wconf 88' lang='lat' dir='ltr'><strong>extremo</strong></span> <span class='ocrx_word' id='word_1_483' title='bbox 1095 3397 1153 3463; x_wconf 82' lang='lat' dir='ltr'><strong>bei,</strong></span> <span class='ocrx_word' id='word_1_484' title='bbox 1164 3404 1193 3451; x_wconf 86' lang='lat' dir='ltr'><strong>et</strong></span> <span class='ocrx_word' id='word_1_485' title='bbox 1205 3396 1238 3451; x_wconf 91' lang='lat' dir='ltr'><strong>ad</strong></span> <span class='ocrx_word' id='word_1_486' title='bbox 1252 3394 1447 3467; x_wconf 88' lang='lat' dir='ltr'><strong>perllciendom</strong></span> <span class='ocrx_word' id='word_1_487' title='bbox 1470 3392 1550 3451; x_wconf 84' lang='lat' dir='ltr'><strong>bonis</strong></span> <span class='ocrx_word' id='word_1_488' title='bbox 1571 3393 1700 3467; x_wconf 85' lang='lat' dir='ltr'><strong>operibus</strong></span> <span class='ocrx_word' id='word_1_489' title='bbox 1722 3392 1891 3451; x_wconf 64' lang='lat' dir='ltr'><strong>remantem</strong></span> <span class='ocrx_word' id='word_1_490' title='bbox 1984 3386 1985 3395; x_wconf 68' lang='grc'>’</span> 
     </span>
    </p>
   </div>
   <div class='ocr_carea' id='block_1_10' title="bbox 241 3477 1191 3649">
    <p class='ocr_par' dir='ltr' id='par_1_11' title="bbox 241 3477 1191 3649">
     <span class='ocr_line' id='line_1_36' title="bbox 243 3477 1191 3561; baseline 0.004 -30"><span class='ocrx_word' id='word_1_491' title='bbox 243 3477 358 3549; x_wconf 75' lang='lat' dir='ltr'><strong>indicio,</strong></span> <span class='ocrx_word' id='word_1_492' title='bbox 376 3480 404 3537; x_wconf 91' lang='lat' dir='ltr'><strong>in</strong></span> <span class='ocrx_word' id='word_1_493' title='bbox 418 3491 521 3537; x_wconf 80' lang='lat' dir='ltr'><strong>aeterna</strong></span> <span class='ocrx_word' id='word_1_494' title='bbox 539 3480 714 3539; x_wconf 86' lang='lat' dir='ltr'><strong>damnatione</strong></span> <span class='ocrx_word' id='word_1_495' title='bbox 735 3480 900 3557; x_wconf 70' lang='lat' dir='ltr'><strong>confringat.</strong></span> <span class='ocrx_word' id='word_1_496' title='bbox 923 3477 1044 3536; x_wconf 86' lang='lat' dir='ltr'><strong>ltursum</strong></span> <span class='ocrx_word' id='word_1_497' title='bbox 1095 3489 1191 3561; x_wconf 64' lang='lat' dir='ltr'><strong>ipsius,</strong></span> 
     </span>
     <span class='ocr_line' id='line_1_37' title="bbox 241 3571 1045 3649; baseline 0.002 -20"><span class='ocrx_word' id='word_1_498' title='bbox 241 3588 297 3645; x_wconf 84' lang='lat' dir='ltr'><strong>per</strong></span> <span class='ocrx_word' id='word_1_499' title='bbox 315 3574 442 3633; x_wconf 87' lang='lat' dir='ltr'><strong>malleum</strong></span> <span class='ocrx_word' id='word_1_500' title='bbox 459 3576 598 3649; x_wconf 88' lang='lat' dir='ltr'><strong>percussio</strong></span> <span class='ocrx_word' id='word_1_501' title='bbox 618 3575 738 3633; x_wconf 77' lang='lat' dir='ltr'><strong>cetenis</strong></span> <span class='ocrx_word' id='word_1_502' title='bbox 762 3574 945 3645; x_wconf 83' lang='lat' dir='ltr'><strong>exprimitur:</strong></span> <span class='ocrx_word' id='word_1_503' title='bbox 971 3571 1045 3644; x_wconf 75' lang='lat' dir='ltr'><strong>qood</strong></span> 
     </span>
    </p>
   </div>
   <div class='ocr_carea' id='block_1_11' title="bbox 718 3858 1417 3944">
    <p class='ocr_par' dir='ltr' id='par_1_12' title="bbox 718 3858 1417 3944">
     <span class='ocr_line' id='line_1_38' title="bbox 718 3858 1417 3944; baseline -0.007 -1"><span class='ocrx_word' id='word_1_504' title='bbox 718 3865 868 3943; x_wconf 78' lang='lat' dir='ltr'><strong>bruun</strong></span> <span class='ocrx_word' id='word_1_505' title='bbox 894 3861 1179 3944; x_wconf 78' lang='lat' dir='ltr'><strong>vtdhstntts</strong></span> <span class='ocrx_word' id='word_1_506' title='bbox 1206 3858 1417 3940; x_wconf 76' lang='lat' dir='ltr'><strong>PRIMUS.</strong></span> 
     </span>
    </p>
   </div>
   <div class='ocr_carea' id='block_1_12' title="bbox 942 4048 1209 4073">
    <p class='ocr_par' dir='ltr' id='par_1_13' title="bbox 942 4048 1209 4073">
     <span class='ocr_line' id='line_1_39' title="bbox 942 4048 1209 4073; baseline -0.011 -2"><span class='ocrx_word' id='word_1_507' title='bbox 942 4048 1209 4073; x_wconf 45' lang='lat' dir='ltr'>m</span> 
     </span>
    </p>
   </div>
   <div class='ocr_carea' id='block_1_13' title="bbox 481 4153 1618 4348">
    <p class='ocr_par' dir='ltr' id='par_1_14' title="bbox 481 4153 1618 4348">
     <span class='ocr_line' id='line_1_40' title="bbox 504 4153 1578 4218; baseline -0.007 0"><span class='ocrx_word' id='word_1_508' title='bbox 504 4158 618 4218; x_wconf 79' lang='lat' dir='ltr'><strong>CAPUT</strong></span> <span class='ocrx_word' id='word_1_509' title='bbox 634 4157 779 4216; x_wconf 82' lang='lat' dir='ltr'><strong>Plilllliil.</strong></span> <span class='ocrx_word' id='word_1_510' title='bbox 1402 4153 1518 4213; x_wconf 77' lang='lat' dir='ltr'>CAPUT</span> <span class='ocrx_word' id='word_1_511' title='bbox 1534 4153 1578 4210; x_wconf 82' lang='grc' dir='ltr'><strong>ΙΙΙ.</strong></span> 
     </span>
     <span class='ocr_line' id='line_1_41' title="bbox 481 4234 1618 4348; baseline -0.005 -18"><span class='ocrx_word' id='word_1_512' title='bbox 481 4275 518 4330; x_wconf 85' lang='lat' dir='ltr'><strong>Dr</strong></span> <span class='ocrx_word' id='word_1_513' title='bbox 538 4275 646 4347; x_wconf 69' lang='lat' dir='ltr'><strong>sobmon</strong></span> <span class='ocrx_word' id='word_1_514' title='bbox 669 4276 808 4348; x_wconf 84' lang='lat' dir='ltr'><strong>parietum.</strong></span> <span class='ocrx_word' id='word_1_515' title='bbox 1215 4234 1219 4241; x_wconf 21' lang='grc' dir='ltr'>ι</span> <span class='ocrx_word' id='word_1_516' title='bbox 1360 4267 1400 4324; x_wconf 83' lang='lat' dir='ltr'><strong>De</strong></span> <span class='ocrx_word' id='word_1_517' title='bbox 1417 4267 1618 4324; x_wconf 79' lang='lat' dir='ltr'><strong>construetione.</strong></span> 
     </span>
    </p>
   </div>
   <div class='ocr_carea' id='block_1_14' title="bbox 280 4376 1985 4465">
    <p class='ocr_par' dir='ltr' id='par_1_15' title="bbox 280 4376 1985 4465">
     <span class='ocr_line' id='line_1_42' title="bbox 280 4376 1985 4465; baseline -0.005 -17"><span class='ocrx_word' id='word_1_518' title='bbox 280 4393 311 4450; x_wconf 92' lang='lat' dir='ltr'><strong>in</strong></span> <span class='ocrx_word' id='word_1_519' title='bbox 325 4392 436 4449; x_wconf 80' lang='lat' dir='ltr'><strong>lubricis</strong></span> <span class='ocrx_word' id='word_1_520' title='bbox 454 4393 587 4464; x_wconf 87' lang='lat' dir='ltr'><strong>parietum</strong></span> <span class='ocrx_word' id='word_1_521' title='bbox 606 4401 687 4465; x_wconf 88' lang='lat' dir='ltr'><strong>atque</strong></span> <span class='ocrx_word' id='word_1_522' title='bbox 700 4398 833 4447; x_wconf 88' lang='lat' dir='ltr'><strong>tectorum</strong></span> <span class='ocrx_word' id='word_1_523' title='bbox 846 4387 933 4447; x_wconf 85' lang='lat' dir='ltr'><strong>Graeci</strong></span> <span class='ocrx_word' id='word_1_524' title='bbox 947 4376 1080 4444; x_wconf 75' lang='lat' dir='ltr'><strong>insen-l)</strong></span> <span class='ocrx_word' id='word_1_525' title='bbox 1127 4379 1298 4437; x_wconf 80' lang='lat' dir='ltr'><strong>Constmctio</strong></span> <span class='ocrx_word' id='word_1_526' title='bbox 1320 4388 1363 4437; x_wconf 85' lang='lat' dir='ltr'><strong>est</strong></span> <span class='ocrx_word' id='word_1_527' title='bbox 1383 4379 1497 4437; x_wconf 88' lang='lat' dir='ltr'><strong>laterum</strong></span> <span class='ocrx_word' id='word_1_528' title='bbox 1511 4388 1539 4437; x_wconf 86' lang='lat' dir='ltr'><strong>et</strong></span> <span class='ocrx_word' id='word_1_529' title='bbox 1556 4379 1709 4439; x_wconf 88' lang='lat' dir='ltr'><strong>altitudinis</strong></span> <span class='ocrx_word' id='word_1_530' title='bbox 1731 4383 1888 4441; x_wconf 74' lang='lat' dir='ltr'><strong>aedilrcatic.</strong></span> <span class='ocrx_word' id='word_1_531' title='bbox 1984 4404 1985 4415; x_wconf 62' lang='lat'>2</span> 
     </span>
    </p>
   </div>
   <div class='ocr_carea' id='block_1_15' title="bbox 244 4469 1890 4637">
    <p class='ocr_par' dir='ltr' id='par_1_16' title="bbox 244 4469 1890 4637">
     <span class='ocr_line' id='line_1_43' title="bbox 244 4469 1889 4550; baseline -0.003 -12"><span class='ocrx_word' id='word_1_532' title='bbox 244 4479 334 4541; x_wconf 82' lang='lat' dir='ltr'><strong>xorem</strong></span> <span class='ocrx_word' id='word_1_533' title='bbox 349 4482 487 4539; x_wconf 82' lang='lat' dir='ltr'><strong>bedahm</strong></span> <span class='ocrx_word' id='word_1_534' title='bbox 498 4491 632 4537; x_wconf 87' lang='lat' dir='ltr'><strong>asserunt.</strong></span> <span class='ocrx_word' id='word_1_535' title='bbox 646 4478 702 4537; x_wconf 88' lang='lat' dir='ltr'><strong>lstc</strong></span> <span class='ocrx_word' id='word_1_536' title='bbox 717 4478 789 4535; x_wconf 87' lang='lat' dir='ltr'><strong>enirn</strong></span> <span class='ocrx_word' id='word_1_537' title='bbox 800 4478 904 4550; x_wconf 84' lang='lat' dir='ltr'><strong>primns</strong></span> <span class='ocrx_word' id='word_1_538' title='bbox 913 4475 1041 4533; x_wconf 84' lang='lat' dir='ltr'><strong>didicisse</strong></span> <span class='ocrx_word' id='word_1_539' title='bbox 1091 4469 1262 4529; x_wconf 87' lang='lat' dir='ltr'><strong>Constructio</strong></span> <span class='ocrx_word' id='word_1_540' title='bbox 1285 4483 1378 4529; x_wconf 86' lang='lat' dir='ltr'><strong>antem</strong></span> <span class='ocrx_word' id='word_1_541' title='bbox 1400 4473 1442 4529; x_wconf 85' lang='lat' dir='ltr'><strong>vei</strong></span> <span class='ocrx_word' id='word_1_542' title='bbox 1469 4474 1612 4530; x_wconf 85' lang='lat' dir='ltr'><strong>instructio</strong></span> <span class='ocrx_word' id='word_1_543' title='bbox 1632 4484 1738 4543; x_wconf 71' lang='lat' dir='ltr'><strong>vomu,</strong></span> <span class='ocrx_word' id='word_1_544' title='bbox 1761 4490 1798 4533; x_wconf 91' lang='lat' dir='ltr'><strong>eo</strong></span> <span class='ocrx_word' id='word_1_545' title='bbox 1817 4477 1889 4548; x_wconf 86' lang='lat' dir='ltr'><strong>quud</strong></span> 
     </span>
     <span class='ocr_line' id='line_1_44' title="bbox 248 4562 1890 4637; baseline -0.004 -6"><span class='ocrx_word' id='word_1_546' title='bbox 248 4574 378 4631; x_wconf 74' lang='lat' dir='ltr'><strong>fabricam</strong></span> <span class='ocrx_word' id='word_1_547' title='bbox 394 4589 410 4628; x_wconf 89' lang='lat' dir='ltr'><strong>a</strong></span> <span class='ocrx_word' id='word_1_548' title='bbox 425 4572 545 4629; x_wconf 82' lang='lat' dir='ltr'><strong>blinerna</strong></span> <span class='ocrx_word' id='word_1_549' title='bbox 559 4571 669 4628; x_wconf 88' lang='lat' dir='ltr'><strong>dicitur.</strong></span> <span class='ocrx_word' id='word_1_550' title='bbox 691 4568 795 4626; x_wconf 82' lang='lat' dir='ltr'><strong>Fabros</strong></span> <span class='ocrx_word' id='word_1_551' title='bbox 815 4578 905 4625; x_wconf 87' lang='lat' dir='ltr'><strong>autem</strong></span> <span class='ocrx_word' id='word_1_552' title='bbox 923 4566 980 4623; x_wconf 86' lang='lat' dir='ltr'><strong>sire</strong></span> <span class='ocrx_word' id='word_1_553' title='bbox 996 4580 1041 4619; x_wconf 90' lang='lat' dir='ltr'><strong>ar·</strong></span> <span class='ocrx_word' id='word_1_554' title='bbox 1091 4562 1235 4636; x_wconf 72' lang='lat' dir='ltr'><strong>instringat</strong></span> <span class='ocrx_word' id='word_1_555' title='bbox 1255 4571 1282 4620; x_wconf 91' lang='lat' dir='ltr'><strong>et</strong></span> <span class='ocrx_word' id='word_1_556' title='bbox 1303 4565 1442 4622; x_wconf 83' lang='lat' dir='ltr'><strong>cobaererc</strong></span> <span class='ocrx_word' id='word_1_557' title='bbox 1460 4564 1553 4632; x_wconf 88' lang='lat' dir='ltr'><strong>iaciat,</strong></span> <span class='ocrx_word' id='word_1_558' title='bbox 1569 4574 1600 4625; x_wconf 92' lang='lat' dir='ltr'><strong>ut</strong></span> <span class='ocrx_word' id='word_1_559' title='bbox 1621 4564 1847 4637; x_wconf 82' lang='lat' dir='ltr'><strong>lapides,lutnar</strong></span> <span class='ocrx_word' id='word_1_560' title='bbox 1860 4578 1890 4625; x_wconf 88' lang='lat' dir='ltr'><strong>et</strong></span> 
     </span>
    </p>
   </div>
   <div class='ocr_carea' id='block_1_16' title="bbox 247 4654 1985 4820">
    <p class='ocr_par' dir='ltr' id='par_1_17' title="bbox 247 4654 1985 4820">
     <span class='ocr_line' id='line_1_45' title="bbox 248 4654 1985 4732; baseline -0.003 -12"><span class='ocrx_word' id='word_1_561' title='bbox 248 4664 335 4721; x_wconf 81' lang='lat' dir='ltr'><strong>duces</strong></span> <span class='ocrx_word' id='word_1_562' title='bbox 357 4661 444 4719; x_wconf 86' lang='lat' dir='ltr'><strong>Graeci</strong></span> <span class='ocrx_word' id='word_1_563' title='bbox 462 4670 585 4718; x_wconf 68' lang='lat' dir='ltr'><strong>odones</strong></span> <span class='ocrx_word' id='word_1_564' title='bbox 606 4668 715 4723; x_wconf 80' lang='lat' dir='ltr'><strong>uocant,</strong></span> <span class='ocrx_word' id='word_1_565' title='bbox 733 4659 759 4714; x_wconf 93' lang='lat' dir='ltr'><strong>id</strong></span> <span class='ocrx_word' id='word_1_566' title='bbox 783 4667 826 4714; x_wconf 88' lang='lat' dir='ltr'><strong>est</strong></span> <span class='ocrx_word' id='word_1_567' title='bbox 851 4661 1039 4713; x_wconf 88' lang='lat' dir='ltr'><strong>instructores.</strong></span> <span class='ocrx_word' id='word_1_568' title='bbox 1091 4654 1192 4727; x_wconf 81' lang='lat' dir='ltr'><strong>lignum</strong></span> <span class='ocrx_word' id='word_1_569' title='bbox 1215 4656 1332 4713; x_wconf 81' lang='lat' dir='ltr'><strong>invicem</strong></span> <span class='ocrx_word' id='word_1_570' title='bbox 1354 4657 1416 4714; x_wconf 89' lang='lat' dir='ltr'><strong>sibi.</strong></span> <span class='ocrx_word' id='word_1_571' title='bbox 1442 4657 1510 4717; x_wconf 84' lang='lat' dir='ltr'><strong>Nam</strong></span> <span class='ocrx_word' id='word_1_572' title='bbox 1529 4658 1655 4717; x_wconf 83' lang='lat' dir='ltr'><strong>intinctio</strong></span> <span class='ocrx_word' id='word_1_573' title='bbox 1679 4657 1745 4717; x_wconf 83' lang='lat' dir='ltr'><strong>terri</strong></span> <span class='ocrx_word' id='word_1_574' title='bbox 1768 4661 1800 4717; x_wconf 91' lang='lat' dir='ltr'><strong>in</strong></span> <span class='ocrx_word' id='word_1_575' title='bbox 1818 4676 1888 4732; x_wconf 77' lang='lat' dir='ltr'><strong>anna</strong></span> <span class='ocrx_word' id='word_1_576' title='bbox 1984 4700 1985 4729; x_wconf 57' lang='lat'>2</span> 
     </span>
     <span class='ocr_line' id='line_1_46' title="bbox 247 4745 1985 4820; baseline -0.005 -7"><span class='ocrx_word' id='word_1_577' title='bbox 247 4756 395 4814; x_wconf 77' lang='lat' dir='ltr'><strong>Architecti</strong></span> <span class='ocrx_word' id='word_1_578' title='bbox 416 4764 505 4817; x_wconf 70' lang='lat' dir='ltr'><strong>auum</strong></span> <span class='ocrx_word' id='word_1_579' title='bbox 526 4752 691 4810; x_wconf 72' lang='lat' dir='ltr'><strong>cementarii</strong></span> <span class='ocrx_word' id='word_1_580' title='bbox 709 4749 840 4820; x_wconf 59' lang='lat' dir='ltr'><strong>sonandi</strong></span> <span class='ocrx_word' id='word_1_581' title='bbox 854 4750 998 4818; x_wconf 86' lang='lat' dir='ltr'><strong>disponunt</strong></span> <span class='ocrx_word' id='word_1_582' title='bbox 1013 4747 1039 4801; x_wconf 91' lang='lat' dir='ltr'><strong>in</strong></span> <span class='ocrx_word' id='word_1_583' title='bbox 1091 4745 1220 4801; x_wconf 87' lang='lat' dir='ltr'><strong>strictura</strong></span> <span class='ocrx_word' id='word_1_584' title='bbox 1240 4756 1291 4802; x_wconf 82' lang='lat' dir='ltr'><strong>est.</strong></span> <span class='ocrx_word' id='word_1_585' title='bbox 1317 4745 1375 4803; x_wconf 87' lang='lat' dir='ltr'><strong>Nisi</strong></span> <span class='ocrx_word' id='word_1_586' title='bbox 1395 4747 1468 4803; x_wconf 90' lang='lat' dir='ltr'><strong>enim</strong></span> <span class='ocrx_word' id='word_1_587' title='bbox 1494 4748 1613 4804; x_wconf 87' lang='lat' dir='ltr'><strong>candens</strong></span> <span class='ocrx_word' id='word_1_588' title='bbox 1635 4747 1765 4820; x_wconf 55' lang='lat' dir='ltr'><strong>ungatur,</strong></span> <span class='ocrx_word' id='word_1_589' title='bbox 1790 4749 1888 4820; x_wconf 70' lang='lat' dir='ltr'><strong>strirrgi</strong></span> <span class='ocrx_word' id='word_1_590' title='bbox 1984 4758 1985 4765; x_wconf 56' lang='lat'>¹</span> 
     </span>
    </p>
   </div>
   <div class='ocr_carea' id='block_1_17' title="bbox 246 4834 1886 5107">
    <p class='ocr_par' dir='ltr' id='par_1_18' title="bbox 246 4834 1886 5107">
     <span class='ocr_line' id='line_1_47' title="bbox 248 4834 1886 4921; baseline -0.008 -14"><span class='ocrx_word' id='word_1_591' title='bbox 248 4849 446 4915; x_wconf 86' lang='lat' dir='ltr'><strong>lundarnentis;</strong></span> <span class='ocrx_word' id='word_1_592' title='bbox 460 4848 531 4904; x_wconf 89' lang='lat' dir='ltr'><strong>unde</strong></span> <span class='ocrx_word' id='word_1_593' title='bbox 542 4857 573 4921; x_wconf 71' lang='lat' dir='ltr'><strong>et</strong></span> <span class='ocrx_word' id='word_1_594' title='bbox 583 4843 770 4915; x_wconf 78' lang='lat' dir='ltr'><strong>oposrotnsoe</strong></span> <span class='ocrx_word' id='word_1_595' title='bbox 783 4842 928 4913; x_wconf 88' lang='lat' dir='ltr'><strong>semetipso</strong></span> <span class='ocrx_word' id='word_1_596' title='bbox 939 4856 946 4895; x_wconf 76' lang='grc' dir='ltr'><strong>ε</strong></span> <span class='ocrx_word' id='word_1_597' title='bbox 957 4839 1040 4907; x_wconf 78' lang='lat' dir='ltr'><strong>Quasi</strong></span> <span class='ocrx_word' id='word_1_598' title='bbox 1090 4842 1118 4891; x_wconf 89' lang='lat' dir='ltr'><strong>et</strong></span> <span class='ocrx_word' id='word_1_599' title='bbox 1131 4834 1268 4891; x_wconf 88' lang='lat' dir='ltr'><strong>cohaerere</strong></span> <span class='ocrx_word' id='word_1_600' title='bbox 1290 4851 1342 4891; x_wconf 90' lang='lat' dir='ltr'><strong>non</strong></span> <span class='ocrx_word' id='word_1_601' title='bbox 1362 4844 1453 4906; x_wconf 83' lang='lat' dir='ltr'><strong>potest</strong></span> <span class='ocrx_word' id='word_1_602' title='bbox 1473 4835 1585 4892; x_wconf 78' lang='lat' dir='ltr'><strong>terrum.</strong></span> <span class='ocrx_word' id='word_1_603' title='bbox 1607 4835 1674 4893; x_wconf 87' lang='lat' dir='ltr'><strong>item</strong></span> <span class='ocrx_word' id='word_1_604' title='bbox 1689 4840 1886 4897; x_wconf 74' lang='lat' dir='ltr'><strong>eonsuuetioa</strong></span> 
     </span>
     <span class='ocr_line' id='line_1_48' title="bbox 246 4922 1884 5017; baseline -0.01 -16"><span class='ocrx_word' id='word_1_605' title='bbox 246 4944 360 5017; x_wconf 66' lang='lat' dir='ltr'><strong>romeos,</strong></span> <span class='ocrx_word' id='word_1_606' title='bbox 372 4940 470 5014; x_wconf 86' lang='lat' dir='ltr'><strong>inquit,</strong></span> <span class='ocrx_word' id='word_1_607' title='bbox 479 4938 635 4995; x_wconf 81' lang='lat' dir='ltr'><strong>architectos</strong></span> <span class='ocrx_word' id='word_1_608' title='bbox 646 4934 846 5006; x_wconf 71' lang='lat' dir='ltr'><strong>[undamentum</strong></span> <span class='ocrx_word' id='word_1_609' title='bbox 854 4932 929 5003; x_wconf 83' lang='lat' dir='ltr'><strong>posui</strong></span> <span class='ocrx_word' id='word_1_610' title='bbox 939 4930 965 5002; x_wconf 73' lang='lat' dir='ltr'><strong>ll</strong></span> <span class='ocrx_word' id='word_1_611' title='bbox 976 4928 1038 4984; x_wconf 79' lang='lat' dir='ltr'><strong>Cor.</strong></span> <span class='ocrx_word' id='word_1_612' title='bbox 1089 4922 1261 4980; x_wconf 86' lang='lat' dir='ltr'><strong>multitudine</strong></span> <span class='ocrx_word' id='word_1_613' title='bbox 1272 4924 1562 4997; x_wconf 81' lang='lat' dir='ltr'><strong>lapidnmetlignorum</strong></span> <span class='ocrx_word' id='word_1_614' title='bbox 1573 4926 1737 4993; x_wconf 89' lang='lat' dir='ltr'><strong>dicta,unde</strong></span> <span class='ocrx_word' id='word_1_615' title='bbox 1747 4936 1777 4983; x_wconf 89' lang='lat' dir='ltr'><strong>et</strong></span> <span class='ocrx_word' id='word_1_616' title='bbox 1786 4938 1884 4984; x_wconf 78' lang='lat' dir='ltr'><strong>strues</strong></span> 
     </span>
     <span class='ocr_line' id='line_1_49' title="bbox 246 5011 1886 5107; baseline -0.012 -14"><span class='ocrx_word' id='word_1_617' title='bbox 246 5035 301 5107; x_wconf 90' lang='grc' dir='ltr'>ιιι).</span> <span class='ocrx_word' id='word_1_618' title='bbox 319 5035 474 5092; x_wconf 85' lang='lat' dir='ltr'><strong>idachiones</strong></span> <span class='ocrx_word' id='word_1_619' title='bbox 488 5031 579 5087; x_wconf 89' lang='lat' dir='ltr'><strong>diotia</strong></span> <span class='ocrx_word' id='word_1_620' title='bbox 594 5025 741 5092; x_wconf 89' lang='lat' dir='ltr'><strong>machinis,</strong></span> <span class='ocrx_word' id='word_1_621' title='bbox 759 5024 786 5080; x_wconf 90' lang='lat' dir='ltr'><strong>in</strong></span> <span class='ocrx_word' id='word_1_622' title='bbox 802 5024 900 5093; x_wconf 90' lang='lat' dir='ltr'><strong>quibus</strong></span> <span class='ocrx_word' id='word_1_623' title='bbox 913 5023 1040 5079; x_wconf 89' lang='lat' dir='ltr'><strong>insistunt</strong></span> <span class='ocrx_word' id='word_1_624' title='bbox 1089 5011 1304 5069; x_wconf 67' lang='lat' dir='ltr'><strong>Alissdeileniffl</strong></span> <span class='ocrx_word' id='word_1_625' title='bbox 1314 5013 1550 5083; x_wconf 67' lang='lat' dir='ltr'><strong>aedisscalimtliud</strong></span> <span class='ocrx_word' id='word_1_626' title='bbox 1558 5016 1730 5073; x_wconf 91' lang='lat' dir='ltr'><strong>instauratio.</strong></span> <span class='ocrx_word' id='word_1_627' title='bbox 1745 5016 1886 5074; x_wconf 79' lang='lat' dir='ltr'><strong>Namedi·</strong></span> 
     </span>
    </p>
   </div>
   <div class='ocr_carea' id='block_1_18' title="bbox 246 5102 1886 5199">
    <p class='ocr_par' dir='ltr' id='par_1_19' title="bbox 246 5102 1886 5199">
     <span class='ocr_line' id='line_1_50' title="bbox 246 5102 1886 5199; baseline 0.005 -41"><span class='ocrx_word' id='word_1_628' title='bbox 246 5137 357 5199; x_wconf 52' lang='lat' dir='ltr'><strong>prom,</strong></span> <span class='ocrx_word' id='word_1_629' title='bbox 368 5125 537 5182; x_wconf 56' lang='lat' dir='ltr'><strong>,mmmm</strong></span> <span class='ocrx_word' id='word_1_630' title='bbox 552 5122 697 5195; x_wconf 47' lang='lat' dir='ltr'><strong>pappum·</strong></span> <span class='ocrx_word' id='word_1_631' title='bbox 1090 5102 1181 5161; x_wconf 90' lang='lat' dir='ltr'><strong>ilcatio</strong></span> <span class='ocrx_word' id='word_1_632' title='bbox 1199 5119 1270 5160; x_wconf 83' lang='lat' dir='ltr'><strong>nora</strong></span> <span class='ocrx_word' id='word_1_633' title='bbox 1282 5106 1449 5161; x_wconf 86' lang='lat' dir='ltr'><strong>constructio</strong></span> <span class='ocrx_word' id='word_1_634' title='bbox 1469 5116 1520 5163; x_wconf 83' lang='lat' dir='ltr'><strong>est.</strong></span> <span class='ocrx_word' id='word_1_635' title='bbox 1544 5109 1707 5165; x_wconf 81' lang='lat' dir='ltr'><strong>Instauratio</strong></span> <span class='ocrx_word' id='word_1_636' title='bbox 1722 5124 1802 5175; x_wconf 83' lang='lat' dir='ltr'><strong>nero,</strong></span> <span class='ocrx_word' id='word_1_637' title='bbox 1815 5110 1886 5180; x_wconf 78' lang='lat' dir='ltr'><strong>quod</strong></span> 
     </span>
    </p>
   </div>
   <div class='ocr_carea' id='block_1_19' title="bbox 558 5195 1887 5309">
    <p class='ocr_par' dir='ltr' id='par_1_20' title="bbox 558 5195 1887 5309">
     <span class='ocr_line' id='line_1_51' title="bbox 558 5195 1887 5309; baseline -0.012 -39"><span class='ocrx_word' id='word_1_638' title='bbox 558 5249 672 5309; x_wconf 61' lang='lat' dir='ltr'>CAPUT</span> <span class='ocrx_word' id='word_1_639' title='bbox 693 5249 725 5305; x_wconf 39' lang='lat' dir='ltr'><strong>u·</strong></span> <span class='ocrx_word' id='word_1_640' title='bbox 1090 5204 1231 5263; x_wconf 86' lang='lat' dir='ltr'><strong>reparatur</strong></span> <span class='ocrx_word' id='word_1_641' title='bbox 1249 5195 1388 5251; x_wconf 78' lang='lat' dir='ltr'><strong>adinstar</strong></span> <span class='ocrx_word' id='word_1_642' title='bbox 1406 5197 1514 5269; x_wconf 89' lang='lat' dir='ltr'><strong>prioris.</strong></span> <span class='ocrx_word' id='word_1_643' title='bbox 1536 5198 1604 5255; x_wconf 88' lang='lat' dir='ltr'><strong>Nam</strong></span> <span class='ocrx_word' id='word_1_644' title='bbox 1618 5201 1703 5255; x_wconf 84' lang='lat' dir='ltr'><strong>instar</strong></span> <span class='ocrx_word' id='word_1_645' title='bbox 1714 5209 1824 5257; x_wconf 67' lang='lat' dir='ltr'><strong>narres</strong></span> <span class='ocrx_word' id='word_1_646' title='bbox 1836 5215 1887 5272; x_wconf 86' lang='lat' dir='ltr'><strong>pro</strong></span> 
     </span>
    </p>
   </div>
   <div class='ocr_carea' id='block_1_20' title="bbox 1089 5284 1985 5356">
    <p class='ocr_par' dir='ltr' id='par_1_21' title="bbox 1089 5284 1985 5356">
     <span class='ocr_line' id='line_1_52' title="bbox 1089 5284 1985 5356; baseline 0.01 -16"><span class='ocrx_word' id='word_1_647' title='bbox 1089 5284 1263 5341; x_wconf 88' lang='lat' dir='ltr'><strong>similitudino</strong></span> <span class='ocrx_word' id='word_1_648' title='bbox 1281 5287 1426 5356; x_wconf 82' lang='lat' dir='ltr'><strong>ponebant.</strong></span> <span class='ocrx_word' id='word_1_649' title='bbox 1441 5287 1505 5345; x_wconf 90' lang='lat' dir='ltr'><strong>inde</strong></span> <span class='ocrx_word' id='word_1_650' title='bbox 1522 5298 1551 5345; x_wconf 86' lang='lat' dir='ltr'><strong>et</strong></span> <span class='ocrx_word' id='word_1_651' title='bbox 1572 5289 1725 5346; x_wconf 75' lang='lat' dir='ltr'><strong>Instaurare</strong></span> <span class='ocrx_word' id='word_1_652' title='bbox 1746 5291 1885 5347; x_wconf 81' lang='lat' dir='ltr'><strong>dicebaut·</strong></span> <span class='ocrx_word' id='word_1_653' title='bbox 1984 5312 1985 5317; x_wconf 48' lang='lat'>¹</span> 
     </span>
    </p>
   </div>
   <div class='ocr_carea' id='block_1_21' title="bbox 282 5364 1985 5549">
    <p class='ocr_par' dir='ltr' id='par_1_22' title="bbox 282 5364 1985 5549">
     <span class='ocr_line' id='line_1_53' title="bbox 526 5364 1985 5452; baseline -0.002 -15"><span class='ocrx_word' id='word_1_654' title='bbox 526 5364 565 5421; x_wconf 73' lang='lat'><strong>⁰0</strong></span> <span class='ocrx_word' id='word_1_655' title='bbox 579 5364 757 5437; x_wconf 62' lang='lat' dir='ltr'><strong>df⁸d⁰⁸⁵⁸i⁰²¹⁶·</strong></span> <span class='ocrx_word' id='word_1_656' title='bbox 1088 5376 1201 5434; x_wconf 89' lang='lat' dir='ltr'><strong>Constat</strong></span> <span class='ocrx_word' id='word_1_657' title='bbox 1223 5387 1314 5433; x_wconf 89' lang='lat' dir='ltr'><strong>autem</strong></span> <span class='ocrx_word' id='word_1_658' title='bbox 1336 5381 1504 5437; x_wconf 89' lang='lat' dir='ltr'><strong>constructio</strong></span> <span class='ocrx_word' id='word_1_659' title='bbox 1524 5378 1713 5444; x_wconf 84' lang='lat' dir='ltr'><strong>irrndamento,</strong></span> <span class='ocrx_word' id='word_1_660' title='bbox 1737 5379 1886 5452; x_wconf 83' lang='lat' dir='ltr'><strong>lapidibus.</strong></span> <span class='ocrx_word' id='word_1_661' title='bbox 1984 5400 1985 5407; x_wconf 39' lang='grc' dir='ltr'>ι</span> 
     </span>
     <span class='ocr_line' id='line_1_54' title="bbox 282 5468 1985 5549; baseline -0.004 -18"><span class='ocrx_word' id='word_1_662' title='bbox 282 5472 470 5534; x_wconf 79' lang='lat' dir='ltr'><strong>AEdiilciorunr</strong></span> <span class='ocrx_word' id='word_1_663' title='bbox 482 5485 574 5548; x_wconf 88' lang='lat' dir='ltr'><strong>partes</strong></span> <span class='ocrx_word' id='word_1_664' title='bbox 586 5483 650 5532; x_wconf 88' lang='lat' dir='ltr'><strong>sont</strong></span> <span class='ocrx_word' id='word_1_665' title='bbox 662 5483 717 5531; x_wconf 87' lang='lat' dir='ltr'><strong>tres</strong></span> <span class='ocrx_word' id='word_1_666' title='bbox 730 5492 737 5529; x_wconf 78' lang='grc' dir='ltr'><strong>ι</strong></span> <span class='ocrx_word' id='word_1_667' title='bbox 749 5472 900 5545; x_wconf 86' lang='lat' dir='ltr'><strong>dispositio,</strong></span> <span class='ocrx_word' id='word_1_668' title='bbox 915 5483 1039 5529; x_wconf 90' lang='lat' dir='ltr'><strong>constru·</strong></span> <span class='ocrx_word' id='word_1_669' title='bbox 1088 5468 1172 5533; x_wconf 84' lang='lat' dir='ltr'><strong>calce,</strong></span> <span class='ocrx_word' id='word_1_670' title='bbox 1187 5484 1270 5523; x_wconf 88' lang='lat' dir='ltr'><strong>arena</strong></span> <span class='ocrx_word' id='word_1_671' title='bbox 1290 5479 1318 5524; x_wconf 90' lang='lat' dir='ltr'><strong>ct</strong></span> <span class='ocrx_word' id='word_1_672' title='bbox 1339 5471 1428 5544; x_wconf 80' lang='lat' dir='ltr'><strong>lignis.</strong></span> <span class='ocrx_word' id='word_1_673' title='bbox 1449 5472 1665 5528; x_wconf 83' lang='lat' dir='ltr'><strong>Fundamentum</strong></span> <span class='ocrx_word' id='word_1_674' title='bbox 1684 5473 1800 5537; x_wconf 86' lang='lat' dir='ltr'><strong>dictum,</strong></span> <span class='ocrx_word' id='word_1_675' title='bbox 1812 5469 1887 5542; x_wconf 77' lang='lat' dir='ltr'><strong>quod</strong></span> <span class='ocrx_word' id='word_1_676' title='bbox 1984 5544 1985 5549; x_wconf 7' lang='grc' dir='ltr'>ἵ</span> 
     </span>
    </p>
   </div>
   <div class='ocr_carea' id='block_1_22' title="bbox 248 5558 1986 5735">
    <p class='ocr_par' dir='ltr' id='par_1_23' title="bbox 248 5558 1986 5735">
     <span class='ocr_line' id='line_1_55' title="bbox 248 5558 1986 5645; baseline -0.007 -17"><span class='ocrx_word' id='word_1_677' title='bbox 248 5573 463 5639; x_wconf 85' lang='lat' dir='ltr'><strong>etio,venustas.</strong></span> <span class='ocrx_word' id='word_1_678' title='bbox 484 5574 629 5645; x_wconf 85' lang='lat' dir='ltr'><strong>Dispositio</strong></span> <span class='ocrx_word' id='word_1_679' title='bbox 640 5580 683 5630; x_wconf 91' lang='lat' dir='ltr'><strong>est</strong></span> <span class='ocrx_word' id='word_1_680' title='bbox 696 5586 767 5627; x_wconf 73' lang='lat' dir='ltr'><strong>arca</strong></span> <span class='ocrx_word' id='word_1_681' title='bbox 785 5569 827 5626; x_wconf 84' lang='lat' dir='ltr'><strong>uel</strong></span> <span class='ocrx_word' id='word_1_682' title='bbox 839 5568 888 5625; x_wconf 90' lang='lat' dir='ltr'><strong>soli</strong></span> <span class='ocrx_word' id='word_1_683' title='bbox 903 5577 931 5626; x_wconf 90' lang='lat' dir='ltr'><strong>et</strong></span> <span class='ocrx_word' id='word_1_684' title='bbox 943 5567 1039 5627; x_wconf 85' lang='lat' dir='ltr'><strong>inoda—</strong></span> <span class='ocrx_word' id='word_1_685' title='bbox 1087 5560 1186 5617; x_wconf 89' lang='lat' dir='ltr'><strong>luodus</strong></span> <span class='ocrx_word' id='word_1_686' title='bbox 1206 5558 1241 5616; x_wconf 90' lang='lat' dir='ltr'><strong>sit</strong></span> <span class='ocrx_word' id='word_1_687' title='bbox 1258 5560 1377 5617; x_wconf 82' lang='lat' dir='ltr'><strong>aedilicii.</strong></span> <span class='ocrx_word' id='word_1_688' title='bbox 1398 5563 1470 5619; x_wconf 88' lang='lat' dir='ltr'><strong>idem</strong></span> <span class='ocrx_word' id='word_1_689' title='bbox 1491 5573 1518 5619; x_wconf 87' lang='lat' dir='ltr'><strong>ct</strong></span> <span class='ocrx_word' id='word_1_690' title='bbox 1541 5574 1733 5621; x_wconf 84' lang='lat' dir='ltr'><strong>caeorentuma</strong></span> <span class='ocrx_word' id='word_1_691' title='bbox 1754 5561 1886 5620; x_wconf 77' lang='lat' dir='ltr'><strong>caedendo</strong></span> <span class='ocrx_word' id='word_1_692' title='bbox 1984 5584 1986 5599; x_wconf 54' lang='grc' dir='ltr'><strong>ι</strong></span> 
     </span>
     <span class='ocr_line' id='line_1_56' title="bbox 248 5651 1985 5735; baseline -0.006 -20"><span class='ocrx_word' id='word_1_693' title='bbox 248 5671 402 5721; x_wconf 80' lang='lat' dir='ltr'><strong>mentorum</strong></span> <span class='ocrx_word' id='word_1_694' title='bbox 415 5664 570 5735; x_wconf 77' lang='lat' dir='ltr'><strong>descriptio,</strong></span> <span class='ocrx_word' id='word_1_695' title='bbox 1088 5653 1200 5716; x_wconf 88' lang='lat' dir='ltr'><strong>dictunr,</strong></span> <span class='ocrx_word' id='word_1_696' title='bbox 1216 5651 1289 5719; x_wconf 83' lang='lat' dir='ltr'><strong>quod</strong></span> <span class='ocrx_word' id='word_1_697' title='bbox 1303 5667 1374 5709; x_wconf 84' lang='lat' dir='ltr'><strong>caeso</strong></span> <span class='ocrx_word' id='word_1_698' title='bbox 1386 5652 1474 5726; x_wconf 87' lang='lat' dir='ltr'><strong>lapide</strong></span> <span class='ocrx_word' id='word_1_699' title='bbox 1488 5665 1593 5728; x_wconf 77' lang='lat' dir='ltr'><strong>surgat.</strong></span> <span class='ocrx_word' id='word_1_700' title='bbox 1609 5655 1646 5711; x_wconf 81' lang='lat' dir='ltr'><strong>bo</strong></span> <span class='ocrx_word' id='word_1_701' title='bbox 1661 5656 1775 5730; x_wconf 70' lang='lat' dir='ltr'><strong>crostica</strong></span> <span class='ocrx_word' id='word_1_702' title='bbox 1791 5662 1885 5710; x_wconf 80' lang='lat' dir='ltr'><strong>autern</strong></span> <span class='ocrx_word' id='word_1_703' title='bbox 1984 5662 1985 5715; x_wconf 69' lang='lat'>1</span> 
     </span>
    </p>
   </div>
   <div class='ocr_carea' id='block_1_23' title="bbox 0 0 2026 6198">
    <p class='ocr_par' dir='ltr' id='par_1_24' title="bbox 0 0 2026 6198">
     <span class='ocr_line' id='line_1_57' title="bbox 0 0 2026 6198; baseline 0 0"><span class='ocrx_word' id='word_1_704' title='bbox 0 0 2026 6198; x_wconf 95' lang='lat' dir='ltr'><strong> </strong></span> 
     </span>
    </p>
   </div>
  </div>
 </body>
</html>
