4042 6200
180 342 235 398 835
509 331 540 388 B.
560 327 686 388 tulliam
704 327 814 388 uetiti
832 322 991 385 ducitur.
1012 318 1167 384 ducunt.
1186 317 1330 378 ornauit
1346 318 1437 376 PARS
1456 318 1487 376 lt.
1760 317 1814 375 251ss

181 469 255 517 nem,
264 460 345 524 atque
357 449 534 522 inducentem
547 446 637 503 redire
650 444 851 516 perhibeantur.
861 439 971 496 larrium
985 443 1010 504 Α
1023 436 1092 496 costi
1104 433 1240 507 peduculi,
1251 433 1364 505 pulices,
1379 431 1482 499 lendix,
1498 439 1605 486 tarmus
1616 429 1731 497 rlelnm,
1742 427 1814 497 ast..

180 557 337 618 serpentum
366 543 471 599 cautim
504 547 712 609 nuncupantur,
746 551 779 592 co
811 535 882 606 quod
919 533 972 600 bis,
1024 528 1122 584 cimex.
1138 524 1343 590 llemieraneus,
1359 523 1461 579 vermis
1474 521 1572 594 eapitis
1588 531 1711 578 rocamr.
1735 520 1819 578 imira-

181 640 290 712 quandn
314 645 469 702 senescunt,
498 649 559 691 sese
582 641 697 695 eruunt,
723 630 823 702 quibus
846 627 923 684 eruti
947 626 974 680 in
1024 616 1320 675 bricusintoatinornm
1333 614 1429 678 dietus,
1444 614 1523 683 quasi
1537 612 1681 678 lumbicus,
1695 611 1760 683 qnia
1775 611 1820 668 ln·

181 730 318 802 iuuentam
346 727 468 783 redeunt.
488 724 620 780 Dicuntur
639 723 710 778 enim
732 720 836 776 esurire
850 728 877 775 ct
895 718 975 773 indu·
1025 710 1109 776 bitur,
1122 707 1164 765 rel
1177 707 1250 779 quod
1270 707 1298 763 in
1318 706 1417 763 lumbis
1431 705 1478 761 sit
1493 704 1632 762 emorita
1650 707 1720 762 casti
1734 707 1821 777 pedu·

182 822 243 888 rim,
260 822 325 892 quia
345 828 481 876 exuuntur
497 826 525 873 et
539 816 697 871 induuntur.
723 812 891 885 Pythagoras
900 811 974 875 dicit,
1026 801 1091 867 culi,
1104 815 1212 856 termes
1224 799 1295 856 cutis
1312 797 1452 870 apodians
1471 796 1547 852 dicti.
1564 794 1641 852 Unde
1660 805 1689 852 et
1701 798 1821 867 pedatu·

186 911 218 968 dc
231 911 348 967 medulla
359 906 666 978 onntmsmorcutqun
678 905 705 961 in
719 905 796 977 spina
807 910 978 973 estscrpen·
1026 892 1079 949 lusi
1098 892 1236 958 dicuntur,
1261 890 1361 962 quibus
1383 887 1508 958 peduculi
1532 887 1560 942 in
1579 902 1693 958 corpore
1707 886 1820 944 ciierre·

186 1014 239 1058 tcm
254 1001 352 1058 creari.
371 999 448 1069 Quod
461 998 543 1055 ctiam
556 996 668 1054 bridius
681 995 709 1051 in
724 993 978 1064 lictamorplroscon
1027 991 1117 1041 scum.
1139 979 1245 1039 Puboes
1269 996 1336 1038 uero
1356 980 1446 1037 vocati
1472 986 1545 1046 sunt,
1561 980 1635 1049 quod
1653 994 1688 1036 ex
1711 979 1821 1050 putrere

186 1093 467 1150 libriscommnmorat
477 1090 588 1145 dicens:
1029 1075 1116 1147 magis
1139 1073 1305 1129 nutriantur.
1334 1071 1435 1128 Lendix
1458 1069 1551 1137 idern,
1576 1070 1648 1141 quod
1676 1079 1780 1125 tarmus
1804 1084 1820 1123 a

846 1195 938 1262 [m
1029 1166 1116 1222 lende.
1129 1164 1246 1222 Tarmns
1257 1162 1359 1220 vermis
1371 1170 1414 1218 cat
1422 1161 1502 1217 lardi.
1512 1161 1627 1217 llicinus
1637 1161 1736 1216 vermis
1746 1160 1823 1218 catria

251 1267 317 1317 liuta
349 1267 451 1316 medani
460 1264 577 1314 bonanus
591 1275 672 1325 angue
682 1261 811 1312 medullas.
1030 1265 1142 1314 recatus
1154 1271 1196 1321 co,
1210 1254 1284 1327 quod
1313 1253 1349 1311 sit
1362 1253 1390 1308 in
1406 1252 1517 1308 auribus
1531 1249 1738 1308 annumerans
1750 1251 1822 1306 cuim

188 1365 303 1436 Quodsi
319 1365 448 1431 creditur,
469 1363 567 1421 merito
584 1364 675 1419 evenit
692 1381 700 1417 ι
717 1369 748 1418 nt
765 1361 837 1418 sicut
853 1374 904 1432 per
924 1374 982 1417 scr·
1031 1348 1124 1422 Graeee
1137 1346 1214 1404 mitis
1226 1354 1278 1402 etl·
1305 1343 1369 1403 uua
1391 1352 1435 1400 ess
1453 1341 1555 1400 vermis
1575 1341 1664 1414 porci,
1678 1341 1823 1414 oppdum,

189 1468 298 1529 pentem
316 1470 391 1512 mors
408 1454 527 1511 bominis
542 1470 550 1509 ς
567 1453 606 1509 ira
626 1461 656 1509 er
678 1450 797 1508 hominis
814 1457 903 1506 mone
924 1463 983 1506 sep.
1032 1437 1096 1511 quia
1109 1435 1173 1491 urit.
1188 1433 1255 1490 Nam
1268 1432 1314 1489 ubi
1333 1431 1520 1498 momorderit,
1533 1431 1601 1487 adeo
1614 1430 1690 1488 locus
1704 1431 1777 1496 noter,
1795 1440 1823 1485 ut

190 1563 268 1621 pens.
282 1546 492 1616 Ferturautem,
508 1543 580 1617 quod
593 1557 707 1615 serpens
719 1540 857 1597 bominem
878 1539 982 1595 nudum
1033 1530 1071 1587 ibi
1092 1528 1190 1585 vesicae
1215 1526 1291 1582 bant.
1315 1523 1411 1581 Cimex
1432 1523 1655 1582 dosimilitudlne
1684 1522 1824 1594 caltulam

193 1656 248 1697 nou
265 1639 301 1696 sit
314 1653 398 1696 ausus
416 1637 586 1709 contingere.
610 1633 734 1692 Prudens
750 1633 847 1700 lector,
868 1630 984 1703 cognitis
1034 1619 1128 1677 1¹0le
1139 1625 1261 1684 vocatus,
1273 1613 1351 1688 cuius
1362 1612 1486 1671 intorem
1500 1614 1591 1669 babet
1607 1611 1720 1684 Proprie
1734 1622 1826 1670 autem

189 1730 236 1792 bis
254 1728 420 1801 serpentium
441 1726 586 1799 generibus
602 1733 684 1796 atque
699 1722 851 1790 effectibus,
876 1720 984 1793 quando
1034 1712 1135 1768 vermis
1151 1709 1181 1766 in
1194 1707 1336 1780 putredine
1350 1705 1442 1762 carnis
1453 1703 1584 1760 nascitur.
1601 1701 1685 1760 'linea
1702 1704 1732 1759 in
1746 1704 1828 1761 resti·

193 1820 228 1876 de
250 1818 293 1874 eis
310 1816 338 1872 in
358 1816 507 1888 Scripturls
525 1814 610 1887 legas,
636 1827 690 1871 non
710 1822 737 1870 te
755 1813 846 1885 pigeat
869 1818 982 1875 tentare,
999 1803 1147 1869 Bmentis,
1167 1815 1249 1858 erum
1270 1799 1298 1856 in
1317 1798 1404 1864 olere,
1423 1797 1519 1854 teredo
1536 1796 1564 1851 in
1579 1796 1663 1868 ligno,
1681 1804 1785 1853 tamnus
1800 1797 1827 1852 in

186 1913 217 1969 si
236 1911 345 1984 aliquid·
359 1909 446 1983 possis
472 1908 500 1965 in
524 1906 674 1980 spiritalem
696 1921 806 1963 sensum
829 1904 892 1962 inde
915 1903 987 1959 redo
1037 1893 1124 1950 lardo.
1139 1890 1246 1950 vermis
1259 1904 1329 1958 non,
1345 1897 1378 1945 nt
1391 1902 1513 1961 serpeus,
1532 1888 1636 1959 apertis
1648 1889 1773 1957 pontem
1787 1889 1828 1946 rcl

192 2017 270 2074 gero.
1036 1998 1211 2057 upuarnarum
1234 1981 1340 2038 nisibus
1358 1981 1440 2051 repit,
1465 1978 1529 2051 guda
1549 1994 1605 2036 noa
1623 1978 1723 2036 catilli
1744 1980 1830 2050 spina

499 2088 612 2148 CAPUT
638 2089 682 2146 li.
1037 2076 1122 2148 rigor,
1144 2081 1175 2130 ut
1199 2071 1313 2138 colubri,
1332 2069 1477 2130 scilicetin
1502 2069 1635 2127 dimotum
1663 2069 1765 2127 corculi
1784 2071 1830 2144 pui

492 2180 532 2236 lle
549 2180 687 2236 mnoitna
1037 2175 1130 2241 partes
1153 2163 1289 2238 gradatim
1312 2161 1499 2236 porrigendo,
1536 2169 1692 2218 contractas
1718 2169 1830 2244 eontra·

233 2276 339 2334 vermis
351 2283 395 2333 est
412 2272 514 2329 animal
533 2271 606 2345 quod
623 2270 783 2343 plerumque
803 2286 888 2328 carne
900 2271 943 2326 rel
954 2271 989 2326 de
1038 2257 1139 2322 11011110,
1153 2265 1294 2327 porrectas
1314 2261 1418 2324 motum
1449 2251 1578 2324 explicat,
1597 2251 1692 2324 sicque
1713 2254 1831 2326 agitatus

167 2388 171 2394 ·
195 2370 269 2442 ligno
278 2369 322 2428 rel
332 2368 536 2440 &quacunque
547 2379 579 2420 re
592 2373 699 2421 terrena
710 2363 768 2422 sine
778 2363 833 2420 ullo
843 2362 988 2420 muctabitur
1038 2349 1199 2423 lethblull'·
1227 2346 1335 2405 Velmiss
1347 2356 1439 2403 ‘ultim
1453 2345 1567 2418 ΨΜ)
1578 2344 1705 2403 cmm
1714 2359 1765 2418 pro
1778 2346 1831 2401 ΙΝ·

192 2459 327 2533 gignitur,
347 2458 411 2514 linet
435 2469 628 2526 nonnunquam
650 2462 679 2509 et
702 2453 736 2509 de
757 2453 817 2509 nris
831 2463 988 2517 nascantur,
1038 2441 1156 2501 militm
1168 2441 1300 2512 “inmitti
1321 2440 1439 2496 hfflssissit
1453 2438 1566 2512 inlelllssi
1581 2447 1682 2510 wiell,
1695 2448 1727 2495 ¹¹¹
1739 2447 1783 2495 ὅ)
1795 2439 1830 2494 ὓ·
1850 2514 1856 2524 ,

189 2535 268 2608 ’sietd
292 2548 410 2621 scorpio.
435 2547 506 2604 Sunt
528 2555 620 2602 autem
633 2559 740 2601 recures
762 2553 809 2599 ant
831 2553 922 2610 terrae,
941 2553 991 2599 aut
1040 2534 1087 2592 lud
1100 2533 1333 2606 iuPsalmorngo
1349 2549 1407 2589 aum
1430 2533 1523 2589 mantia
1539 2541 1565 2586 et
1579 2548 1632 2590 aaa
1650 2531 1728 2587 bomo
1742 2528 1831 2603 (rat

200 2656 289 2714 aquae,
303 2646 351 2695 aut
366 2638 450 2706 aeris,
464 2644 511 2693 aut
523 2636 657 2702 carnium,
674 2642 729 2690 auti
739 2632 885 2701 frondium,
899 2641 947 2689 aut
958 2632 991 2689 ii·
1022 2625 1110 2701 -xar).
1146 2626 1202 2683 Aut
1227 2624 1357 2684 memoria
1384 2623 1468 2680 animi
1497 2623 1650 2695 peccatoria
1679 2622 1708 2678 in
1733 2621 1831 2678 irtierei

198 2744 325 2804 gnarum,
340 2726 633 2784 autrcstimentorum.
656 2721 774 2804 branca,
788 2722 889 2780 vermis
905 2722 989 2790 acris,
1041 2733 1121 2790 parua
1138 2716 1287 2781 constituti,
1303 2716 1338 2774 dc
1353 2731 1408 2787 quo
1422 2716 1554 2786 scriptum
1576 2723 1643 2774 esta
1668 2713 1770 2771 Verania
1785 2731 1833 2770 eo·

197 2825 235 2880 ab
244 2820 319 2888 ,aeris
338 2819 503 2876 nutrimento
520 2815 718 2887 cognominata,
737 2815 800 2885 quia
815 2814 911 2886 exigno
928 2829 990 2871 cor·
1041 2828 1101 2867 ιιιιιι
1122 2827 1176 2867 aon
1199 2811 1335 2876 morietur,
1360 2820 1384 2865 et
1410 2809 1477 2881 ignia
1502 2823 1554 2864 nna
1567 2809 1749 2880 exstirparetur
1763 2806 1832 2879 (lan.

191 2927 266 2990 porc
292 2911 370 2983 longa
394 2908 440 2965 tila
456 2907 583 2974 deducit,
604 2916 633 2964 et
657 2906 718 2963 telae
744 2922 851 2978 semper
874 2907 990 2974 intenta,
1042 2900 1126 2976 ιιιι)
1138 2900 1244 2958 dranea
1256 2916 1321 2958 reru
1332 2901 1478 2956 humanam
1493 2898 1667 2971 fragilitatem
1686 2897 1832 2970 signidem.

200 3019 339 3075 nortonam
358 3002 457 3060 desinit
476 3001 610 3067 laborare,
627 3009 787 3072 perpetuum
807 2999 946 3056 sustinens
962 3000 992 3055 ln
1044 2994 1122 3051 llnde
1134 2995 1176 3050 cst
1190 2992 1255 3049 illud
1276 2989 1441 3050 inPralmo:
1458 2992 1490 3050 lit
1503 2992 1634 3049 tubmeere
1652 2992 1748 3064 smmi,
1765 2992 1833 3047 sicat

200 3111 250 3153 sua
265 3102 324 3151 arte
337 3092 518 3166 dispendium.
535 3090 713 3165 Sanguisugn,
730 3090 832 3148 termis
853 3090 990 3163 aquatilis,
1044 3101 1180 3149 araneum,
1193 3085 1310 3141 minoem
1324 3083 1383 3157 ejas
1395 3082 1481 3158 (Prot.
1499 3082 1626 3156 ιιιιιιιιι).
1649 3084 1756 3141 branca
1769 3095 1835 3139 rere

201 3188 286 3253 dicta,
298 3187 370 3259 quod
389 3185 547 3257 sangninem
562 3184 643 3256 sugit.
665 3182 824 3241 Potantibus
836 3184 908 3239 erim
923 3184 991 3240 insi·
1005 3151 1029 3215 C
1044 3191 1143 3247 culpus
1157 3174 1238 3231 babel
1254 3182 1343 3240 lenite,
1358 3175 1387 3230 in
1396 3184 1469 3230 lem
1479 3188 1533 3229 ¹10ss
1546 3174 1660 3242 hillidii.
1673 3173 1719 3231 δᾶ]
1732 3186 1781 3245 per
1793 3171 1836 3228 ¹⁰·

200 3279 301 3335 diatur.
317 3276 440 3348 Cumque
451 3274 551 3331 labitur
565 3274 698 3339 saucibus,
714 3273 755 3330 rel
768 3274 814 3330 ubi
827 3274 931 3345 uspiam
947 3274 996 3331 ad-
1044 3282 1077 3323 ea
1091 3266 1186 3322 altiora
1204 3266 1273 3325 telas
1284 3267 1414 3337 quautam
1435 3262 1593 3323 tenuissima
1609 3266 1747 3324 viscerum
1760 3267 1836 3341 dige-

196 3371 349 3439 bnreseit,
372 3370 531 3443 sangninem
546 3370 654 3434 haurit,
672 3377 700 3425 et
716 3383 778 3425 cunr
799 3367 884 3426 nimio
898 3384 995 3427 enm
1046 3360 1133 3416 etimne
1147 3358 1268 3441 conterit
1280 3377 1286 3414 :
1299 3358 1371 3415 siem
1381 3366 1410 3414 et
1427 3373 1443 3413 a
1461 3358 1623 3429 qubusdam
1639 3359 1777 3416 vermibus
1789 3375 1834 3417 se-

195 3460 351 3527 ,maduppjg
364 3460 476 3526 evomit,
489 3459 561 3530 quod
575 3458 665 3517 hangio
682 3476 689 3513 :
715 3458 751 3514 ira
769 3468 799 3514 nr
816 3458 994 3516 mojorem
1045 3448 1132 3506 riuum
1146 3449 1245 3505 dicitnr
1257 3448 1383 3505 exsiliari.
1403 3448 1473 3504 liulc
1484 3464 1551 3520 ergo
1563 3449 1664 3522 exiguo
1675 3450 1836 3521 corpuscula

201 3552 293 3609 detrun
315 3557 406 3622 sugat.
429 3548 592 3615 cantarida,
606 3547 707 3605 vermis
724 3557 858 3615 terrenus,
872 3547 919 3617 qui
932 3562 994 3605 cum
1045 3550 1121 3597 recte
1145 3540 1318 3598 convertier
1340 3538 1543 3599 ablictianima
1566 3550 1836 3612 comparatumque

208 3642 328 3707 bunrpno
346 3636 453 3709 corpori
474 3636 557 3694 luerit
574 3637 738 3708 applicatus,
760 3637 852 3692 statim
879 3637 921 3695 sui
947 3638 994 3693 ad
1044 3632 1132 3705 longis
1154 3632 1388 3690 obseriatinnibus
1402 3631 1552 3703 uigiliisque
1573 3631 1713 3704 irrigatur,
1726 3641 1836 3689 terrena

205 3729 313 3786 usdone
325 3728 430 3783 resicas
442 3723 738 3798 lacitplenasbumore.
750 3726 885 3799 liuttipes,
893 3728 994 3785 vermis
1045 3727 1186 3793 deserens,
1204 3725 1395 3782 subtilissimas
1409 3725 1581 3795 operationes
1593 3723 1722 3783 virtutum
1744 3725 1836 3783 diuino

205 3829 343 3885 terrenus,
363 3831 396 3873 er
416 3816 590 3874 multitudine
613 3819 712 3889 pedum
729 3826 850 3883 roratur,
865 3817 911 3889 qui
926 3832 994 3874 con·
1046 3817 1143 3875 timore
1156 3814 1304 3873 vivificatas
1314 3813 1406 3872 edicit.
1420 3813 1484 3870 Post
1495 3816 1553 3872 brec
1566 3815 1710 3871 reuertitur
1723 3814 1758 3871 ad
1771 3813 1837 3871 titul

205 3917 311 3966 tractus
325 3909 352 3963 in
370 3907 477 3981 globum
501 3906 688 3980 complicatur,
709 3908 831 3967 nascitur
848 3909 899 3966 sub
910 3909 994 3981 petris
1045 3922 1102 3963 sum
1113 3905 1303 3979 propositionis
1318 3905 1434 3971 initium,
1447 3903 1581 3978 nonlicet
1594 3905 1760 3976 increpetur,
1772 3904 1838 3962 lieet

205 4015 239 4056 ex
261 4000 379 4056 humore
403 4007 431 4056 et
451 4007 535 4053 terra.
560 3995 667 4068 Limax,
690 3999 792 4055 vermis
812 3998 880 4066 limi,
894 3998 994 4066 dictus,
1045 3996 1166 4064 tabefiat,
1189 4006 1279 4055 tamon
1292 3997 1437 4070 fragilitate
1450 3997 1613 4053 humanitati
1631 3996 1733 4054 scilieet
1748 3997 1838 4055 direr-

206 4088 280 4160 qnod
300 4087 326 4143 in
340 4088 405 4144 limo
418 4086 461 4144 rel
473 4086 508 4144 de
525 4086 591 4144 limo
604 4096 741 4144 nascamr.
758 4086 835 4146 Unde
846 4096 875 4145 et
885 4090 994 4147 sordida
1046 4104 1138 4147 sarum
1161 4089 1295 4145 uarietate
1321 4086 1497 4144 confunditur
1527 4088 1733 4167 adversitatum.
1767 4086 1836 4144 item

204 4193 313 4249 semper
331 4187 359 4235 et
373 4177 511 4235 immunda
533 4177 656 4235 babetur.
678 4176 840 4251 Bombyces,
858 4177 994 4236 irondium
1046 4195 1147 4239 aranea
1169 4178 1292 4236 iraudcm
1303 4179 1404 4237 diaboli
1417 4180 1550 4251 designat,
1563 4190 1594 4237 ut
1614 4184 1642 4239 in
1658 4180 1726 4236 laaia
1739 4196 1746 4233 :
1761 4179 1838 4235 lelna

204 4285 330 4335 uermes,
350 4283 384 4325 ex
407 4267 484 4339 cujus
503 4276 611 4325 textura
629 4267 819 4342 bombycinum
841 4270 992 4328 coniicitur.
1046 4289 1152 4329 aranee
1169 4282 1307 4329 texuerunt
1325 4271 1412 4346 (mot.
1437 4272 1840 4346 rix).8ang11tsugsrerodta-

204 4359 364 4430 dppeilatus
385 4368 476 4419 autem
490 4360 542 4415 boc
559 4358 669 4416 nomine
686 4361 721 4417 ab
734 4375 778 4427 co,
791 4362 864 4434 quod
881 4377 996 4421 evacue-
1045 4363 1125 4421 boius
1138 4370 1189 4420 ost.
1206 4362 1284 4421 Unde
1296 4370 1338 4421 est
1351 4363 1416 4421 illud
1431 4362 1459 4418 in
1473 4362 1649 4421 Prorerbiia:
1663 4363 1839 4435 Sanputaapnr

203 4458 265 4514 tur,
288 4446 332 4502 dia
357 4456 488 4520 generat,
522 4454 550 4504 ct
571 4463 620 4505 aer
641 4447 716 4507 solus
737 4449 765 4505 in
789 4463 822 4506 ea
844 4460 993 4509 remaneat
1046 4455 1107 4511 decr
1129 4464 1189 4509 aunt
1205 4454 1281 4525 filice,
1302 4454 1416 4510 dieentes
1435 4470 1446 4508 .·
1463 4455 1547 4525 dffer,
1568 4454 1636 4525 affer
1654 4453 1745 4528 (Pron.
1759 4453 1838 4526 asa).

175 4584 177 4589 ⁴
204 4538 305 4604 Ernca,
324 4536 461 4594 frondium
475 4541 584 4606 termis,
600 4540 627 4598 in
641 4540 702 4599 olus
714 4540 756 4597 rel
773 4541 994 4614 pampinorum·
1049 4545 1153 4602 Diaboli
1176 4560 1241 4617 ergo
1262 4544 1324 4602 illim
1344 4554 1407 4602 sunt
1427 4544 1533 4601 luxuria
1554 4553 1582 4601 et
1603 4544 1727 4612 auaritia,
1740 4544 1841 4616 qudam

204 4629 275 4693 luta,
289 4630 323 4684 ab
337 4629 473 4686 erodendo
493 4631 575 4688 dicta.
602 4628 641 4689 be
656 4649 711 4704 quo
729 4633 854 4691 meminit
866 4632 993 4693 Plautus:
1049 4636 1271 4708 sanguinolentus
1303 4636 1391 4693 bostis
1416 4637 1565 4693 burnanum
1596 4651 1682 4710 genus
1715 4635 1839 4694 infestat.

208 4737 219 4771 ι
241 4718 364 4775 imitatus
380 4735 497 4791 nequam
512 4721 627 4778 bestiam
640 4731 666 4778 et
680 4723 830 4781 maledcam
848 4725 995 4782 inrolutam
1048 4728 1137 4787 iimca
1150 4727 1275 4785 similiter
1293 4738 1383 4799 potest
1395 4728 1548 4799 significare
1559 4728 1706 4797 diabolum,
1719 4729 1765 4799 qni
1778 4744 1841 4801 ger·

206 4810 233 4867 in
247 4811 374 4883 pampino
385 4810 516 4884 implicat.
534 4832 544 4866 ι
566 4811 620 4871 Sed
633 4814 704 4870 idem
716 4830 767 4873 nec
779 4817 898 4885 advolat,
912 4830 942 4875 ut
955 4818 995 4875 lo-
1050 4818 1126 4873 anina
1144 4818 1272 4872 virtumm
1296 4817 1323 4872 in
1339 4817 1449 4875 bomine
1468 4818 1617 4875 crescentia
1638 4818 1719 4875 malls
1734 4818 1841 4876 suasio·

205 4910 331 4966 castam
342 4901 395 4957 inne
407 4900 523 4972 illucque
536 4901 692 4960 discurrens
706 4904 850 4976 semipasta
862 4907 993 4963 dimittat:
1050 4906 1131 4963 nibus
1145 4907 1241 4963 rodere
1253 4918 1280 4963 et
1292 4908 1366 4964 uitiis
1386 4909 1478 4980 prauis
1501 4910 1653 4981 exstirpare
1666 4925 1721 4969 non
1738 4920 1840 4969 emunt.

205 4994 311 5051 scilicet
329 5002 470 5066 permanet
488 4993 617 5066 perituris
633 4992 767 5068 frugibus,
784 5005 813 5052 et
828 4999 905 5053 tardo
920 4998 996 5071 lapsu
1048 4994 1078 5052 iu
1093 4996 1245 5070 Scripturis
1265 5013 1331 5072 ergo
1354 5001 1449 5066 sacris,
1463 5000 1510 5058 ubi
1533 5002 1567 5058 de
1584 5003 1655 5059 tinea
1670 5012 1699 5060 et
1719 5004 1844 5075 aurugine

205 5086 291 5157 pigris
300 5086 436 5142 morsibus
448 5087 574 5142 universa
586 5085 730 5142 consumit.
742 5085 897 5144 Teredonas
909 5087 997 5146 Grnci
1049 5089 1151 5146 mentio
1170 5089 1211 5155 tlt,
1231 5092 1361 5162 mysticas
1383 5091 1410 5146 in
1429 5093 1472 5147 eis
1486 5093 1649 5165 quarendus
1669 5103 1713 5150 est
1731 5110 1839 5151 sensns

205 5190 305 5236 uncant
317 5180 451 5252 lignorum
470 5195 585 5247 vermos,
603 5181 675 5252 quod
692 5182 803 5238 terendo
826 5180 919 5238 colant.
942 5181 998 5239 lios
1049 5181 1116 5237 llam
1127 5182 1206 5254 juxta
1220 5180 1374 5254 allegoriam
1386 5198 1477 5254 araga
1491 5191 1579 5254 potest
1590 5185 1745 5255 signideare
1760 5200 1839 5242 arro·

206 5287 258 5330 nus
272 5273 413 5329 thermites
432 5274 548 5329 dicimus
566 5273 614 5345 (ita
631 5274 703 5330 enirn
721 5273 792 5345 apud
807 5275 918 5331 Latinos
931 5275 996 5347 ligni
1049 5273 1169 5345 gantiam
1190 5281 1272 5343 atque
1289 5271 1460 5342 jactantiam.
1484 5273 1552 5343 bnae
1571 5274 1725 5347 ubicuntme
1746 5275 1839 5340 irretit,

208 5377 316 5420 ucmtes
338 5364 477 5434 uocantur)
505 5378 573 5435 quos
599 5372 721 5435 tempore
743 5364 896 5435 importuno
921 5380 997 5421 nusae
1052 5362 1297 5420 omnemdccorem
1310 5363 1429 5417 etrobur
1443 5364 1835 5433 rtrtrrtnnontnsnarmerbn·

210 5452 998 5524 arboresgignunt.Tinea,restimcntorumrcrmis,dicta,
1052 5453 1837 5529 sarrrumspiritaliumdonorumdisalpat.bridopropin-ta

209 5543 281 5610 spraud
297 5552 386 5598 terreat
400 5554 428 5599 ct
442 5560 474 5599 eo
488 5561 573 5617 usquc
593 5545 716 5609 insideat,
733 5560 787 5615 qno
802 5546 905 5600 credat.
923 5543 999 5601 Unde
1053 5540 1134 5601 dicit:
1146 5544 1213 5600 Dorta
1226 5546 1338 5615 dissipor
1347 5562 1406 5601 omn
1415 5549 1549 5602 tanturn
1557 5549 1609 5605 ribi
1624 5551 1771 5619 maceniam
1783 5568 1794 5606 .·
1808 5560 1836 5606 rt

211 5633 346 5702 pertinax,
366 5635 436 5703 quod
456 5634 482 5688 in
498 5638 619 5690 camdem
646 5651 701 5691 rcm
726 5634 872 5691 identidem
894 5644 996 5706 urgeat.
1052 5637 1135 5692 cornia
1145 5640 1298 5708 arrogantia
1308 5638 1470 5697 aborrdnntio
1480 5650 1518 5698 ert
1529 5643 1599 5712 opud
1613 5642 1763 5716 bermil’r.
1773 5644 1836 5715 ιιι).

212 5718 324 5777 tiermes
338 5724 470 5787 cuminus,
485 5724 682 5794 liernicrnneus,
699 5726 855 5791 lurnbricus,
872 5726 999 5782 ascaridae
1052 5727 1136 5785 'lirina
1167 5739 1258 5787 nutem
1279 5732 1439 5791 intestinum
1457 5738 1555 5792 citium
1580 5736 1663 5793 arrirni
1683 5739 1835 5797 sianillcat.

250 1207 312 1255 Sunt
319 1204 372 1315 ani,
385 1216 439 1252 cum
451 1207 533 1251 clauso
542 1200 677 1264 putrefacta
688 1204 727 1250 cst
735 1199 805 1261 spina
815 1210 844 1248 se
