<?xml version="1.0" encoding="UTF-8"?>
<!DOCTYPE html PUBLIC "-//W3C//DTD XHTML 1.0 Transitional//EN"
    "http://www.w3.org/TR/xhtml1/DTD/xhtml1-transitional.dtd">
<html xmlns="http://www.w3.org/1999/xhtml" xml:lang="en" lang="en">
 <head>
  <title>
</title>
<meta http-equiv="Content-Type" content="text/html;charset=utf-8" />
  <meta name='ocr-system' content='tesseract 3.04.00' />
  <meta name='ocr-capabilities' content='ocr_page ocr_carea ocr_par ocr_line ocrx_word'/>
</head>
<body>
  <div class='ocr_page' id='page_1' title='image "./lta-11000/patrologiaecurs164unkngoog/patrologiaecurs164unkngoog_0353.png"; bbox 0 0 4042 6200; ppageno 0'>
   <div class='ocr_carea' id='block_1_1' title="bbox 163 363 1802 435">
    <p class='ocr_par' dir='ltr' id='par_1_1' title="bbox 163 363 1802 435">
     <span class='ocr_line' id='line_1_1' title="bbox 163 363 1802 435; baseline 0.001 -13"><span class='ocrx_word' id='word_1_1' title='bbox 163 370 216 428; x_wconf 75' lang='lat' dir='ltr'>ddi</span> <span class='ocrx_word' id='word_1_2' title='bbox 515 407 520 426; x_wconf 74' lang='lat'>.</span> <span class='ocrx_word' id='word_1_3' title='bbox 570 363 754 422; x_wconf 69' lang='lat' dir='ltr'>exsufflata</span> <span class='ocrx_word' id='word_1_4' title='bbox 770 364 804 420; x_wconf 75' lang='lat' dir='ltr'>ld</span> <span class='ocrx_word' id='word_1_5' title='bbox 824 364 1019 424; x_wconf 72' lang='lat' dir='ltr'>PROVEthid</span> <span class='ocrx_word' id='word_1_6' title='bbox 1037 365 1241 424; x_wconf 71' lang='lat' dir='ltr'>salomouis.</span> <span class='ocrx_word' id='word_1_7' title='bbox 1262 399 1296 410; x_wconf 90' lang='lat'><em>-</em></span> <span class='ocrx_word' id='word_1_8' title='bbox 1316 368 1379 426; x_wconf 77' lang='lat' dir='ltr'>tta.</span> <span class='ocrx_word' id='word_1_9' title='bbox 1397 369 1416 424; x_wconf 92' lang='lat' dir='ltr'>l.</span> <span class='ocrx_word' id='word_1_10' title='bbox 1748 378 1802 435; x_wconf 65' lang='lat' dir='ltr'>aas</span> 
     </span>
    </p>
   </div>
   <div class='ocr_carea' id='block_1_2' title="bbox 153 475 1802 5728">
    <p class='ocr_par' dir='ltr' id='par_1_2' title="bbox 162 475 1799 642">
     <span class='ocr_line' id='line_1_2' title="bbox 162 475 1799 563; baseline 0.001 -30"><span class='ocrx_word' id='word_1_11' title='bbox 162 479 293 537; x_wconf 77' lang='lat' dir='ltr'>omnibns</span> <span class='ocrx_word' id='word_1_12' title='bbox 304 491 367 547; x_wconf 78' lang='lat' dir='ltr'>qaae</span> <span class='ocrx_word' id='word_1_13' title='bbox 380 475 502 547; x_wconf 80' lang='lat' dir='ltr'>possides</span> <span class='ocrx_word' id='word_1_14' title='bbox 519 476 596 531; x_wconf 77' lang='lat' dir='ltr'>lionis</span> <span class='ocrx_word' id='word_1_15' title='bbox 609 476 745 546; x_wconf 84' lang='lat' dir='ltr'>sapienter</span> <span class='ocrx_word' id='word_1_16' title='bbox 757 484 783 532; x_wconf 88' lang='lat' dir='ltr'>te</span> <span class='ocrx_word' id='word_1_17' title='bbox 804 491 885 548; x_wconf 86' lang='lat' dir='ltr'>agere</span> <span class='ocrx_word' id='word_1_18' title='bbox 898 493 956 533; x_wconf 89' lang='lat' dir='ltr'>me·</span> <span class='ocrx_word' id='word_1_19' title='bbox 970 481 996 546; x_wconf 71' lang='grc' dir='ltr'>Α</span> <span class='ocrx_word' id='word_1_20' title='bbox 1008 478 1099 548; x_wconf 85' lang='lat' dir='ltr'>parius</span> <span class='ocrx_word' id='word_1_21' title='bbox 1113 479 1212 535; x_wconf 88' lang='lat' dir='ltr'>dicitnr</span> <span class='ocrx_word' id='word_1_22' title='bbox 1226 480 1352 549; x_wconf 82' lang='lat' dir='ltr'>sapienti,</span> <span class='ocrx_word' id='word_1_23' title='bbox 1364 481 1434 547; x_wconf 83' lang='lat' dir='ltr'>Quia</span> <span class='ocrx_word' id='word_1_24' title='bbox 1443 498 1552 538; x_wconf 78' lang='lat' dir='ltr'>currem</span> <span class='ocrx_word' id='word_1_25' title='bbox 1572 501 1623 539; x_wconf 80' lang='lat' dir='ltr'>aran</span> <span class='ocrx_word' id='word_1_26' title='bbox 1634 484 1740 544; x_wconf 75' lang='lat' dir='ltr'>aalma</span> <span class='ocrx_word' id='word_1_27' title='bbox 1757 494 1799 563; x_wconf 78' lang='grc' dir='ltr'>ο).</span> 
     </span>
     <span class='ocr_line' id='line_1_3' title="bbox 163 565 1638 642; baseline 0.002 -16"><span class='ocrx_word' id='word_1_28' title='bbox 163 566 323 633; x_wconf 70' lang='lat' dir='ltr'>emerammi</span> <span class='ocrx_word' id='word_1_29' title='bbox 339 565 366 619; x_wconf 92' lang='lat' dir='ltr'>in</span> <span class='ocrx_word' id='word_1_30' title='bbox 381 565 454 620; x_wconf 81' lang='lat' dir='ltr'>binni</span> <span class='ocrx_word' id='word_1_31' title='bbox 468 565 638 633; x_wconf 79' lang='lat' dir='ltr'>possessione</span> <span class='ocrx_word' id='word_1_32' title='bbox 653 573 698 620; x_wconf 91' lang='lat' dir='ltr'>tua</span> <span class='ocrx_word' id='word_1_33' title='bbox 715 566 825 635; x_wconf 85' lang='lat' dir='ltr'>acquire</span> <span class='ocrx_word' id='word_1_34' title='bbox 837 568 956 636; x_wconf 88' lang='lat' dir='ltr'>pmdeu-</span> <span class='ocrx_word' id='word_1_35' title='bbox 1009 568 1171 640; x_wconf 75' lang='lat' dir='ltr'>{rudiculum</span> <span class='ocrx_word' id='word_1_36' title='bbox 1190 568 1282 641; x_wconf 79' lang='lat' dir='ltr'>(Prae.</span> <span class='ocrx_word' id='word_1_37' title='bbox 1295 571 1343 642; x_wconf 82' lang='lat' dir='ltr'>tr),</span> <span class='ocrx_word' id='word_1_38' title='bbox 1359 573 1386 626; x_wconf 94' lang='lat' dir='ltr'>id</span> <span class='ocrx_word' id='word_1_39' title='bbox 1403 579 1456 638; x_wconf 89' lang='lat' dir='ltr'>est,</span> <span class='ocrx_word' id='word_1_40' title='bbox 1469 574 1638 630; x_wconf 85' lang='lat' dir='ltr'>scandatum.</span> 
     </span>
    </p>

    <p class='ocr_par' dir='ltr' id='par_1_3' title="bbox 162 653 1802 1182">
     <span class='ocr_line' id='line_1_4' title="bbox 163 653 1800 738; baseline 0.005 -25"><span class='ocrx_word' id='word_1_41' title='bbox 163 659 240 721; x_wconf 74' lang='lat' dir='ltr'>tiam.</span> <span class='ocrx_word' id='word_1_42' title='bbox 256 654 350 711; x_wconf 86' lang='lat' dir='ltr'>amnia</span> <span class='ocrx_word' id='word_1_43' title='bbox 372 667 433 723; x_wconf 74' lang='lat' dir='ltr'>gum</span> <span class='ocrx_word' id='word_1_44' title='bbox 447 653 581 723; x_wconf 83' lang='lat' dir='ltr'>possides,</span> <span class='ocrx_word' id='word_1_45' title='bbox 592 664 698 709; x_wconf 84' lang='lat' dir='ltr'>torrem</span> <span class='ocrx_word' id='word_1_46' title='bbox 711 665 863 721; x_wconf 84' lang='lat' dir='ltr'>contemno,</span> <span class='ocrx_word' id='word_1_47' title='bbox 880 656 959 710; x_wconf 88' lang='lat' dir='ltr'>duur·</span> <span class='ocrx_word' id='word_1_48' title='bbox 980 657 982 664; x_wconf 89' lang='lat'>&#39;</span> <span class='ocrx_word' id='word_1_49' title='bbox 1044 660 1123 714; x_wconf 81' lang='lat' dir='ltr'>(imai</span> <span class='ocrx_word' id='word_1_50' title='bbox 1145 661 1266 716; x_wconf 75' lang='lat' dir='ltr'>custodia</span> <span class='ocrx_word' id='word_1_51' title='bbox 1289 678 1364 716; x_wconf 82' lang='lat' dir='ltr'>seraa</span> <span class='ocrx_word' id='word_1_52' title='bbox 1387 678 1433 718; x_wconf 87' lang='lat' dir='ltr'>cor</span> <span class='ocrx_word' id='word_1_53' title='bbox 1449 672 1534 728; x_wconf 81' lang='lat' dir='ltr'>taam,</span> <span class='ocrx_word' id='word_1_54' title='bbox 1547 666 1611 734; x_wconf 82' lang='lat' dir='ltr'>prtia</span> <span class='ocrx_word' id='word_1_55' title='bbox 1628 682 1662 721; x_wconf 80' lang='lat' dir='ltr'>ea</span> <span class='ocrx_word' id='word_1_56' title='bbox 1678 669 1734 738; x_wconf 77' lang='lat' dir='ltr'>ipra</span> <span class='ocrx_word' id='word_1_57' title='bbox 1748 671 1800 725; x_wconf 82' lang='lat' dir='ltr'>rita</span> 
     </span>
     <span class='ocr_line' id='line_1_5' title="bbox 164 745 1799 827; baseline -0.003 -10"><span class='ocrx_word' id='word_1_58' title='bbox 164 749 246 806; x_wconf 62' lang='grc' dir='ltr'>ΕΜ)</span> <span class='ocrx_word' id='word_1_59' title='bbox 257 745 420 820; x_wconf 57' lang='lat' dir='ltr'>wlfildam</span> <span class='ocrx_word' id='word_1_60' title='bbox 433 745 577 816; x_wconf 61' lang='lat' dir='ltr'>dimidias,</span> <span class='ocrx_word' id='word_1_61' title='bbox 588 747 660 816; x_wconf 78' lang='lat' dir='ltr'>(luod</span> <span class='ocrx_word' id='word_1_62' title='bbox 673 748 741 817; x_wconf 86' lang='lat' dir='ltr'>petit</span> <span class='ocrx_word' id='word_1_63' title='bbox 755 746 883 804; x_wconf 60' lang='lat' dir='ltr'>Salomon</span> <span class='ocrx_word' id='word_1_64' title='bbox 900 749 958 817; x_wconf 73' lang='lat' dir='ltr'>ipse</span> <span class='ocrx_word' id='word_1_65' title='bbox 1007 749 1135 821; x_wconf 79' lang='lat' dir='ltr'>praead‘rt.</span> <span class='ocrx_word' id='word_1_66' title='bbox 1153 749 1223 808; x_wconf 85' lang='lat' dir='ltr'>Sunt</span> <span class='ocrx_word' id='word_1_67' title='bbox 1237 753 1284 821; x_wconf 82' lang='lat' dir='ltr'>qui</span> <span class='ocrx_word' id='word_1_68' title='bbox 1301 762 1375 808; x_wconf 86' lang='lat' dir='ltr'>recte</span> <span class='ocrx_word' id='word_1_69' title='bbox 1388 753 1481 809; x_wconf 85' lang='lat' dir='ltr'>uisere</span> <span class='ocrx_word' id='word_1_70' title='bbox 1494 755 1621 812; x_wconf 85' lang='lat' dir='ltr'>ridentur</span> <span class='ocrx_word' id='word_1_71' title='bbox 1631 758 1799 827; x_wconf 75' lang='lat' dir='ltr'>homiuibus,</span> 
     </span>
     <span class='ocr_line' id='line_1_6' title="bbox 163 837 1800 920; baseline 0.004 -23"><span class='ocrx_word' id='word_1_72' title='bbox 163 844 226 898; x_wconf 81' lang='lat' dir='ltr'>daun</span> <span class='ocrx_word' id='word_1_73' title='bbox 253 841 318 896; x_wconf 79' lang='lat' dir='ltr'>data</span> <span class='ocrx_word' id='word_1_74' title='bbox 343 838 395 894; x_wconf 89' lang='lat' dir='ltr'>sibl</span> <span class='ocrx_word' id='word_1_75' title='bbox 418 837 538 907; x_wconf 89' lang='lat' dir='ltr'>optione,</span> <span class='ocrx_word' id='word_1_76' title='bbox 550 852 671 896; x_wconf 74' lang='grc' dir='ltr'>ειιιοιειιι</span> <span class='ocrx_word' id='word_1_77' title='bbox 689 838 829 910; x_wconf 72' lang='lat' dir='ltr'>sapientie</span> <span class='ocrx_word' id='word_1_78' title='bbox 853 839 958 895; x_wconf 84' lang='lat' dir='ltr'>cunctis</span> <span class='ocrx_word' id='word_1_79' title='bbox 1008 837 1056 895; x_wconf 87' lang='lat' dir='ltr'>sed</span> <span class='ocrx_word' id='word_1_80' title='bbox 1072 841 1135 910; x_wconf 82' lang='lat' dir='ltr'>qnia</span> <span class='ocrx_word' id='word_1_81' title='bbox 1158 849 1232 897; x_wconf 87' lang='lat' dir='ltr'>reeta</span> <span class='ocrx_word' id='word_1_82' title='bbox 1259 843 1408 902; x_wconf 88' lang='lat' dir='ltr'>intentione</span> <span class='ocrx_word' id='word_1_83' title='bbox 1431 859 1485 900; x_wconf 85' lang='lat' dir='ltr'>uon</span> <span class='ocrx_word' id='word_1_84' title='bbox 1513 844 1625 910; x_wconf 82' lang='lat' dir='ltr'>iaciunt,</span> <span class='ocrx_word' id='word_1_85' title='bbox 1646 863 1663 902; x_wconf 91' lang='lat' dir='ltr'>a</span> <span class='ocrx_word' id='word_1_86' title='bbox 1686 848 1800 920; x_wconf 74' lang='lat' dir='ltr'>Danuui</span> 
     </span>
     <span class='ocr_line' id='line_1_7' title="bbox 162 927 1795 1007; baseline 0.003 -22"><span class='ocrx_word' id='word_1_87' title='bbox 162 930 312 1005; x_wconf 71' lang='lat' dir='ltr'>proposuit</span> <span class='ocrx_word' id='word_1_88' title='bbox 337 929 428 993; x_wconf 87' lang='lat' dir='ltr'>rebus,</span> <span class='ocrx_word' id='word_1_89' title='bbox 452 937 480 984; x_wconf 91' lang='grc' dir='ltr'>ει</span> <span class='ocrx_word' id='word_1_90' title='bbox 505 927 533 983; x_wconf 88' lang='lat' dir='ltr'>in</span> <span class='ocrx_word' id='word_1_91' title='bbox 559 928 717 1000; x_wconf 81' lang='lat' dir='ltr'>Evangelio,</span> <span class='ocrx_word' id='word_1_92' title='bbox 740 929 786 998; x_wconf 85' lang='lat' dir='ltr'>qui</span> <span class='ocrx_word' id='word_1_93' title='bbox 809 930 968 999; x_wconf 79' lang='lat' dir='ltr'>pretiosam·</span> <span class='ocrx_word' id='word_1_94' title='bbox 1008 929 1181 999; x_wconf 85' lang='lat' dir='ltr'>correspicit</span> <span class='ocrx_word' id='word_1_95' title='bbox 1205 946 1318 1000; x_wconf 88' lang='lat' dir='ltr'>prauum</span> <span class='ocrx_word' id='word_1_96' title='bbox 1343 934 1502 1002; x_wconf 85' lang='lat' dir='ltr'>reprobatur</span> <span class='ocrx_word' id='word_1_97' title='bbox 1526 942 1554 991; x_wconf 91' lang='lat' dir='ltr'>et</span> <span class='ocrx_word' id='word_1_98' title='bbox 1579 937 1646 1002; x_wconf 78' lang='lat' dir='ltr'>uita,</span> <span class='ocrx_word' id='word_1_99' title='bbox 1662 954 1723 1007; x_wconf 76' lang='lat' dir='ltr'>qum</span> <span class='ocrx_word' id='word_1_100' title='bbox 1741 954 1795 996; x_wconf 70' lang='lat' dir='ltr'>cre</span> 
     </span>
     <span class='ocr_line' id='line_1_8' title="bbox 162 1017 1799 1094; baseline 0.006 -19"><span class='ocrx_word' id='word_1_101' title='bbox 162 1021 342 1092; x_wconf 68' lang='lat' dir='ltr'>margaritam</span> <span class='ocrx_word' id='word_1_102' title='bbox 364 1017 500 1089; x_wconf 77' lang='lat' dir='ltr'>quaesivit,</span> <span class='ocrx_word' id='word_1_103' title='bbox 513 1018 584 1072; x_wconf 88' lang='lat' dir='ltr'>banc</span> <span class='ocrx_word' id='word_1_104' title='bbox 597 1017 734 1074; x_wconf 77' lang='lat' dir='ltr'>inuentam</span> <span class='ocrx_word' id='word_1_105' title='bbox 746 1018 883 1082; x_wconf 83' lang='lat' dir='ltr'>omnibus,</span> <span class='ocrx_word' id='word_1_106' title='bbox 895 1032 957 1087; x_wconf 76' lang='lat' dir='ltr'>qum</span> <span class='ocrx_word' id='word_1_107' title='bbox 1007 1019 1122 1076; x_wconf 85' lang='lat' dir='ltr'>debatur</span> <span class='ocrx_word' id='word_1_108' title='bbox 1135 1020 1216 1076; x_wconf 81' lang='lat' dir='ltr'>borna.</span> <span class='ocrx_word' id='word_1_109' title='bbox 1233 1021 1312 1077; x_wconf 84' lang='lat' dir='ltr'>Omni</span> <span class='ocrx_word' id='word_1_110' title='bbox 1327 1038 1393 1094; x_wconf 89' lang='lat' dir='ltr'>ergo</span> <span class='ocrx_word' id='word_1_111' title='bbox 1416 1024 1555 1094; x_wconf 77' lang='lat' dir='ltr'>diligentia</span> <span class='ocrx_word' id='word_1_112' title='bbox 1577 1029 1668 1086; x_wconf 83' lang='lat' dir='ltr'>cordis</span> <span class='ocrx_word' id='word_1_113' title='bbox 1688 1031 1799 1086; x_wconf 84' lang='lat' dir='ltr'>mundi·</span> 
     </span>
     <span class='ocr_line' id='line_1_9' title="bbox 162 1108 1802 1182; baseline 0.001 -8"><span class='ocrx_word' id='word_1_114' title='bbox 162 1112 260 1168; x_wconf 66' lang='lat' dir='ltr'>habuit</span> <span class='ocrx_word' id='word_1_115' title='bbox 270 1150 278 1173; x_wconf 79' lang='grc'><em>.</em></span> <span class='ocrx_word' id='word_1_116' title='bbox 288 1109 406 1165; x_wconf 67' lang='lat' dir='ltr'>tenditis</span> <span class='ocrx_word' id='word_1_117' title='bbox 418 1108 495 1163; x_wconf 69' lang='lat' dir='ltr'>emti·</span> <span class='ocrx_word' id='word_1_118' title='bbox 717 1161 723 1170; x_wconf 77' lang='grc'>,</span> <span class='ocrx_word' id='word_1_119' title='bbox 1008 1109 1073 1164; x_wconf 87' lang='lat' dir='ltr'>tiam</span> <span class='ocrx_word' id='word_1_120' title='bbox 1090 1125 1180 1176; x_wconf 79' lang='lat' dir='ltr'>serra,</span> <span class='ocrx_word' id='word_1_121' title='bbox 1194 1111 1258 1181; x_wconf 81' lang='lat' dir='ltr'>quia</span> <span class='ocrx_word' id='word_1_122' title='bbox 1270 1114 1304 1168; x_wconf 91' lang='lat' dir='ltr'>ad</span> <span class='ocrx_word' id='word_1_123' title='bbox 1315 1112 1374 1182; x_wconf 89' lang='lat' dir='ltr'>ejus</span> <span class='ocrx_word' id='word_1_124' title='bbox 1387 1129 1501 1171; x_wconf 78' lang='lat' dir='ltr'>examen</span> <span class='ocrx_word' id='word_1_125' title='bbox 1515 1118 1610 1174; x_wconf 87' lang='lat' dir='ltr'>umdos</span> <span class='ocrx_word' id='word_1_126' title='bbox 1622 1120 1802 1178; x_wconf 74' lang='lat' dir='ltr'>aestimabitur</span> 
     </span>
    </p>

    <p class='ocr_par' dir='ltr' id='par_1_4' title="bbox 195 1196 1080 1272">
     <span class='ocr_line' id='line_1_10' title="bbox 195 1196 1080 1272; baseline -0.002 -16"><span class='ocrx_word' id='word_1_127' title='bbox 195 1202 279 1256; x_wconf 82' lang='lat' dir='ltr'>Dabit</span> <span class='ocrx_word' id='word_1_128' title='bbox 291 1200 424 1272; x_wconf 75' lang='lat' dir='ltr'>cupititate</span> <span class='ocrx_word' id='word_1_129' title='bbox 434 1208 574 1270; x_wconf 73' lang='lat' dir='ltr'>nagruem</span> <span class='ocrx_word' id='word_1_130' title='bbox 587 1199 848 1270; x_wconf 81' lang='lat' dir='ltr'>gratiaram,earana</span> <span class='ocrx_word' id='word_1_131' title='bbox 858 1196 957 1267; x_wconf 78' lang='lat' dir='ltr'>inclyta</span> <span class='ocrx_word' id='word_1_132' title='bbox 1006 1200 1080 1255; x_wconf 82' lang='lat' dir='ltr'>ritae.</span> 
     </span>
    </p>

    <p class='ocr_par' dir='ltr' id='par_1_5' title="bbox 157 1288 1802 1820">
     <span class='ocr_line' id='line_1_11' title="bbox 160 1288 1802 1377; baseline 0 -17"><span class='ocrx_word' id='word_1_133' title='bbox 160 1301 277 1363; x_wconf 53' lang='lat' dir='ltr'>dimid</span> <span class='ocrx_word' id='word_1_134' title='bbox 305 1301 340 1346; x_wconf 54' lang='grc' dir='ltr'>ιθ·</span> <span class='ocrx_word' id='word_1_135' title='bbox 365 1290 442 1345; x_wconf 58' lang='lat' dir='ltr'>Pasti</span> <span class='ocrx_word' id='word_1_136' title='bbox 456 1291 489 1347; x_wconf 65' lang='lat' dir='ltr'>de</span> <span class='ocrx_word' id='word_1_137' title='bbox 503 1288 737 1360; x_wconf 61' lang='lat' dir='ltr'>5³¹⁰m0sstai¹¹i³</span> <span class='ocrx_word' id='word_1_138' title='bbox 757 1289 820 1346; x_wconf 71' lang='lat'>(¹⁰¹⁰</span> <span class='ocrx_word' id='word_1_139' title='bbox 842 1304 892 1359; x_wconf 66' lang='lat'>1³¹⁰</span> <span class='ocrx_word' id='word_1_140' title='bbox 910 1304 955 1344; x_wconf 75' lang='lat'>⁸³·</span> <span class='ocrx_word' id='word_1_141' title='bbox 994 1338 998 1348; x_wconf 69' lang='lat'>,</span> <span class='ocrx_word' id='word_1_142' title='bbox 1042 1293 1216 1351; x_wconf 71' lang='grc' dir='ltr'>Βειιιοιιειιιε</span> <span class='ocrx_word' id='word_1_143' title='bbox 1229 1313 1258 1351; x_wconf 84' lang='lat' dir='ltr'>or</span> <span class='ocrx_word' id='word_1_144' title='bbox 1268 1308 1412 1366; x_wconf 83' lang='lat' dir='ltr'>prauamat</span> <span class='ocrx_word' id='word_1_145' title='bbox 1423 1298 1588 1356; x_wconf 68' lang='lat' dir='ltr'>detrahentia</span> <span class='ocrx_word' id='word_1_146' title='bbox 1600 1301 1732 1360; x_wconf 78' lang='lat' dir='ltr'>irritarint</span> <span class='ocrx_word' id='word_1_147' title='bbox 1742 1323 1802 1377; x_wconf 88' lang='lat' dir='ltr'>pro-</span> 
     </span>
     <span class='ocr_line' id='line_1_12' title="bbox 160 1380 1799 1456; baseline 0.009 -18"><span class='ocrx_word' id='word_1_148' title='bbox 160 1384 264 1455; x_wconf 83' lang='lat' dir='ltr'>pientia</span> <span class='ocrx_word' id='word_1_149' title='bbox 289 1390 387 1438; x_wconf 76' lang='lat' dir='ltr'>comta</span> <span class='ocrx_word' id='word_1_150' title='bbox 406 1382 569 1451; x_wconf 86' lang='lat' dir='ltr'>despiceret,</span> <span class='ocrx_word' id='word_1_151' title='bbox 587 1391 715 1452; x_wconf 87' lang='lat' dir='ltr'>percepta</span> <span class='ocrx_word' id='word_1_152' title='bbox 739 1380 873 1450; x_wconf 82' lang='lat' dir='ltr'>sapientia</span> <span class='ocrx_word' id='word_1_153' title='bbox 899 1396 956 1434; x_wconf 84' lang='lat' dir='ltr'>ma·</span> <span class='ocrx_word' id='word_1_154' title='bbox 1005 1384 1049 1437; x_wconf 85' lang='lat' dir='ltr'>cul</span> <span class='ocrx_word' id='word_1_155' title='bbox 1066 1396 1130 1441; x_wconf 85' lang='lat' dir='ltr'>ate.</span> <span class='ocrx_word' id='word_1_156' title='bbox 1149 1386 1259 1443; x_wconf 84' lang='lat' dir='ltr'>Duobus</span> <span class='ocrx_word' id='word_1_157' title='bbox 1280 1389 1367 1444; x_wconf 91' lang='lat' dir='ltr'>modis</span> <span class='ocrx_word' id='word_1_158' title='bbox 1384 1391 1563 1456; x_wconf 88' lang='lat' dir='ltr'>sentiendum,</span> <span class='ocrx_word' id='word_1_159' title='bbox 1579 1403 1608 1448; x_wconf 95' lang='lat' dir='ltr'>ut</span> <span class='ocrx_word' id='word_1_160' title='bbox 1629 1403 1657 1450; x_wconf 92' lang='lat' dir='ltr'>et</span> <span class='ocrx_word' id='word_1_161' title='bbox 1679 1406 1799 1453; x_wconf 82' lang='lat' dir='ltr'>astutam</span> 
     </span>
     <span class='ocr_line' id='line_1_13' title="bbox 157 1466 1799 1551; baseline -0.008 -23"><span class='ocrx_word' id='word_1_162' title='bbox 157 1472 329 1543; x_wconf 78' lang='lat' dir='ltr'>jorigiuriae</span> <span class='ocrx_word' id='word_1_163' title='bbox 343 1471 509 1526; x_wconf 85' lang='lat' dir='ltr'>sublimitate</span> <span class='ocrx_word' id='word_1_164' title='bbox 529 1468 644 1526; x_wconf 80' lang='lat' dir='ltr'>refulsit.</span> <span class='ocrx_word' id='word_1_165' title='bbox 662 1468 715 1524; x_wconf 87' lang='lat' dir='ltr'>Sed</span> <span class='ocrx_word' id='word_1_166' title='bbox 732 1478 760 1523; x_wconf 92' lang='lat' dir='ltr'>ct</span> <span class='ocrx_word' id='word_1_167' title='bbox 780 1466 874 1540; x_wconf 82' lang='lat' dir='ltr'>[Forte</span> <span class='ocrx_word' id='word_1_168' title='bbox 885 1468 955 1522; x_wconf 79' lang='lat' dir='ltr'>deest</span> <span class='ocrx_word' id='word_1_169' title='bbox 1005 1492 1040 1534; x_wconf 67' lang='lat' dir='ltr'>m</span> <span class='ocrx_word' id='word_1_170' title='bbox 1066 1493 1178 1548; x_wconf 59' lang='lat' dir='ltr'>pravum</span> <span class='ocrx_word' id='word_1_171' title='bbox 1216 1480 1342 1551; x_wconf 54' lang='lat' dir='ltr'>mquam</span> <span class='ocrx_word' id='word_1_172' title='bbox 1375 1480 1496 1551; x_wconf 49' lang='lat' dir='ltr'><strong>aliquid,</strong></span> <span class='ocrx_word' id='word_1_173' title='bbox 1526 1493 1554 1541; x_wconf 53' lang='grc' dir='ltr'>θ)</span> <span class='ocrx_word' id='word_1_174' title='bbox 1592 1493 1637 1541; x_wconf 62' lang='lat' dir='ltr'>u„</span> <span class='ocrx_word' id='word_1_175' title='bbox 1668 1486 1739 1543; x_wconf 52' lang='lat' dir='ltr'>labia</span> <span class='ocrx_word' id='word_1_176' title='bbox 1765 1505 1799 1543; x_wconf 57' lang='lat' dir='ltr'>ne</span> 
     </span>
     <span class='ocr_line' id='line_1_14' title="bbox 159 1559 1799 1650; baseline 0.001 -14"><span class='ocrx_word' id='word_1_177' title='bbox 159 1564 193 1636; x_wconf 81' lang='lat' dir='ltr'>sil</span> <span class='ocrx_word' id='word_1_178' title='bbox 209 1571 307 1622; x_wconf 71' lang='lat'><strong>⁰⁰⁸¹¹⁰</strong></span> <span class='ocrx_word' id='word_1_179' title='bbox 319 1561 413 1632; x_wconf 55' lang='lat' dir='ltr'>miili»</span> <span class='ocrx_word' id='word_1_180' title='bbox 428 1561 519 1628; x_wconf 85' lang='lat' dir='ltr'>idest,</span> <span class='ocrx_word' id='word_1_181' title='bbox 532 1559 782 1632; x_wconf 58' lang='lat' dir='ltr'>liiidiallfflissliss</span> <span class='ocrx_word' id='word_1_182' title='bbox 794 1559 955 1628; x_wconf 56' lang='lat' dir='ltr'>satiendam</span> <span class='ocrx_word' id='word_1_183' title='bbox 1005 1569 1220 1628; x_wconf 78' lang='lat' dir='ltr'>detractionibus</span> <span class='ocrx_word' id='word_1_184' title='bbox 1242 1584 1401 1629; x_wconf 82' lang='lat' dir='ltr'>assuescant</span> <span class='ocrx_word' id='word_1_185' title='bbox 1421 1575 1571 1643; x_wconf 81' lang='lat' dir='ltr'>custodias,</span> <span class='ocrx_word' id='word_1_186' title='bbox 1588 1586 1619 1634; x_wconf 83' lang='lat' dir='ltr'>ot</span> <span class='ocrx_word' id='word_1_187' title='bbox 1640 1579 1710 1636; x_wconf 82' lang='lat' dir='ltr'>elios</span> <span class='ocrx_word' id='word_1_188' title='bbox 1730 1596 1799 1650; x_wconf 72' lang='lat' dir='ltr'>quo</span> 
     </span>
     <span class='ocr_line' id='line_1_15' title="bbox 160 1650 1800 1733; baseline -0.006 -23"><span class='ocrx_word' id='word_1_189' title='bbox 160 1654 367 1726; x_wconf 77' lang='lat' dir='ltr'>muriectimur,</span> <span class='ocrx_word' id='word_1_190' title='bbox 385 1652 502 1724; x_wconf 76' lang='lat' dir='ltr'>ruptim</span> <span class='ocrx_word' id='word_1_191' title='bbox 527 1652 615 1726; x_wconf 87' lang='lat' dir='ltr'>gratia</span> <span class='ocrx_word' id='word_1_192' title='bbox 639 1650 759 1724; x_wconf 79' lang='lat' dir='ltr'>Spiritus</span> <span class='ocrx_word' id='word_1_193' title='bbox 785 1659 910 1722; x_wconf 89' lang='lat' dir='ltr'>angetur,</span> <span class='ocrx_word' id='word_1_194' title='bbox 928 1659 956 1708; x_wconf 90' lang='lat' dir='ltr'>et</span> <span class='ocrx_word' id='word_1_195' title='bbox 1005 1659 1141 1730; x_wconf 64' lang='lat' dir='ltr'>qae‘quos</span> <span class='ocrx_word' id='word_1_196' title='bbox 1155 1662 1221 1717; x_wconf 62' lang='lat' dir='ltr'>huic</span> <span class='ocrx_word' id='word_1_197' title='bbox 1240 1663 1307 1719; x_wconf 64' lang='lat' dir='ltr'>pipo</span> <span class='ocrx_word' id='word_1_198' title='bbox 1324 1663 1447 1720; x_wconf 51' lang='grc' dir='ltr'>,ΜΝ</span> <span class='ocrx_word' id='word_1_199' title='bbox 1468 1667 1550 1733; x_wconf 66' lang='lat' dir='ltr'>gaeci,</span> <span class='ocrx_word' id='word_1_200' title='bbox 1566 1682 1600 1722; x_wconf 60' lang='grc' dir='ltr'><strong>ω</strong></span> <span class='ocrx_word' id='word_1_201' title='bbox 1624 1676 1651 1724; x_wconf 62' lang='grc' dir='ltr'>ω</span> <span class='ocrx_word' id='word_1_202' title='bbox 1676 1684 1800 1725; x_wconf 57' lang='lat' dir='ltr'>mmm,</span> 
     </span>
     <span class='ocr_line' id='line_1_16' title="bbox 159 1741 1190 1820; baseline -0.008 -19"><span class='ocrx_word' id='word_1_203' title='bbox 159 1760 259 1801; x_wconf 88' lang='lat' dir='ltr'>corona</span> <span class='ocrx_word' id='word_1_204' title='bbox 286 1746 397 1815; x_wconf 86' lang='lat' dir='ltr'>insuper</span> <span class='ocrx_word' id='word_1_205' title='bbox 422 1744 484 1799; x_wconf 80' lang='lat' dir='ltr'>uitae</span> <span class='ocrx_word' id='word_1_206' title='bbox 512 1744 539 1797; x_wconf 95' lang='lat' dir='ltr'>in</span> <span class='ocrx_word' id='word_1_207' title='bbox 570 1741 662 1797; x_wconf 84' lang='lat' dir='ltr'>lutura</span> <span class='ocrx_word' id='word_1_208' title='bbox 682 1742 836 1798; x_wconf 82' lang='lat' dir='ltr'>donabitur.</span> <span class='ocrx_word' id='word_1_209' title='bbox 863 1742 954 1813; x_wconf 78' lang='lat' dir='ltr'>Expo-</span> <span class='ocrx_word' id='word_1_210' title='bbox 1005 1750 1190 1820; x_wconf 52' lang='lat' dir='ltr'>pungitigiag,</span> 
     </span>
    </p>

    <p class='ocr_par' dir='ltr' id='par_1_6' title="bbox 158 1830 1800 2101">
     <span class='ocr_line' id='line_1_17' title="bbox 159 1830 1796 1920; baseline 0.007 -30"><span class='ocrx_word' id='word_1_211' title='bbox 159 1836 217 1891; x_wconf 89' lang='lat' dir='ltr'>sitis</span> <span class='ocrx_word' id='word_1_212' title='bbox 238 1851 307 1892; x_wconf 88' lang='lat' dir='ltr'>sane</span> <span class='ocrx_word' id='word_1_213' title='bbox 321 1834 375 1900; x_wconf 83' lang='lat' dir='ltr'>lais,</span> <span class='ocrx_word' id='word_1_214' title='bbox 390 1850 450 1904; x_wconf 69' lang='lat' dir='ltr'>aare</span> <span class='ocrx_word' id='word_1_215' title='bbox 469 1850 486 1888; x_wconf 89' lang='lat' dir='ltr'>a</span> <span class='ocrx_word' id='word_1_216' title='bbox 509 1833 591 1889; x_wconf 79' lang='lat' dir='ltr'>Patre</span> <span class='ocrx_word' id='word_1_217' title='bbox 615 1833 698 1889; x_wconf 85' lang='lat' dir='ltr'>rerba</span> <span class='ocrx_word' id='word_1_218' title='bbox 713 1841 870 1903; x_wconf 82' lang='lat' dir='ltr'>perceperat</span> <span class='ocrx_word' id='word_1_219' title='bbox 883 1832 954 1888; x_wconf 91' lang='lat' dir='ltr'>redit</span> <span class='ocrx_word' id='word_1_220' title='bbox 969 1830 991 1888; x_wconf 88' lang='lat' dir='ltr'>B</span> <span class='ocrx_word' id='word_1_221' title='bbox 1041 1839 1167 1895; x_wconf 83' lang='lat' dir='ltr'>Oceiitar&#39;</span> <span class='ocrx_word' id='word_1_222' title='bbox 1179 1852 1249 1897; x_wconf 82' lang='lat' dir='ltr'>reeta</span> <span class='ocrx_word' id='word_1_223' title='bbox 1265 1843 1380 1908; x_wconf 82' lang='lat' dir='ltr'>uideant,</span> <span class='ocrx_word' id='word_1_224' title='bbox 1392 1852 1416 1898; x_wconf 82' lang='grc' dir='ltr'>ει</span> <span class='ocrx_word' id='word_1_225' title='bbox 1429 1845 1561 1916; x_wconf 78' lang='lat' dir='ltr'>palpebra</span> <span class='ocrx_word' id='word_1_226' title='bbox 1572 1858 1624 1904; x_wconf 82' lang='lat' dir='ltr'>tea</span> <span class='ocrx_word' id='word_1_227' title='bbox 1644 1852 1796 1920; x_wconf 76' lang='lat' dir='ltr'>praecedam</span> 
     </span>
     <span class='ocr_line' id='line_1_18' title="bbox 158 1921 1800 2008; baseline 0 -11"><span class='ocrx_word' id='word_1_228' title='bbox 158 1929 191 1982; x_wconf 58' lang='grc' dir='ltr'>θ’]</span> <span class='ocrx_word' id='word_1_229' title='bbox 214 1926 368 1982; x_wconf 54' lang='lat' dir='ltr'>mam</span> <span class='ocrx_word' id='word_1_230' title='bbox 394 1924 546 1982; x_wconf 57' lang='lat' dir='ltr'>illdiw‘em</span> <span class='ocrx_word' id='word_1_231' title='bbox 570 1938 650 1979; x_wconf 74' lang='lat' dir='ltr'><strong>⁸¹¹¹¹ffl</strong></span> <span class='ocrx_word' id='word_1_232' title='bbox 673 1921 851 1993; x_wconf 53' lang='lat' dir='ltr'>milenum»</span> <span class='ocrx_word' id='word_1_233' title='bbox 870 1937 954 1992; x_wconf 66' lang='lat' dir='ltr'>(luam</span> <span class='ocrx_word' id='word_1_234' title='bbox 1006 1941 1189 2002; x_wconf 74' lang='lat' dir='ltr'>presentatum.</span> <span class='ocrx_word' id='word_1_235' title='bbox 1205 1932 1259 1988; x_wconf 90' lang='lat' dir='ltr'>lter</span> <span class='ocrx_word' id='word_1_236' title='bbox 1274 1931 1471 2004; x_wconf 83' lang='lat' dir='ltr'>justitiae,qno</span> <span class='ocrx_word' id='word_1_237' title='bbox 1491 1937 1596 2008; x_wconf 76' lang='lat' dir='ltr'>ingredi</span> <span class='ocrx_word' id='word_1_238' title='bbox 1616 1940 1716 1997; x_wconf 61' lang='lat' dir='ltr'>damas</span> <span class='ocrx_word' id='word_1_239' title='bbox 1738 1942 1800 1996; x_wconf 83' lang='lat' dir='ltr'>dill-</span> 
     </span>
     <span class='ocr_line' id='line_1_19' title="bbox 160 2008 1797 2101; baseline 0.007 -27"><span class='ocrx_word' id='word_1_240' title='bbox 160 2020 252 2090; x_wconf 75' lang='lat' dir='ltr'>caepit.</span> <span class='ocrx_word' id='word_1_241' title='bbox 357 2027 364 2040; x_wconf 64' lang='lat'>¹</span> <span class='ocrx_word' id='word_1_242' title='bbox 787 2008 793 2020; x_wconf 66' lang='lat'><strong><em>⁹</em></strong></span> <span class='ocrx_word' id='word_1_243' title='bbox 1006 2023 1254 2092; x_wconf 84' lang='lat' dir='ltr'>gantcredisee‚et</span> <span class='ocrx_word' id='word_1_244' title='bbox 1271 2023 1416 2079; x_wconf 83' lang='lat' dir='ltr'>incurratis</span> <span class='ocrx_word' id='word_1_245' title='bbox 1430 2029 1727 2101; x_wconf 62' lang='lat' dir='ltr'>primagersdlmouis,</span> <span class='ocrx_word' id='word_1_246' title='bbox 1745 2033 1797 2087; x_wconf 88' lang='lat' dir='ltr'>sol·</span> 
     </span>
    </p>

    <p class='ocr_par' dir='ltr' id='par_1_7' title="bbox 158 2102 1799 2367">
     <span class='ocr_line' id='line_1_20' title="bbox 192 2102 1799 2187; baseline -0.01 -21"><span class='ocrx_word' id='word_1_247' title='bbox 192 2110 278 2177; x_wconf 78' lang='lat' dir='ltr'>dudi,</span> <span class='ocrx_word' id='word_1_248' title='bbox 305 2109 346 2178; x_wconf 73' lang='lat' dir='ltr'>fili</span> <span class='ocrx_word' id='word_1_249' title='bbox 365 2109 414 2174; x_wconf 81' lang='lat' dir='ltr'>rui,</span> <span class='ocrx_word' id='word_1_250' title='bbox 435 2118 461 2164; x_wconf 87' lang='lat' dir='ltr'>et</span> <span class='ocrx_word' id='word_1_251' title='bbox 487 2107 590 2178; x_wconf 79' lang='lat' dir='ltr'>suscipe</span> <span class='ocrx_word' id='word_1_252' title='bbox 611 2106 688 2162; x_wconf 83' lang='lat' dir='ltr'>acrba</span> <span class='ocrx_word' id='word_1_253' title='bbox 702 2122 762 2160; x_wconf 80' lang='lat' dir='ltr'>ntea</span> <span class='ocrx_word' id='word_1_254' title='bbox 784 2113 813 2158; x_wconf 85' lang='lat' dir='ltr'>ut</span> <span class='ocrx_word' id='word_1_255' title='bbox 828 2102 955 2176; x_wconf 78' lang='lat' dir='ltr'>multipii·</span> <span class='ocrx_word' id='word_1_256' title='bbox 1006 2110 1096 2166; x_wconf 68' lang='lat' dir='ltr'>linitus</span> <span class='ocrx_word' id='word_1_257' title='bbox 1110 2112 1239 2182; x_wconf 52' lang='lat' dir='ltr'>adquam</span> <span class='ocrx_word' id='word_1_258' title='bbox 1251 2113 1307 2168; x_wconf 59' lang='lat' dir='ltr'>sim</span> <span class='ocrx_word' id='word_1_259' title='bbox 1320 2111 1402 2169; x_wconf 61' lang='lat' dir='ltr'>finem</span> <span class='ocrx_word' id='word_1_260' title='bbox 1418 2126 1530 2171; x_wconf 55' lang='lat' dir='ltr'>penam</span> <span class='ocrx_word' id='word_1_261' title='bbox 1546 2119 1679 2187; x_wconf 54' lang='lat' dir='ltr'>m3</span> <span class='ocrx_word' id='word_1_262' title='bbox 1693 2121 1745 2176; x_wconf 55' lang='lat' dir='ltr'>hoe</span> <span class='ocrx_word' id='word_1_263' title='bbox 1756 2130 1799 2177; x_wconf 52' lang='grc' dir='ltr'>ω,</span> 
     </span>
     <span class='ocr_line' id='line_1_21' title="bbox 158 2196 1797 2281; baseline -0.007 -26"><span class='ocrx_word' id='word_1_264' title='bbox 158 2213 252 2255; x_wconf 79' lang='lat' dir='ltr'>ecutae</span> <span class='ocrx_word' id='word_1_265' title='bbox 272 2200 320 2255; x_wconf 82' lang='lat' dir='ltr'>liii</span> <span class='ocrx_word' id='word_1_266' title='bbox 333 2200 397 2254; x_wconf 81' lang='lat' dir='ltr'>aurai</span> <span class='ocrx_word' id='word_1_267' title='bbox 410 2200 481 2254; x_wconf 83' lang='lat' dir='ltr'>uita.</span> <span class='ocrx_word' id='word_1_268' title='bbox 500 2197 529 2254; x_wconf 93' lang='lat' dir='ltr'>ld</span> <span class='ocrx_word' id='word_1_269' title='bbox 550 2204 602 2264; x_wconf 87' lang='lat' dir='ltr'>cst,</span> <span class='ocrx_word' id='word_1_270' title='bbox 617 2205 648 2253; x_wconf 88' lang='lat' dir='ltr'>ut</span> <span class='ocrx_word' id='word_1_271' title='bbox 670 2197 733 2252; x_wconf 82' lang='lat' dir='ltr'>vitm</span> <span class='ocrx_word' id='word_1_272' title='bbox 746 2204 856 2252; x_wconf 71' lang='lat' dir='ltr'>sementa</span> <span class='ocrx_word' id='word_1_273' title='bbox 883 2196 953 2252; x_wconf 89' lang='lat' dir='ltr'>dona</span> <span class='ocrx_word' id='word_1_274' title='bbox 1004 2204 1077 2259; x_wconf 65' lang='lat' dir='ltr'>enim</span> <span class='ocrx_word' id='word_1_275' title='bbox 1090 2204 1233 2275; x_wconf 59' lang='lat' dir='ltr'>palpebras</span> <span class='ocrx_word' id='word_1_276' title='bbox 1244 2212 1320 2259; x_wconf 49' lang='grc' dir='ltr'>που),</span> <span class='ocrx_word' id='word_1_277' title='bbox 1333 2203 1484 2261; x_wconf 53' lang='lat' dir='ltr'>videntium</span> <span class='ocrx_word' id='word_1_278' title='bbox 1497 2208 1647 2275; x_wconf 54' lang='lat' dir='ltr'>mamm,</span> <span class='ocrx_word' id='word_1_279' title='bbox 1660 2218 1797 2281; x_wconf 52' lang='lat' dir='ltr'>„mm</span> 
     </span>
     <span class='ocr_line' id='line_1_22' title="bbox 158 2288 1798 2367; baseline -0.002 -6"><span class='ocrx_word' id='word_1_280' title='bbox 158 2290 305 2361; x_wconf 47' lang='lat' dir='ltr'>demittis·</span> <span class='ocrx_word' id='word_1_281' title='bbox 1004 2295 1103 2350; x_wconf 68' lang='lat' dir='ltr'>radere</span> <span class='ocrx_word' id='word_1_282' title='bbox 1117 2309 1237 2365; x_wconf 86' lang='lat' dir='ltr'>gressus,</span> <span class='ocrx_word' id='word_1_283' title='bbox 1254 2288 1355 2350; x_wconf 86' lang='lat' dir='ltr'>bonum</span> <span class='ocrx_word' id='word_1_284' title='bbox 1368 2299 1643 2367; x_wconf 79' lang='lat' dir='ltr'>opasqaodaaturas</span> <span class='ocrx_word' id='word_1_285' title='bbox 1657 2313 1687 2357; x_wconf 89' lang='lat' dir='ltr'>as</span> <span class='ocrx_word' id='word_1_286' title='bbox 1703 2303 1798 2358; x_wconf 83' lang='lat' dir='ltr'>sedula</span> 
     </span>
    </p>

    <p class='ocr_par' dir='ltr' id='par_1_8' title="bbox 157 2378 1799 3091">
     <span class='ocr_line' id='line_1_23' title="bbox 192 2378 1799 2457; baseline 0.001 -11"><span class='ocrx_word' id='word_1_287' title='bbox 192 2379 300 2435; x_wconf 61' lang='lat' dir='ltr'>Ducem</span> <span class='ocrx_word' id='word_1_288' title='bbox 320 2389 345 2433; x_wconf 62' lang='grc' dir='ltr'>ιθ</span> <span class='ocrx_word' id='word_1_289' title='bbox 365 2378 528 2450; x_wconf 69' lang='lat' dir='ltr'>parcendam</span> <span class='ocrx_word' id='word_1_290' title='bbox 544 2378 832 2448; x_wconf 77' lang='lat' dir='ltr'>apaumia‚aaarcum</span> <span class='ocrx_word' id='word_1_291' title='bbox 853 2380 954 2449; x_wconf 73' lang='lat' dir='ltr'>uepres·</span> <span class='ocrx_word' id='word_1_292' title='bbox 1004 2385 1167 2457; x_wconf 81' lang='lat' dir='ltr'>mgitutlone</span> <span class='ocrx_word' id='word_1_293' title='bbox 1182 2385 1343 2456; x_wconf 75' lang='lat' dir='ltr'>prevenire,</span> <span class='ocrx_word' id='word_1_294' title='bbox 1354 2391 1383 2440; x_wconf 87' lang='lat' dir='ltr'>et</span> <span class='ocrx_word' id='word_1_295' title='bbox 1403 2387 1467 2456; x_wconf 84' lang='lat' dir='ltr'>qnia</span> <span class='ocrx_word' id='word_1_296' title='bbox 1479 2389 1628 2445; x_wconf 83' lang='lat' dir='ltr'>secundum</span> <span class='ocrx_word' id='word_1_297' title='bbox 1651 2392 1735 2447; x_wconf 81' lang='lat' dir='ltr'>lienus</span> <span class='ocrx_word' id='word_1_298' title='bbox 1762 2393 1799 2448; x_wconf 89' lang='lat' dir='ltr'>sit</span> 
     </span>
     <span class='ocr_line' id='line_1_24' title="bbox 158 2465 1334 2546; baseline 0.002 -20"><span class='ocrx_word' id='word_1_299' title='bbox 158 2487 203 2527; x_wconf 79' lang='lat' dir='ltr'>aaa</span> <span class='ocrx_word' id='word_1_300' title='bbox 215 2473 313 2541; x_wconf 72' lang='lat' dir='ltr'>iamir,</span> <span class='ocrx_word' id='word_1_301' title='bbox 326 2487 379 2526; x_wconf 84' lang='lat' dir='ltr'>uon</span> <span class='ocrx_word' id='word_1_302' title='bbox 401 2465 574 2525; x_wconf 80' lang='lat' dir='ltr'>arctabamur</span> <span class='ocrx_word' id='word_1_303' title='bbox 596 2485 699 2539; x_wconf 80' lang='lat' dir='ltr'>pretam</span> <span class='ocrx_word' id='word_1_304' title='bbox 721 2469 769 2522; x_wconf 86' lang='lat' dir='ltr'>tui.</span> <span class='ocrx_word' id='word_1_305' title='bbox 793 2467 912 2530; x_wconf 80' lang='lat' dir='ltr'>Sentitae.</span> <span class='ocrx_word' id='word_1_306' title='bbox 927 2469 954 2526; x_wconf 92' lang='lat' dir='ltr'>id</span> <span class='ocrx_word' id='word_1_307' title='bbox 1005 2476 1161 2534; x_wconf 79' lang='lat' dir='ltr'>nieditamlo</span> <span class='ocrx_word' id='word_1_308' title='bbox 1174 2477 1334 2546; x_wconf 75' lang='lat' dir='ltr'>praecidam.</span> 
     </span>
     <span class='ocr_line' id='line_1_25' title="bbox 159 2559 1797 2638; baseline 0.004 -18"><span class='ocrx_word' id='word_1_309' title='bbox 159 2574 210 2630; x_wconf 84' lang='lat' dir='ltr'>eat,</span> <span class='ocrx_word' id='word_1_310' title='bbox 225 2564 350 2620; x_wconf 84' lang='lat' dir='ltr'>actiones</span> <span class='ocrx_word' id='word_1_311' title='bbox 362 2562 497 2634; x_wconf 67' lang='lat' dir='ltr'>sanitatis</span> <span class='ocrx_word' id='word_1_312' title='bbox 512 2562 575 2616; x_wconf 90' lang='lat' dir='ltr'>dum</span> <span class='ocrx_word' id='word_1_313' title='bbox 587 2561 751 2616; x_wconf 81' lang='lat' dir='ltr'>inchoantur</span> <span class='ocrx_word' id='word_1_314' title='bbox 765 2559 953 2618; x_wconf 74' lang='lat' dir='ltr'>arctavideu-</span> <span class='ocrx_word' id='word_1_315' title='bbox 1042 2565 1262 2637; x_wconf 76' lang='lat' dir='ltr'>dirigeremitam</span> <span class='ocrx_word' id='word_1_316' title='bbox 1280 2568 1463 2638; x_wconf 69' lang='lat' dir='ltr'>peritissimis.</span> <span class='ocrx_word' id='word_1_317' title='bbox 1477 2568 1517 2625; x_wconf 81' lang='lat' dir='ltr'>lle</span> <span class='ocrx_word' id='word_1_318' title='bbox 1529 2570 1653 2627; x_wconf 75' lang='lat' dir='ltr'>videlieet</span> <span class='ocrx_word' id='word_1_319' title='bbox 1674 2586 1751 2629; x_wconf 72' lang='lat' dir='ltr'>erres</span> <span class='ocrx_word' id='word_1_320' title='bbox 1767 2574 1797 2630; x_wconf 87' lang='lat' dir='ltr'>in</span> 
     </span>
     <span class='ocr_line' id='line_1_26' title="bbox 160 2648 1243 2726; baseline -0.002 -15"><span class='ocrx_word' id='word_1_321' title='bbox 160 2665 203 2711; x_wconf 87' lang='lat' dir='ltr'>tar</span> <span class='ocrx_word' id='word_1_322' title='bbox 215 2664 245 2712; x_wconf 90' lang='lat' dir='ltr'>et</span> <span class='ocrx_word' id='word_1_323' title='bbox 259 2664 399 2726; x_wconf 77' lang='lat' dir='ltr'>angusta,</span> <span class='ocrx_word' id='word_1_324' title='bbox 415 2655 477 2709; x_wconf 82' lang='lat' dir='ltr'>dunt</span> <span class='ocrx_word' id='word_1_325' title='bbox 496 2667 560 2708; x_wconf 85' lang='lat' dir='ltr'>uero</span> <span class='ocrx_word' id='word_1_326' title='bbox 573 2650 725 2723; x_wconf 87' lang='lat' dir='ltr'>prolectam</span> <span class='ocrx_word' id='word_1_327' title='bbox 749 2651 876 2721; x_wconf 90' lang='lat' dir='ltr'>capiunt,</span> <span class='ocrx_word' id='word_1_328' title='bbox 895 2648 953 2719; x_wconf 84' lang='lat' dir='ltr'>jam</span> <span class='ocrx_word' id='word_1_329' title='bbox 1004 2654 1111 2711; x_wconf 83' lang='lat' dir='ltr'>actibus</span> <span class='ocrx_word' id='word_1_330' title='bbox 1122 2656 1243 2712; x_wconf 86' lang='lat' dir='ltr'>antllde.</span> 
     </span>
     <span class='ocr_line' id='line_1_27' title="bbox 158 2738 1799 2813; baseline -0.002 2"><span class='ocrx_word' id='word_1_331' title='bbox 158 2761 191 2801; x_wconf 66' lang='lat'>⁸¹</span> <span class='ocrx_word' id='word_1_332' title='bbox 206 2744 406 2801; x_wconf 58' lang='grc' dir='ltr'>ωὓὸὓὸὓῶὓθ</span> <span class='ocrx_word' id='word_1_333' title='bbox 418 2743 545 2813; x_wconf 51' lang='lat' dir='ltr'>didimi&amp;</span> <span class='ocrx_word' id='word_1_334' title='bbox 555 2741 718 2796; x_wconf 50' lang='lat' dir='ltr'>Videmus&amp;</span> <span class='ocrx_word' id='word_1_335' title='bbox 728 2740 800 2805; x_wconf 50' lang='lat'>¹³¹1&amp;</span> <span class='ocrx_word' id='word_1_336' title='bbox 810 2738 953 2806; x_wconf 64' lang='lat' dir='ltr'>Psalflliffl</span> <span class='ocrx_word' id='word_1_337' title='bbox 1039 2747 1075 2801; x_wconf 82' lang='lat' dir='ltr'>Et</span> <span class='ocrx_word' id='word_1_338' title='bbox 1091 2761 1179 2804; x_wconf 74' lang='lat' dir='ltr'>earm</span> <span class='ocrx_word' id='word_1_339' title='bbox 1194 2751 1242 2804; x_wconf 83' lang='lat' dir='ltr'>aire</span> <span class='ocrx_word' id='word_1_340' title='bbox 1254 2761 1307 2805; x_wconf 81' lang='lat' dir='ltr'>tata</span> <span class='ocrx_word' id='word_1_341' title='bbox 1322 2751 1497 2806; x_wconf 66' lang='lat' dir='ltr'>stabilientur.</span> <span class='ocrx_word' id='word_1_342' title='bbox 1513 2751 1677 2810; x_wconf 75' lang='lat' dir='ltr'>deleaute</span> <span class='ocrx_word' id='word_1_343' title='bbox 1699 2756 1799 2813; x_wconf 86' lang='lat' dir='ltr'>mentis</span> 
     </span>
     <span class='ocr_line' id='line_1_28' title="bbox 159 2827 1799 2913; baseline -0.001 -23"><span class='ocrx_word' id='word_1_344' title='bbox 159 2844 288 2901; x_wconf 84' lang='lat' dir='ltr'>testante,</span> <span class='ocrx_word' id='word_1_345' title='bbox 304 2834 349 2907; x_wconf 85' lang='lat' dir='ltr'>qai</span> <span class='ocrx_word' id='word_1_346' title='bbox 364 2849 427 2888; x_wconf 89' lang='lat' dir='ltr'>eum</span> <span class='ocrx_word' id='word_1_347' title='bbox 445 2833 575 2902; x_wconf 88' lang='lat' dir='ltr'>insipieus</span> <span class='ocrx_word' id='word_1_348' title='bbox 596 2830 710 2887; x_wconf 80' lang='lat' dir='ltr'>danim</span> <span class='ocrx_word' id='word_1_349' title='bbox 732 2830 846 2886; x_wconf 84' lang='lat' dir='ltr'>dixisset</span> <span class='ocrx_word' id='word_1_350' title='bbox 861 2847 868 2883; x_wconf 92' lang='lat'><strong>:</strong></span> <span class='ocrx_word' id='word_1_351' title='bbox 883 2827 954 2884; x_wconf 84' lang='lat' dir='ltr'>Pro·</span> <span class='ocrx_word' id='word_1_352' title='bbox 1003 2851 1020 2891; x_wconf 87' lang='lat' dir='ltr'>a</span> <span class='ocrx_word' id='word_1_353' title='bbox 1035 2838 1107 2892; x_wconf 91' lang='lat' dir='ltr'>bona</span> <span class='ocrx_word' id='word_1_354' title='bbox 1119 2840 1255 2896; x_wconf 84' lang='lat' dir='ltr'>movearis</span> <span class='ocrx_word' id='word_1_355' title='bbox 1268 2843 1418 2912; x_wconf 89' lang='lat' dir='ltr'>proposita.</span> <span class='ocrx_word' id='word_1_356' title='bbox 1435 2841 1504 2898; x_wconf 83' lang='lat' dir='ltr'>llius</span> <span class='ocrx_word' id='word_1_357' title='bbox 1516 2852 1544 2898; x_wconf 81' lang='lat' dir='ltr'>ct</span> <span class='ocrx_word' id='word_1_358' title='bbox 1554 2841 1699 2913; x_wconf 71' lang='lat' dir='ltr'>Apostolus</span> <span class='ocrx_word' id='word_1_359' title='bbox 1712 2863 1718 2900; x_wconf 92' lang='lat'>:</span> <span class='ocrx_word' id='word_1_360' title='bbox 1735 2844 1799 2901; x_wconf 59' lang='lat' dir='ltr'>sia„</span> 
     </span>
     <span class='ocr_line' id='line_1_29' title="bbox 158 2919 1798 3000; baseline 0.005 -20"><span class='ocrx_word' id='word_1_361' title='bbox 158 2935 214 2995; x_wconf 87' lang='lat' dir='ltr'>pler</span> <span class='ocrx_word' id='word_1_362' title='bbox 225 2925 307 2980; x_wconf 77' lang='lat' dir='ltr'>mia</span> <span class='ocrx_word' id='word_1_363' title='bbox 325 2922 455 2978; x_wconf 78' lang='lat' dir='ltr'>ludicram</span> <span class='ocrx_word' id='word_1_364' title='bbox 473 2933 578 2976; x_wconf 84' lang='lat' dir='ltr'>tuorum</span> <span class='ocrx_word' id='word_1_365' title='bbox 596 2937 643 2992; x_wconf 84' lang='lat' dir='ltr'>ega</span> <span class='ocrx_word' id='word_1_366' title='bbox 665 2919 791 2974; x_wconf 82' lang='lat' dir='ltr'>castadiei</span> <span class='ocrx_word' id='word_1_367' title='bbox 804 2919 858 2973; x_wconf 80' lang='lat' dir='ltr'>aiat</span> <span class='ocrx_word' id='word_1_368' title='bbox 871 2919 953 2972; x_wconf 83' lang='lat' dir='ltr'>duras</span> <span class='ocrx_word' id='word_1_369' title='bbox 1004 2924 1069 2980; x_wconf 75' lang='lat' dir='ltr'>bilei</span> <span class='ocrx_word' id='word_1_370' title='bbox 1080 2936 1172 2994; x_wconf 79' lang='lat' dir='ltr'>ettam,</span> <span class='ocrx_word' id='word_1_371' title='bbox 1182 2937 1207 2982; x_wconf 89' lang='lat' dir='ltr'>et</span> <span class='ocrx_word' id='word_1_372' title='bbox 1216 2928 1371 2996; x_wconf 74' lang='lat' dir='ltr'>immadidet,</span> <span class='ocrx_word' id='word_1_373' title='bbox 1385 2929 1549 2986; x_wconf 79' lang='lat' dir='ltr'>aiaudarrtea</span> <span class='ocrx_word' id='word_1_374' title='bbox 1558 2934 1587 2986; x_wconf 83' lang='lat' dir='ltr'>in</span> <span class='ocrx_word' id='word_1_375' title='bbox 1600 2949 1677 3000; x_wconf 84' lang='lat' dir='ltr'>apere</span> <span class='ocrx_word' id='word_1_376' title='bbox 1690 2933 1798 2990; x_wconf 72' lang='lat' dir='ltr'>domim</span> 
     </span>
     <span class='ocr_line' id='line_1_30' title="bbox 157 3011 1297 3091; baseline -0.002 -18"><span class='ocrx_word' id='word_1_377' title='bbox 157 3016 244 3088; x_wconf 80' lang='lat' dir='ltr'>(Paul.</span> <span class='ocrx_word' id='word_1_378' title='bbox 272 3017 342 3088; x_wconf 78' lang='lat' dir='ltr'>aar),</span> <span class='ocrx_word' id='word_1_379' title='bbox 368 3014 539 3087; x_wconf 75' lang='lat' dir='ltr'>posmodum</span> <span class='ocrx_word' id='word_1_380' title='bbox 560 3014 617 3085; x_wconf 82' lang='lat' dir='ltr'>jam</span> <span class='ocrx_word' id='word_1_381' title='bbox 641 3011 786 3082; x_wconf 78' lang='lat' dir='ltr'>proficiens</span> <span class='ocrx_word' id='word_1_382' title='bbox 811 3011 951 3066; x_wconf 84' lang='lat' dir='ltr'>canebat:</span> <span class='ocrx_word' id='word_1_383' title='bbox 1003 3033 1104 3088; x_wconf 59' lang='lat' dir='ltr'>uesper</span> <span class='ocrx_word' id='word_1_384' title='bbox 1119 3015 1145 3088; x_wconf 90' lang='lat' dir='ltr'>(l</span> <span class='ocrx_word' id='word_1_385' title='bbox 1157 3017 1221 3071; x_wconf 77' lang='lat' dir='ltr'>Car.</span> <span class='ocrx_word' id='word_1_386' title='bbox 1235 3019 1297 3091; x_wconf 82' lang='lat' dir='ltr'>xv).</span> 
     </span>
    </p>

    <p class='ocr_par' dir='ltr' id='par_1_9' title="bbox 156 3102 1799 3909">
     <span class='ocr_line' id='line_1_31' title="bbox 163 3102 1795 3181; baseline 0 -16"><span class='ocrx_word' id='word_1_387' title='bbox 163 3110 238 3167; x_wconf 82' lang='lat' dir='ltr'>Viam</span> <span class='ocrx_word' id='word_1_388' title='bbox 254 3110 442 3167; x_wconf 76' lang='lat' dir='ltr'>mandatorem</span> <span class='ocrx_word' id='word_1_389' title='bbox 456 3118 561 3161; x_wconf 76' lang='lat' dir='ltr'>tuamen</span> <span class='ocrx_word' id='word_1_390' title='bbox 575 3104 755 3160; x_wconf 76' lang='lat' dir='ltr'>cacurridam</span> <span class='ocrx_word' id='word_1_391' title='bbox 768 3102 954 3157; x_wconf 79' lang='lat' dir='ltr'>dilatareaear</span> <span class='ocrx_word' id='word_1_392' title='bbox 1041 3108 1083 3162; x_wconf 85' lang='lat' dir='ltr'>Ns</span> <span class='ocrx_word' id='word_1_393' title='bbox 1109 3108 1222 3164; x_wconf 80' lang='lat' dir='ltr'>deaiirma</span> <span class='ocrx_word' id='word_1_394' title='bbox 1249 3110 1285 3164; x_wconf 81' lang='lat' dir='ltr'>ad</span> <span class='ocrx_word' id='word_1_395' title='bbox 1317 3110 1451 3166; x_wconf 80' lang='lat' dir='ltr'>deuterum</span> <span class='ocrx_word' id='word_1_396' title='bbox 1479 3128 1563 3181; x_wconf 77' lang='lat' dir='ltr'>nepae</span> <span class='ocrx_word' id='word_1_397' title='bbox 1589 3114 1625 3167; x_wconf 86' lang='lat' dir='ltr'>ad</span> <span class='ocrx_word' id='word_1_398' title='bbox 1650 3115 1795 3170; x_wconf 69' lang='lat' dir='ltr'>mulctram.</span> 
     </span>
     <span class='ocr_line' id='line_1_32' title="bbox 156 3181 1796 3281; baseline -0.002 -18"><span class='ocrx_word' id='word_1_399' title='bbox 156 3222 243 3266; x_wconf 83' lang='lat' dir='ltr'>meum</span> <span class='ocrx_word' id='word_1_400' title='bbox 259 3202 347 3281; x_wconf 80' lang='lat' dir='ltr'>(Psoi.</span> <span class='ocrx_word' id='word_1_401' title='bbox 367 3200 473 3277; x_wconf 75' lang='lat' dir='ltr'>erran).</span> <span class='ocrx_word' id='word_1_402' title='bbox 500 3200 532 3258; x_wconf 82' lang='lat' dir='ltr'>lit</span> <span class='ocrx_word' id='word_1_403' title='bbox 552 3199 575 3257; x_wconf 87' lang='lat' dir='ltr'>si</span> <span class='ocrx_word' id='word_1_404' title='bbox 592 3212 657 3273; x_wconf 83' lang='lat' dir='ltr'>ergo</span> <span class='ocrx_word' id='word_1_405' title='bbox 680 3196 791 3253; x_wconf 75' lang='lat' dir='ltr'>miuus</span> <span class='ocrx_word' id='word_1_406' title='bbox 816 3192 952 3266; x_wconf 73' lang='lat' dir='ltr'>audiatis</span> <span class='ocrx_word' id='word_1_407' title='bbox 966 3181 988 3245; x_wconf 80' lang='lat' dir='ltr'>C</span> <span class='ocrx_word' id='word_1_408' title='bbox 1004 3198 1119 3256; x_wconf 79' lang='lat' dir='ltr'>Dextera</span> <span class='ocrx_word' id='word_1_409' title='bbox 1143 3199 1187 3256; x_wconf 85' lang='lat' dir='ltr'>riu</span> <span class='ocrx_word' id='word_1_410' title='bbox 1209 3199 1278 3256; x_wconf 92' lang='lat' dir='ltr'>bana</span> <span class='ocrx_word' id='word_1_411' title='bbox 1304 3201 1415 3258; x_wconf 86' lang='lat' dir='ltr'>sinistra</span> <span class='ocrx_word' id='word_1_412' title='bbox 1433 3202 1567 3273; x_wconf 84' lang='lat' dir='ltr'>accipitur</span> <span class='ocrx_word' id='word_1_413' title='bbox 1587 3206 1711 3276; x_wconf 80' lang='lat' dir='ltr'>reproba.</span> <span class='ocrx_word' id='word_1_414' title='bbox 1736 3205 1796 3260; x_wconf 87' lang='lat' dir='ltr'>Nan</span> 
     </span>
     <span class='ocr_line' id='line_1_33' title="bbox 157 3289 1794 3366; baseline -0.013 -10"><span class='ocrx_word' id='word_1_415' title='bbox 157 3316 218 3356; x_wconf 85' lang='lat' dir='ltr'>cum</span> <span class='ocrx_word' id='word_1_416' title='bbox 233 3299 340 3366; x_wconf 82' lang='lat' dir='ltr'>ingredi</span> <span class='ocrx_word' id='word_1_417' title='bbox 354 3296 563 3366; x_wconf 79' lang='lat' dir='ltr'>ctepcrisarctae</span> <span class='ocrx_word' id='word_1_418' title='bbox 577 3293 625 3348; x_wconf 86' lang='lat' dir='ltr'>tibi</span> <span class='ocrx_word' id='word_1_419' title='bbox 640 3289 775 3355; x_wconf 82' lang='lat' dir='ltr'>ridentur,</span> <span class='ocrx_word' id='word_1_420' title='bbox 786 3304 847 3343; x_wconf 86' lang='lat' dir='ltr'>caut</span> <span class='ocrx_word' id='word_1_421' title='bbox 862 3297 953 3342; x_wconf 87' lang='lat' dir='ltr'>tumen</span> <span class='ocrx_word' id='word_1_422' title='bbox 1002 3306 1068 3362; x_wconf 84' lang='lat' dir='ltr'>erga</span> <span class='ocrx_word' id='word_1_423' title='bbox 1085 3291 1197 3347; x_wconf 85' lang='lat' dir='ltr'>dextera</span> <span class='ocrx_word' id='word_1_424' title='bbox 1213 3293 1255 3347; x_wconf 88' lang='lat' dir='ltr'>ria</span> <span class='ocrx_word' id='word_1_425' title='bbox 1270 3292 1418 3357; x_wconf 81' lang='lat' dir='ltr'>ambulare,</span> <span class='ocrx_word' id='word_1_426' title='bbox 1440 3295 1487 3350; x_wconf 89' lang='lat' dir='ltr'>sed</span> <span class='ocrx_word' id='word_1_427' title='bbox 1502 3294 1535 3349; x_wconf 87' lang='lat' dir='ltr'>ad</span> <span class='ocrx_word' id='word_1_428' title='bbox 1547 3294 1688 3350; x_wconf 78' lang='lat' dir='ltr'>dexteram</span> <span class='ocrx_word' id='word_1_429' title='bbox 1710 3294 1794 3350; x_wconf 80' lang='lat' dir='ltr'>dccii.</span> 
     </span>
     <span class='ocr_line' id='line_1_34' title="bbox 158 3378 1796 3461; baseline -0.005 -15"><span class='ocrx_word' id='word_1_430' title='bbox 158 3407 203 3447; x_wconf 84' lang='lat' dir='ltr'>eas</span> <span class='ocrx_word' id='word_1_431' title='bbox 216 3391 358 3461; x_wconf 87' lang='lat' dir='ltr'>ingressus</span> <span class='ocrx_word' id='word_1_432' title='bbox 378 3387 526 3443; x_wconf 87' lang='lat' dir='ltr'>iuerisnon</span> <span class='ocrx_word' id='word_1_433' title='bbox 539 3383 717 3438; x_wconf 86' lang='lat' dir='ltr'>arctabuntur</span> <span class='ocrx_word' id='word_1_434' title='bbox 730 3395 839 3452; x_wconf 78' lang='lat' dir='ltr'>gressus</span> <span class='ocrx_word' id='word_1_435' title='bbox 853 3378 952 3433; x_wconf 76' lang='lat' dir='ltr'>trientis</span> <span class='ocrx_word' id='word_1_436' title='bbox 1002 3394 1069 3435; x_wconf 89' lang='lat' dir='ltr'>nare</span> <span class='ocrx_word' id='word_1_437' title='bbox 1100 3380 1291 3450; x_wconf 83' lang='lat' dir='ltr'>prohibemur,</span> <span class='ocrx_word' id='word_1_438' title='bbox 1310 3382 1429 3438; x_wconf 80' lang='lat' dir='ltr'>declinat</span> <span class='ocrx_word' id='word_1_439' title='bbox 1444 3384 1517 3439; x_wconf 87' lang='lat' dir='ltr'>enirn</span> <span class='ocrx_word' id='word_1_440' title='bbox 1542 3385 1576 3439; x_wconf 91' lang='lat' dir='ltr'>ad</span> <span class='ocrx_word' id='word_1_441' title='bbox 1603 3384 1726 3439; x_wconf 84' lang='lat' dir='ltr'>dextram</span> <span class='ocrx_word' id='word_1_442' title='bbox 1749 3385 1796 3454; x_wconf 86' lang='lat' dir='ltr'>qui</span> 
     </span>
     <span class='ocr_line' id='line_1_35' title="bbox 158 3467 1799 3549; baseline -0.004 -15"><span class='ocrx_word' id='word_1_443' title='bbox 158 3477 388 3549; x_wconf 69' lang='lat' dir='ltr'>taae3sed1nrta</span> <span class='ocrx_word' id='word_1_444' title='bbox 410 3476 482 3547; x_wconf 80' lang='lat' dir='ltr'>quod</span> <span class='ocrx_word' id='word_1_445' title='bbox 493 3469 785 3541; x_wconf 72' lang='lat' dir='ltr'>dominusnejugum</span> <span class='ocrx_word' id='word_1_446' title='bbox 799 3467 953 3538; x_wconf 80' lang='lat' dir='ltr'>ejussnate</span> <span class='ocrx_word' id='word_1_447' title='bbox 1002 3468 1118 3541; x_wconf 81' lang='lat' dir='ltr'>iujustas</span> <span class='ocrx_word' id='word_1_448' title='bbox 1136 3478 1195 3534; x_wconf 84' lang='lat' dir='ltr'>cst,</span> <span class='ocrx_word' id='word_1_449' title='bbox 1217 3469 1337 3525; x_wconf 87' lang='lat' dir='ltr'>declinat</span> <span class='ocrx_word' id='word_1_450' title='bbox 1358 3472 1392 3527; x_wconf 87' lang='lat' dir='ltr'>ad</span> <span class='ocrx_word' id='word_1_451' title='bbox 1420 3471 1559 3527; x_wconf 85' lang='lat' dir='ltr'>sinistram</span> <span class='ocrx_word' id='word_1_452' title='bbox 1583 3473 1632 3541; x_wconf 72' lang='lat' dir='ltr'>uni</span> <span class='ocrx_word' id='word_1_453' title='bbox 1656 3468 1709 3527; x_wconf 88' lang='lat' dir='ltr'>sibi</span> <span class='ocrx_word' id='word_1_454' title='bbox 1739 3472 1799 3528; x_wconf 86' lang='lat' dir='ltr'>rull</span> 
     </span>
     <span class='ocr_line' id='line_1_36' title="bbox 156 3560 1794 3640; baseline -0.009 -9"><span class='ocrx_word' id='word_1_455' title='bbox 156 3582 185 3631; x_wconf 88' lang='grc' dir='ltr'>ει</span> <span class='ocrx_word' id='word_1_456' title='bbox 197 3589 272 3630; x_wconf 79' lang='lat' dir='ltr'>maus</span> <span class='ocrx_word' id='word_1_457' title='bbox 296 3573 355 3627; x_wconf 80' lang='lat' dir='ltr'>leve</span> <span class='ocrx_word' id='word_1_458' title='bbox 379 3569 508 3640; x_wconf 88' lang='lat' dir='ltr'>reperies.</span> <span class='ocrx_word' id='word_1_459' title='bbox 533 3566 638 3623; x_wconf 82' lang='lat' dir='ltr'>Etenim</span> <span class='ocrx_word' id='word_1_460' title='bbox 663 3563 771 3636; x_wconf 87' lang='lat' dir='ltr'>reprobi</span> <span class='ocrx_word' id='word_1_461' title='bbox 785 3563 812 3618; x_wconf 93' lang='lat' dir='ltr'>iu</span> <span class='ocrx_word' id='word_1_462' title='bbox 829 3564 881 3618; x_wconf 88' lang='lat' dir='ltr'>bac</span> <span class='ocrx_word' id='word_1_463' title='bbox 897 3561 951 3616; x_wconf 86' lang='lat' dir='ltr'>rita</span> <span class='ocrx_word' id='word_1_464' title='bbox 1001 3572 1141 3629; x_wconf 79' lang='lat' dir='ltr'>arrogata,</span> <span class='ocrx_word' id='word_1_465' title='bbox 1155 3560 1226 3630; x_wconf 82' lang='lat' dir='ltr'>quod</span> <span class='ocrx_word' id='word_1_466' title='bbox 1238 3560 1327 3630; x_wconf 78' lang='lat' dir='ltr'>justus</span> <span class='ocrx_word' id='word_1_467' title='bbox 1339 3568 1393 3626; x_wconf 89' lang='lat' dir='ltr'>est,</span> <span class='ocrx_word' id='word_1_468' title='bbox 1408 3561 1525 3616; x_wconf 80' lang='lat' dir='ltr'>declinat</span> <span class='ocrx_word' id='word_1_469' title='bbox 1543 3562 1577 3615; x_wconf 91' lang='lat' dir='ltr'>ad</span> <span class='ocrx_word' id='word_1_470' title='bbox 1590 3561 1732 3617; x_wconf 51' lang='lat' dir='ltr'>¹dexteram</span> <span class='ocrx_word' id='word_1_471' title='bbox 1748 3564 1794 3633; x_wconf 85' lang='lat' dir='ltr'>qtri</span> 
     </span>
     <span class='ocr_line' id='line_1_37' title="bbox 157 3651 1795 3727; baseline -0.005 -6"><span class='ocrx_word' id='word_1_472' title='bbox 157 3664 242 3720; x_wconf 90' lang='lat' dir='ltr'>latum</span> <span class='ocrx_word' id='word_1_473' title='bbox 258 3663 364 3719; x_wconf 87' lang='lat' dir='ltr'>intrant</span> <span class='ocrx_word' id='word_1_474' title='bbox 376 3661 439 3723; x_wconf 83' lang='lat' dir='ltr'>iter,</span> <span class='ocrx_word' id='word_1_475' title='bbox 453 3668 481 3714; x_wconf 89' lang='lat' dir='ltr'>at</span> <span class='ocrx_word' id='word_1_476' title='bbox 495 3659 523 3713; x_wconf 92' lang='lat' dir='ltr'>iu</span> <span class='ocrx_word' id='word_1_477' title='bbox 538 3658 582 3713; x_wconf 83' lang='lat' dir='ltr'>die</span> <span class='ocrx_word' id='word_1_478' title='bbox 593 3655 742 3711; x_wconf 86' lang='lat' dir='ltr'>novissimo</span> <span class='ocrx_word' id='word_1_479' title='bbox 762 3654 853 3724; x_wconf 86' lang='lat' dir='ltr'>ligatis</span> <span class='ocrx_word' id='word_1_480' title='bbox 866 3652 952 3706; x_wconf 90' lang='lat' dir='ltr'>maui-</span> <span class='ocrx_word' id='word_1_481' title='bbox 1000 3651 1036 3707; x_wconf 87' lang='lat' dir='ltr'>de</span> <span class='ocrx_word' id='word_1_482' title='bbox 1052 3653 1108 3708; x_wconf 90' lang='lat' dir='ltr'>suis</span> <span class='ocrx_word' id='word_1_483' title='bbox 1123 3653 1226 3707; x_wconf 81' lang='lat' dir='ltr'>viribus</span> <span class='ocrx_word' id='word_1_484' title='bbox 1240 3655 1394 3724; x_wconf 77' lang='lat' dir='ltr'>presumit,</span> <span class='ocrx_word' id='word_1_485' title='bbox 1407 3654 1525 3711; x_wconf 83' lang='lat' dir='ltr'>declinat</span> <span class='ocrx_word' id='word_1_486' title='bbox 1538 3655 1571 3712; x_wconf 87' lang='lat' dir='ltr'>ad</span> <span class='ocrx_word' id='word_1_487' title='bbox 1586 3655 1724 3711; x_wconf 88' lang='lat' dir='ltr'>sinistram</span> <span class='ocrx_word' id='word_1_488' title='bbox 1749 3656 1795 3727; x_wconf 81' lang='lat' dir='ltr'>quui</span> 
     </span>
     <span class='ocr_line' id='line_1_38' title="bbox 157 3741 1796 3824; baseline -0.007 -12"><span class='ocrx_word' id='word_1_489' title='bbox 157 3756 207 3812; x_wconf 85' lang='lat' dir='ltr'>bas</span> <span class='ocrx_word' id='word_1_490' title='bbox 229 3763 260 3812; x_wconf 86' lang='lat' dir='ltr'>at</span> <span class='ocrx_word' id='word_1_491' title='bbox 281 3752 395 3824; x_wconf 87' lang='lat' dir='ltr'>pedibus</span> <span class='ocrx_word' id='word_1_492' title='bbox 410 3752 553 3807; x_wconf 90' lang='lat' dir='ltr'>mittentur</span> <span class='ocrx_word' id='word_1_493' title='bbox 567 3749 596 3804; x_wconf 93' lang='lat' dir='ltr'>in</span> <span class='ocrx_word' id='word_1_494' title='bbox 612 3748 749 3804; x_wconf 88' lang='lat' dir='ltr'>tenebras.</span> <span class='ocrx_word' id='word_1_495' title='bbox 776 3744 861 3801; x_wconf 82' lang='lat' dir='ltr'>Pedes</span> <span class='ocrx_word' id='word_1_496' title='bbox 887 3759 951 3801; x_wconf 84' lang='lat' dir='ltr'>reru</span> <span class='ocrx_word' id='word_1_497' title='bbox 1000 3757 1051 3813; x_wconf 88' lang='lat' dir='ltr'>pro</span> <span class='ocrx_word' id='word_1_498' title='bbox 1065 3757 1115 3797; x_wconf 89' lang='lat' dir='ltr'>sua</span> <span class='ocrx_word' id='word_1_499' title='bbox 1128 3741 1273 3814; x_wconf 79' lang='lat' dir='ltr'>fragilitate</span> <span class='ocrx_word' id='word_1_500' title='bbox 1285 3744 1411 3814; x_wconf 85' lang='lat' dir='ltr'>desperat</span> <span class='ocrx_word' id='word_1_501' title='bbox 1422 3756 1542 3815; x_wconf 80' lang='lat' dir='ltr'>esposse</span> <span class='ocrx_word' id='word_1_502' title='bbox 1551 3745 1661 3809; x_wconf 82' lang='lat' dir='ltr'>salvari,</span> <span class='ocrx_word' id='word_1_503' title='bbox 1677 3745 1796 3801; x_wconf 87' lang='lat' dir='ltr'>declinat</span> 
     </span>
     <span class='ocr_line' id='line_1_39' title="bbox 156 3832 1794 3909; baseline -0.004 -11"><span class='ocrx_word' id='word_1_504' title='bbox 156 3843 308 3900; x_wconf 84' lang='lat' dir='ltr'>electorum</span> <span class='ocrx_word' id='word_1_505' title='bbox 321 3838 511 3909; x_wconf 80' lang='lat' dir='ltr'>dirigunturin</span> <span class='ocrx_word' id='word_1_506' title='bbox 529 3837 601 3892; x_wconf 82' lang='lat' dir='ltr'>uiam</span> <span class='ocrx_word' id='word_1_507' title='bbox 614 3835 699 3905; x_wconf 78' lang='lat' dir='ltr'>pacis.</span> <span class='ocrx_word' id='word_1_508' title='bbox 1000 3832 1183 3887; x_wconf 67' lang='lat' dir='ltr'>aduerterunt</span> <span class='ocrx_word' id='word_1_509' title='bbox 1197 3833 1243 3901; x_wconf 79' lang='lat' dir='ltr'>auu</span> <span class='ocrx_word' id='word_1_510' title='bbox 1262 3833 1383 3888; x_wconf 78' lang='lat' dir='ltr'>stultitia</span> <span class='ocrx_word' id='word_1_511' title='bbox 1400 3832 1559 3903; x_wconf 84' lang='lat' dir='ltr'>tauruiatur,</span> <span class='ocrx_word' id='word_1_512' title='bbox 1573 3836 1690 3892; x_wconf 89' lang='lat' dir='ltr'>declinat</span> <span class='ocrx_word' id='word_1_513' title='bbox 1707 3836 1740 3890; x_wconf 87' lang='lat' dir='ltr'>ad</span> <span class='ocrx_word' id='word_1_514' title='bbox 1756 3837 1794 3892; x_wconf 91' lang='lat' dir='ltr'>si-</span> 
     </span>
    </p>

    <p class='ocr_par' dir='ltr' id='par_1_10' title="bbox 154 3921 1795 4462">
     <span class='ocr_line' id='line_1_40' title="bbox 190 3921 1793 3998; baseline -0.005 -9"><span class='ocrx_word' id='word_1_515' title='bbox 190 3934 227 3990; x_wconf 79' lang='lat' dir='ltr'>Et</span> <span class='ocrx_word' id='word_1_516' title='bbox 240 3948 350 3988; x_wconf 80' lang='lat' dir='ltr'>caerem</span> <span class='ocrx_word' id='word_1_517' title='bbox 361 3947 414 3987; x_wconf 83' lang='lat' dir='ltr'>naa</span> <span class='ocrx_word' id='word_1_518' title='bbox 425 3928 531 3984; x_wconf 76' lang='lat' dir='ltr'>babebis</span> <span class='ocrx_word' id='word_1_519' title='bbox 543 3925 741 3997; x_wconf 68' lang='lat' dir='ltr'>offendiculum.</span> <span class='ocrx_word' id='word_1_520' title='bbox 758 3924 818 3992; x_wconf 83' lang='lat' dir='ltr'>Quo</span> <span class='ocrx_word' id='word_1_521' title='bbox 834 3924 952 3981; x_wconf 86' lang='lat' dir='ltr'>alacrius</span> <span class='ocrx_word' id='word_1_522' title='bbox 1000 3921 1115 3977; x_wconf 89' lang='lat' dir='ltr'>nistrarn</span> <span class='ocrx_word' id='word_1_523' title='bbox 1126 3922 1173 3992; x_wconf 76' lang='lat' dir='ltr'>pai</span> <span class='ocrx_word' id='word_1_524' title='bbox 1186 3922 1316 3992; x_wconf 84' lang='lat' dir='ltr'>rnltpius</span> <span class='ocrx_word' id='word_1_525' title='bbox 1333 3936 1430 3992; x_wconf 88' lang='lat' dir='ltr'>sapere</span> <span class='ocrx_word' id='word_1_526' title='bbox 1451 3938 1532 3994; x_wconf 87' lang='lat' dir='ltr'>quarn</span> <span class='ocrx_word' id='word_1_527' title='bbox 1557 3934 1665 3995; x_wconf 85' lang='lat' dir='ltr'>oportet</span> <span class='ocrx_word' id='word_1_528' title='bbox 1685 3940 1793 3998; x_wconf 84' lang='lat' dir='ltr'>sapere.</span> 
     </span>
     <span class='ocr_line' id='line_1_41' title="bbox 155 4012 1793 4096; baseline -0.006 -13"><span class='ocrx_word' id='word_1_529' title='bbox 155 4028 190 4083; x_wconf 89' lang='lat' dir='ltr'>ad</span> <span class='ocrx_word' id='word_1_530' title='bbox 204 4024 341 4096; x_wconf 82' lang='lat' dir='ltr'>implenda</span> <span class='ocrx_word' id='word_1_531' title='bbox 360 4022 407 4078; x_wconf 82' lang='lat' dir='ltr'>bei</span> <span class='ocrx_word' id='word_1_532' title='bbox 427 4020 554 4077; x_wconf 88' lang='lat' dir='ltr'>mandata</span> <span class='ocrx_word' id='word_1_533' title='bbox 568 4017 733 4080; x_wconf 78' lang='lat' dir='ltr'>attenuaris,</span> <span class='ocrx_word' id='word_1_534' title='bbox 749 4030 782 4071; x_wconf 86' lang='lat' dir='ltr'>so</span> <span class='ocrx_word' id='word_1_535' title='bbox 797 4015 887 4071; x_wconf 86' lang='lat' dir='ltr'>miuus</span> <span class='ocrx_word' id='word_1_536' title='bbox 902 4015 952 4069; x_wconf 91' lang='lat' dir='ltr'>ad·</span> <span class='ocrx_word' id='word_1_537' title='bbox 1000 4012 1076 4080; x_wconf 72' lang='lat' dir='ltr'>aaut</span> <span class='ocrx_word' id='word_1_538' title='bbox 1088 4022 1118 4067; x_wconf 85' lang='lat' dir='ltr'>et</span> <span class='ocrx_word' id='word_1_539' title='bbox 1136 4013 1169 4069; x_wconf 91' lang='lat' dir='ltr'>de</span> <span class='ocrx_word' id='word_1_540' title='bbox 1181 4012 1289 4069; x_wconf 77' lang='lat' dir='ltr'>catoris</span> <span class='ocrx_word' id='word_1_541' title='bbox 1302 4014 1446 4070; x_wconf 81' lang='lat' dir='ltr'>virtutibus</span> <span class='ocrx_word' id='word_1_542' title='bbox 1466 4030 1498 4071; x_wconf 86' lang='lat' dir='ltr'>ac</span> <span class='ocrx_word' id='word_1_543' title='bbox 1515 4016 1587 4071; x_wconf 79' lang='lat' dir='ltr'>viliis</span> <span class='ocrx_word' id='word_1_544' title='bbox 1601 4015 1695 4072; x_wconf 87' lang='lat' dir='ltr'>eodem</span> <span class='ocrx_word' id='word_1_545' title='bbox 1712 4017 1793 4074; x_wconf 87' lang='lat' dir='ltr'>modo</span> 
     </span>
     <span class='ocr_line' id='line_1_42' title="bbox 154 4101 1172 4185; baseline -0.014 -14"><span class='ocrx_word' id='word_1_546' title='bbox 154 4131 246 4182; x_wconf 81' lang='lat' dir='ltr'>seraa,</span> <span class='ocrx_word' id='word_1_547' title='bbox 260 4128 324 4185; x_wconf 72' lang='lat' dir='ltr'>qam</span> <span class='ocrx_word' id='word_1_548' title='bbox 336 4121 364 4168; x_wconf 92' lang='lat' dir='ltr'>te</span> <span class='ocrx_word' id='word_1_549' title='bbox 380 4111 529 4181; x_wconf 86' lang='lat' dir='ltr'>impediant</span> <span class='ocrx_word' id='word_1_550' title='bbox 543 4107 659 4165; x_wconf 84' lang='lat' dir='ltr'>timebis.</span> <span class='ocrx_word' id='word_1_551' title='bbox 672 4106 740 4161; x_wconf 89' lang='lat' dir='ltr'>Nam</span> <span class='ocrx_word' id='word_1_552' title='bbox 755 4105 910 4175; x_wconf 78' lang='lat' dir='ltr'>utrimnque</span> <span class='ocrx_word' id='word_1_553' title='bbox 922 4103 950 4157; x_wconf 92' lang='lat' dir='ltr'>iu</span> <span class='ocrx_word' id='word_1_554' title='bbox 1000 4101 1172 4174; x_wconf 80' lang='lat' dir='ltr'>intelligitur.</span> 
     </span>
     <span class='ocr_line' id='line_1_43' title="bbox 155 4195 1795 4278; baseline -0.002 -19"><span class='ocrx_word' id='word_1_555' title='bbox 155 4220 240 4278; x_wconf 79' lang='lat' dir='ltr'>peasa</span> <span class='ocrx_word' id='word_1_556' title='bbox 253 4196 716 4265; x_wconf 66' lang='lat' dir='ltr'>aetioaedeaudaneodeudiculum</span> <span class='ocrx_word' id='word_1_557' title='bbox 729 4196 757 4251; x_wconf 91' lang='lat' dir='ltr'>ia</span> <span class='ocrx_word' id='word_1_558' title='bbox 769 4195 950 4251; x_wconf 79' lang='lat' dir='ltr'>medicamen</span> <span class='ocrx_word' id='word_1_559' title='bbox 1034 4197 1128 4252; x_wconf 62' lang='lat' dir='ltr'>»laerte</span> <span class='ocrx_word' id='word_1_560' title='bbox 1152 4197 1244 4268; x_wconf 80' lang='lat' dir='ltr'>pedem</span> <span class='ocrx_word' id='word_1_561' title='bbox 1268 4207 1342 4253; x_wconf 86' lang='lat' dir='ltr'>taam</span> <span class='ocrx_word' id='word_1_562' title='bbox 1368 4214 1384 4252; x_wconf 88' lang='lat' dir='ltr'>a</span> <span class='ocrx_word' id='word_1_563' title='bbox 1406 4197 1487 4253; x_wconf 79' lang='lat' dir='ltr'>malm</span> <span class='ocrx_word' id='word_1_564' title='bbox 1504 4197 1561 4253; x_wconf 92' lang='lat' dir='ltr'>lloc</span> <span class='ocrx_word' id='word_1_565' title='bbox 1572 4207 1626 4267; x_wconf 88' lang='lat' dir='ltr'>est,</span> <span class='ocrx_word' id='word_1_566' title='bbox 1637 4214 1672 4255; x_wconf 90' lang='lat' dir='ltr'>ne</span> <span class='ocrx_word' id='word_1_567' title='bbox 1683 4198 1727 4253; x_wconf 87' lang='lat' dir='ltr'>rel</span> <span class='ocrx_word' id='word_1_568' title='bbox 1740 4200 1795 4256; x_wconf 83' lang='lat' dir='ltr'>lrua</span> 
     </span>
     <span class='ocr_line' id='line_1_44' title="bbox 155 4286 1793 4369; baseline -0.005 -16"><span class='ocrx_word' id='word_1_569' title='bbox 155 4297 309 4369; x_wconf 82' lang='lat' dir='ltr'>reperiunt,</span> <span class='ocrx_word' id='word_1_570' title='bbox 325 4295 389 4367; x_wconf 80' lang='lat' dir='ltr'>auia</span> <span class='ocrx_word' id='word_1_571' title='bbox 413 4292 550 4363; x_wconf 78' lang='lat' dir='ltr'>externplo</span> <span class='ocrx_word' id='word_1_572' title='bbox 563 4291 626 4349; x_wconf 84' lang='lat' dir='ltr'>dunt</span> <span class='ocrx_word' id='word_1_573' title='bbox 641 4304 695 4347; x_wconf 90' lang='lat' dir='ltr'>aon</span> <span class='ocrx_word' id='word_1_574' title='bbox 714 4288 881 4359; x_wconf 76' lang='lat' dir='ltr'>praevident,</span> <span class='ocrx_word' id='word_1_575' title='bbox 906 4302 950 4343; x_wconf 88' lang='lat' dir='ltr'>ra·</span> <span class='ocrx_word' id='word_1_576' title='bbox 999 4286 1042 4343; x_wconf 84' lang='lat' dir='ltr'>acl</span> <span class='ocrx_word' id='word_1_577' title='bbox 1057 4286 1147 4343; x_wconf 85' lang='lat' dir='ltr'>iliaca</span> <span class='ocrx_word' id='word_1_578' title='bbox 1166 4302 1232 4343; x_wconf 84' lang='lat' dir='ltr'>vero</span> <span class='ocrx_word' id='word_1_579' title='bbox 1244 4288 1346 4353; x_wconf 83' lang='lat' dir='ltr'>devias,</span> <span class='ocrx_word' id='word_1_580' title='bbox 1367 4289 1433 4359; x_wconf 85' lang='lat' dir='ltr'>quia</span> <span class='ocrx_word' id='word_1_581' title='bbox 1462 4289 1576 4344; x_wconf 83' lang='lat' dir='ltr'>virtutes</span> <span class='ocrx_word' id='word_1_582' title='bbox 1599 4289 1793 4346; x_wconf 86' lang='lat' dir='ltr'>discretionem</span> 
     </span>
     <span class='ocr_line' id='line_1_45' title="bbox 154 4379 1606 4462; baseline -0.008 -16"><span class='ocrx_word' id='word_1_583' title='bbox 154 4392 269 4462; x_wconf 86' lang='lat' dir='ltr'>piantur</span> <span class='ocrx_word' id='word_1_584' title='bbox 280 4389 313 4444; x_wconf 90' lang='lat' dir='ltr'>ad</span> <span class='ocrx_word' id='word_1_585' title='bbox 323 4401 441 4458; x_wconf 77' lang='lat' dir='ltr'>paenam</span> <span class='ocrx_word' id='word_1_586' title='bbox 999 4388 1136 4448; x_wconf 79' lang='lat' dir='ltr'>quamne,</span> <span class='ocrx_word' id='word_1_587' title='bbox 1149 4384 1177 4432; x_wconf 90' lang='lat' dir='ltr'>et</span> <span class='ocrx_word' id='word_1_588' title='bbox 1189 4379 1316 4434; x_wconf 85' lang='lat' dir='ltr'>nimietas</span> <span class='ocrx_word' id='word_1_589' title='bbox 1324 4379 1415 4435; x_wconf 86' lang='lat' dir='ltr'>amuis</span> <span class='ocrx_word' id='word_1_590' title='bbox 1430 4379 1457 4434; x_wconf 90' lang='lat' dir='ltr'>iu</span> <span class='ocrx_word' id='word_1_591' title='bbox 1470 4379 1539 4434; x_wconf 79' lang='lat' dir='ltr'>uitio</span> <span class='ocrx_word' id='word_1_592' title='bbox 1554 4389 1606 4435; x_wconf 91' lang='lat' dir='ltr'>est.</span> 
     </span>
    </p>

    <p class='ocr_par' dir='ltr' id='par_1_11' title="bbox 154 4467 1795 4916">
     <span class='ocr_line' id='line_1_46' title="bbox 189 4467 1793 4582; baseline -0.004 -45"><span class='ocrx_word' id='word_1_593' title='bbox 189 4478 340 4537; x_wconf 79' lang='lat' dir='ltr'>Garasdaat</span> <span class='ocrx_word' id='word_1_594' title='bbox 365 4491 459 4546; x_wconf 83' lang='lat' dir='ltr'>paueat</span> <span class='ocrx_word' id='word_1_595' title='bbox 483 4471 624 4543; x_wconf 77' lang='lat' dir='ltr'>impietatis</span> <span class='ocrx_word' id='word_1_596' title='bbox 645 4479 670 4527; x_wconf 81' lang='lat' dir='ltr'>st</span> <span class='ocrx_word' id='word_1_597' title='bbox 695 4470 785 4526; x_wconf 80' lang='lat' dir='ltr'>uiuam</span> <span class='ocrx_word' id='word_1_598' title='bbox 801 4469 988 4582; x_wconf 57' lang='lat' dir='ltr'>iniquitaten</span> <span class='ocrx_word' id='word_1_599' title='bbox 1039 4467 1102 4523; x_wconf 79' lang='lat' dir='ltr'>Viae</span> <span class='ocrx_word' id='word_1_600' title='bbox 1113 4470 1192 4535; x_wconf 86' lang='lat' dir='ltr'>enim,</span> <span class='ocrx_word' id='word_1_601' title='bbox 1207 4486 1295 4540; x_wconf 81' lang='lat' dir='ltr'>qaae</span> <span class='ocrx_word' id='word_1_602' title='bbox 1309 4471 1423 4526; x_wconf 79' lang='lat' dir='ltr'>deuteria</span> <span class='ocrx_word' id='word_1_603' title='bbox 1443 4481 1505 4527; x_wconf 81' lang='lat' dir='ltr'>aaut</span> <span class='ocrx_word' id='word_1_604' title='bbox 1518 4473 1589 4527; x_wconf 74' lang='lat' dir='ltr'>namt</span> <span class='ocrx_word' id='word_1_605' title='bbox 1610 4472 1793 4531; x_wconf 72' lang='lat' dir='ltr'>nominauit</span> 
     </span>
     <span class='ocr_line' id='line_1_47' title="bbox 154 4561 1792 4636; baseline -0.005 -8"><span class='ocrx_word' id='word_1_606' title='bbox 154 4574 258 4628; x_wconf 74' lang='lat' dir='ltr'>triam</span> <span class='ocrx_word' id='word_1_607' title='bbox 274 4571 313 4626; x_wconf 88' lang='lat' dir='ltr'>lta</span> <span class='ocrx_word' id='word_1_608' title='bbox 326 4570 435 4626; x_wconf 84' lang='lat' dir='ltr'>actions</span> <span class='ocrx_word' id='word_1_609' title='bbox 447 4566 580 4623; x_wconf 72' lang='lat' dir='ltr'>scamium</span> <span class='ocrx_word' id='word_1_610' title='bbox 596 4564 679 4634; x_wconf 82' lang='lat' dir='ltr'>iniqui</span> <span class='ocrx_word' id='word_1_611' title='bbox 695 4563 774 4634; x_wconf 83' lang='lat' dir='ltr'>quasi</span> <span class='ocrx_word' id='word_1_612' title='bbox 796 4563 884 4629; x_wconf 75' lang='lat' dir='ltr'>epulis</span> <span class='ocrx_word' id='word_1_613' title='bbox 902 4563 950 4618; x_wconf 87' lang='lat' dir='ltr'>da-</span> <span class='ocrx_word' id='word_1_614' title='bbox 998 4569 1053 4626; x_wconf 88' lang='lat' dir='ltr'>est,</span> <span class='ocrx_word' id='word_1_615' title='bbox 1068 4561 1152 4632; x_wconf 86' lang='lat' dir='ltr'>eligit,</span> <span class='ocrx_word' id='word_1_616' title='bbox 1164 4561 1272 4631; x_wconf 83' lang='lat' dir='ltr'>placent</span> <span class='ocrx_word' id='word_1_617' title='bbox 1283 4561 1334 4629; x_wconf 87' lang='lat' dir='ltr'>illi,</span> <span class='ocrx_word' id='word_1_618' title='bbox 1351 4562 1414 4618; x_wconf 88' lang='lat' dir='ltr'>idco</span> <span class='ocrx_word' id='word_1_619' title='bbox 1431 4561 1642 4633; x_wconf 80' lang='lat' dir='ltr'>displicentibus</span> <span class='ocrx_word' id='word_1_620' title='bbox 1654 4572 1683 4620; x_wconf 88' lang='lat' dir='ltr'>ct</span> <span class='ocrx_word' id='word_1_621' title='bbox 1696 4579 1792 4636; x_wconf 88' lang='lat' dir='ltr'>repra-</span> 
     </span>
     <span class='ocr_line' id='line_1_48' title="bbox 154 4649 1794 4732; baseline -0.005 -12"><span class='ocrx_word' id='word_1_622' title='bbox 154 4664 294 4720; x_wconf 84' lang='lat' dir='ltr'>isctantar</span> <span class='ocrx_word' id='word_1_623' title='bbox 311 4654 694 4732; x_wconf 83' lang='lat' dir='ltr'>appositis,eteertevinum</span> <span class='ocrx_word' id='word_1_624' title='bbox 708 4654 897 4711; x_wconf 83' lang='lat' dir='ltr'>damnatorum</span> <span class='ocrx_word' id='word_1_625' title='bbox 909 4653 951 4710; x_wconf 91' lang='lat' dir='ltr'>bi-</span> <span class='ocrx_word' id='word_1_626' title='bbox 1000 4649 1044 4706; x_wconf 87' lang='lat' dir='ltr'>bis</span> <span class='ocrx_word' id='word_1_627' title='bbox 1066 4651 1261 4707; x_wconf 78' lang='lat' dir='ltr'>dictumseatz</span> <span class='ocrx_word' id='word_1_628' title='bbox 1279 4651 1341 4707; x_wconf 82' lang='lat' dir='ltr'>Nau</span> <span class='ocrx_word' id='word_1_629' title='bbox 1370 4654 1430 4708; x_wconf 84' lang='lat' dir='ltr'>naui</span> <span class='ocrx_word' id='word_1_630' title='bbox 1448 4666 1495 4709; x_wconf 84' lang='lat' dir='ltr'>eoa</span> <span class='ocrx_word' id='word_1_631' title='bbox 1510 4653 1619 4725; x_wconf 79' lang='lat' dir='ltr'>(lintri.</span> <span class='ocrx_word' id='word_1_632' title='bbox 1644 4656 1706 4728; x_wconf 82' lang='lat' dir='ltr'>vn),</span> <span class='ocrx_word' id='word_1_633' title='bbox 1721 4656 1794 4726; x_wconf 81' lang='lat' dir='ltr'>quud</span> 
     </span>
     <span class='ocr_line' id='line_1_49' title="bbox 154 4743 1666 4819; baseline -0.007 -7"><span class='ocrx_word' id='word_1_634' title='bbox 154 4758 223 4812; x_wconf 84' lang='lat' dir='ltr'>baut</span> <span class='ocrx_word' id='word_1_635' title='bbox 237 4763 268 4811; x_wconf 87' lang='lat' dir='ltr'>et</span> <span class='ocrx_word' id='word_1_636' title='bbox 280 4752 462 4809; x_wconf 88' lang='lat' dir='ltr'>esurientibus</span> <span class='ocrx_word' id='word_1_637' title='bbox 475 4749 565 4819; x_wconf 75' lang='lat' dir='ltr'>spiam</span> <span class='ocrx_word' id='word_1_638' title='bbox 586 4747 680 4804; x_wconf 84' lang='lat' dir='ltr'>tollere</span> <span class='ocrx_word' id='word_1_639' title='bbox 695 4747 824 4818; x_wconf 86' lang='lat' dir='ltr'>gandeat,</span> <span class='ocrx_word' id='word_1_640' title='bbox 837 4754 868 4801; x_wconf 89' lang='lat' dir='ltr'>ut</span> <span class='ocrx_word' id='word_1_641' title='bbox 888 4760 951 4803; x_wconf 86' lang='lat' dir='ltr'>assa</span> <span class='ocrx_word' id='word_1_642' title='bbox 1000 4744 1154 4811; x_wconf 75' lang='lat' dir='ltr'>calilicem,</span> <span class='ocrx_word' id='word_1_643' title='bbox 1165 4743 1224 4800; x_wconf 87' lang='lat' dir='ltr'>Non</span> <span class='ocrx_word' id='word_1_644' title='bbox 1236 4760 1283 4801; x_wconf 89' lang='lat' dir='ltr'>ros</span> <span class='ocrx_word' id='word_1_645' title='bbox 1296 4744 1376 4817; x_wconf 86' lang='lat' dir='ltr'>elegi,</span> <span class='ocrx_word' id='word_1_646' title='bbox 1390 4762 1442 4802; x_wconf 91' lang='lat' dir='ltr'>nou</span> <span class='ocrx_word' id='word_1_647' title='bbox 1460 4747 1527 4801; x_wconf 90' lang='lat' dir='ltr'>mlbi</span> <span class='ocrx_word' id='word_1_648' title='bbox 1542 4747 1666 4818; x_wconf 88' lang='lat' dir='ltr'>placetis.</span> 
     </span>
     <span class='ocr_line' id='line_1_50' title="bbox 154 4834 1795 4916; baseline -0.009 -12"><span class='ocrx_word' id='word_1_649' title='bbox 154 4849 241 4904; x_wconf 70' lang='lat' dir='ltr'>nutris</span> <span class='ocrx_word' id='word_1_650' title='bbox 257 4847 402 4916; x_wconf 84' lang='lat' dir='ltr'>impiorum</span> <span class='ocrx_word' id='word_1_651' title='bbox 409 4842 550 4913; x_wconf 80' lang='lat' dir='ltr'>Scriptura</span> <span class='ocrx_word' id='word_1_652' title='bbox 560 4855 638 4897; x_wconf 86' lang='lat' dir='ltr'>saera</span> <span class='ocrx_word' id='word_1_653' title='bbox 648 4848 776 4895; x_wconf 87' lang='lat' dir='ltr'>testatur.</span> <span class='ocrx_word' id='word_1_654' title='bbox 1037 4834 1197 4906; x_wconf 77' lang='lat' dir='ltr'>lpeeautem</span> <span class='ocrx_word' id='word_1_655' title='bbox 1209 4844 1294 4890; x_wconf 81' lang='lat' dir='ltr'>rectas</span> <span class='ocrx_word' id='word_1_656' title='bbox 1305 4835 1382 4905; x_wconf 74' lang='lat' dir='ltr'>faciet</span> <span class='ocrx_word' id='word_1_657' title='bbox 1396 4852 1489 4891; x_wconf 82' lang='lat' dir='ltr'>earam</span> <span class='ocrx_word' id='word_1_658' title='bbox 1504 4846 1580 4903; x_wconf 81' lang='lat' dir='ltr'>tuas,</span> <span class='ocrx_word' id='word_1_659' title='bbox 1594 4838 1690 4891; x_wconf 85' lang='lat' dir='ltr'>itinera</span> <span class='ocrx_word' id='word_1_660' title='bbox 1705 4845 1795 4891; x_wconf 88' lang='lat' dir='ltr'>nutem</span> 
     </span>
    </p>

    <p class='ocr_par' dir='ltr' id='par_1_12' title="bbox 153 4926 1794 5275">
     <span class='ocr_line' id='line_1_51' title="bbox 187 4926 1792 5005; baseline -0.007 -12"><span class='ocrx_word' id='word_1_661' title='bbox 187 4939 333 4995; x_wconf 71' lang='lat' dir='ltr'>iactam</span> <span class='ocrx_word' id='word_1_662' title='bbox 345 4944 433 4991; x_wconf 82' lang='lat' dir='ltr'>astent</span> <span class='ocrx_word' id='word_1_663' title='bbox 444 4934 537 4989; x_wconf 72' lang='lat' dir='ltr'>amita</span> <span class='ocrx_word' id='word_1_664' title='bbox 548 4932 625 5005; x_wconf 74' lang='lat' dir='ltr'>paud</span> <span class='ocrx_word' id='word_1_665' title='bbox 639 4930 688 4988; x_wconf 80' lang='lat' dir='ltr'>lara</span> <span class='ocrx_word' id='word_1_666' title='bbox 699 4930 848 5002; x_wconf 76' lang='lat' dir='ltr'>apientiam,</span> <span class='ocrx_word' id='word_1_667' title='bbox 862 4944 952 4999; x_wconf 82' lang='lat' dir='ltr'>prare-</span> <span class='ocrx_word' id='word_1_668' title='bbox 1001 4935 1048 4980; x_wconf 84' lang='lat' dir='ltr'>ttm</span> <span class='ocrx_word' id='word_1_669' title='bbox 1066 4926 1095 4980; x_wconf 88' lang='lat' dir='ltr'>iu</span> <span class='ocrx_word' id='word_1_670' title='bbox 1115 4941 1179 4996; x_wconf 88' lang='lat' dir='ltr'>paee</span> <span class='ocrx_word' id='word_1_671' title='bbox 1199 4926 1336 4997; x_wconf 76' lang='lat' dir='ltr'>praeiacet.</span> <span class='ocrx_word' id='word_1_672' title='bbox 1356 4926 1384 4983; x_wconf 89' lang='lat' dir='ltr'>Si</span> <span class='ocrx_word' id='word_1_673' title='bbox 1406 4927 1539 4984; x_wconf 83' lang='lat' dir='ltr'>averteris</span> <span class='ocrx_word' id='word_1_674' title='bbox 1562 4942 1579 4982; x_wconf 85' lang='lat' dir='ltr'>a</span> <span class='ocrx_word' id='word_1_675' title='bbox 1603 4928 1675 4982; x_wconf 90' lang='lat' dir='ltr'>mala</span> <span class='ocrx_word' id='word_1_676' title='bbox 1695 4926 1792 4997; x_wconf 81' lang='lat' dir='ltr'>pedem</span> 
     </span>
     <span class='ocr_line' id='line_1_52' title="bbox 153 5017 1792 5095; baseline -0.009 -12"><span class='ocrx_word' id='word_1_677' title='bbox 153 5030 220 5084; x_wconf 79' lang='lat' dir='ltr'>deire</span> <span class='ocrx_word' id='word_1_678' title='bbox 233 5036 259 5083; x_wconf 87' lang='lat' dir='ltr'>et</span> <span class='ocrx_word' id='word_1_679' title='bbox 274 5041 391 5081; x_wconf 75' lang='lat' dir='ltr'>erremus</span> <span class='ocrx_word' id='word_1_680' title='bbox 403 5040 484 5095; x_wconf 78' lang='lat' dir='ltr'>saque</span> <span class='ocrx_word' id='word_1_681' title='bbox 505 5022 540 5076; x_wconf 85' lang='lat' dir='ltr'>ad</span> <span class='ocrx_word' id='word_1_682' title='bbox 557 5019 698 5093; x_wconf 72' lang='lat' dir='ltr'>perlectam</span> <span class='ocrx_word' id='word_1_683' title='bbox 712 5020 792 5075; x_wconf 83' lang='lat' dir='ltr'>diem.</span> <span class='ocrx_word' id='word_1_684' title='bbox 809 5019 949 5076; x_wconf 80' lang='lat' dir='ltr'>iustorum</span> <span class='ocrx_word' id='word_1_685' title='bbox 999 5018 1123 5085; x_wconf 87' lang='lat' dir='ltr'>taum,sl</span> <span class='ocrx_word' id='word_1_686' title='bbox 1137 5019 1208 5074; x_wconf 86' lang='lat' dir='ltr'>bona</span> <span class='ocrx_word' id='word_1_687' title='bbox 1221 5033 1283 5088; x_wconf 84' lang='lat' dir='ltr'>quta</span> <span class='ocrx_word' id='word_1_688' title='bbox 1296 5018 1375 5074; x_wconf 87' lang='lat' dir='ltr'>daani</span> <span class='ocrx_word' id='word_1_689' title='bbox 1385 5017 1619 5086; x_wconf 83' lang='lat' dir='ltr'>Dominoiurante</span> <span class='ocrx_word' id='word_1_690' title='bbox 1631 5017 1722 5072; x_wconf 86' lang='lat' dir='ltr'>lacere</span> <span class='ocrx_word' id='word_1_691' title='bbox 1734 5023 1792 5070; x_wconf 90' lang='lat' dir='ltr'>stu·</span> 
     </span>
     <span class='ocr_line' id='line_1_53' title="bbox 153 5106 1794 5188; baseline -0.007 -16"><span class='ocrx_word' id='word_1_692' title='bbox 153 5132 240 5188; x_wconf 76' lang='lat' dir='ltr'>opera</span> <span class='ocrx_word' id='word_1_693' title='bbox 255 5117 283 5171; x_wconf 87' lang='lat' dir='ltr'>in</span> <span class='ocrx_word' id='word_1_694' title='bbox 297 5115 358 5170; x_wconf 80' lang='lat' dir='ltr'>buce</span> <span class='ocrx_word' id='word_1_695' title='bbox 374 5113 495 5170; x_wconf 72' lang='lat' dir='ltr'>amentio</span> <span class='ocrx_word' id='word_1_696' title='bbox 509 5117 687 5183; x_wconf 81' lang='lat' dir='ltr'>peragantur,</span> <span class='ocrx_word' id='word_1_697' title='bbox 702 5117 730 5166; x_wconf 88' lang='lat' dir='ltr'>at</span> <span class='ocrx_word' id='word_1_698' title='bbox 750 5119 879 5169; x_wconf 79' lang='lat' dir='ltr'>aternam</span> <span class='ocrx_word' id='word_1_699' title='bbox 901 5110 950 5166; x_wconf 89' lang='lat' dir='ltr'>da·</span> <span class='ocrx_word' id='word_1_700' title='bbox 999 5108 1099 5173; x_wconf 90' lang='lat' dir='ltr'>dueris,</span> <span class='ocrx_word' id='word_1_701' title='bbox 1125 5109 1213 5165; x_wconf 86' lang='lat' dir='ltr'>aderit</span> <span class='ocrx_word' id='word_1_702' title='bbox 1233 5109 1291 5179; x_wconf 88' lang='lat' dir='ltr'>ipse</span> <span class='ocrx_word' id='word_1_703' title='bbox 1315 5109 1448 5178; x_wconf 91' lang='lat' dir='ltr'>propitius</span> <span class='ocrx_word' id='word_1_704' title='bbox 1468 5107 1609 5163; x_wconf 79' lang='lat' dir='ltr'>cantatibus</span> <span class='ocrx_word' id='word_1_705' title='bbox 1629 5106 1699 5170; x_wconf 93' lang='lat' dir='ltr'>tuis,</span> <span class='ocrx_word' id='word_1_706' title='bbox 1719 5110 1749 5158; x_wconf 91' lang='grc' dir='ltr'>ιιι</span> <span class='ocrx_word' id='word_1_707' title='bbox 1763 5114 1794 5161; x_wconf 83' lang='grc' dir='ltr'>ει</span> 
     </span>
     <span class='ocr_line' id='line_1_54' title="bbox 153 5193 1791 5275; baseline -0.013 -9"><span class='ocrx_word' id='word_1_708' title='bbox 153 5217 224 5266; x_wconf 78' lang='lat' dir='ltr'>catat</span> <span class='ocrx_word' id='word_1_709' title='bbox 236 5209 272 5264; x_wconf 86' lang='lat' dir='ltr'>ad</span> <span class='ocrx_word' id='word_1_710' title='bbox 285 5208 380 5272; x_wconf 69' lang='lat' dir='ltr'>utam,</span> <span class='ocrx_word' id='word_1_711' title='bbox 395 5220 458 5275; x_wconf 78' lang='lat' dir='ltr'>qaas</span> <span class='ocrx_word' id='word_1_712' title='bbox 467 5213 510 5260; x_wconf 82' lang='lat' dir='ltr'>ert</span> <span class='ocrx_word' id='word_1_713' title='bbox 519 5201 640 5273; x_wconf 83' lang='lat' dir='ltr'>perlecta</span> <span class='ocrx_word' id='word_1_714' title='bbox 653 5202 722 5258; x_wconf 86' lang='lat' dir='ltr'>dias.</span> <span class='ocrx_word' id='word_1_715' title='bbox 1000 5213 1073 5254; x_wconf 88' lang='lat' dir='ltr'>nana</span> <span class='ocrx_word' id='word_1_716' title='bbox 1082 5207 1156 5255; x_wconf 90' lang='lat' dir='ltr'>recte</span> <span class='ocrx_word' id='word_1_717' title='bbox 1168 5198 1284 5269; x_wconf 87' lang='lat' dir='ltr'>ingredi,</span> <span class='ocrx_word' id='word_1_718' title='bbox 1298 5206 1327 5254; x_wconf 87' lang='lat' dir='ltr'>at</span> <span class='ocrx_word' id='word_1_719' title='bbox 1339 5209 1403 5252; x_wconf 89' lang='lat' dir='ltr'>tune</span> <span class='ocrx_word' id='word_1_720' title='bbox 1414 5197 1449 5252; x_wconf 88' lang='lat' dir='ltr'>ad</span> <span class='ocrx_word' id='word_1_721' title='bbox 1460 5210 1556 5266; x_wconf 82' lang='lat' dir='ltr'>pacem</span> <span class='ocrx_word' id='word_1_722' title='bbox 1580 5193 1673 5249; x_wconf 80' lang='lat' dir='ltr'>valeas</span> <span class='ocrx_word' id='word_1_723' title='bbox 1693 5206 1791 5261; x_wconf 85' lang='lat' dir='ltr'>perre-</span> 
     </span>
    </p>

    <p class='ocr_par' dir='ltr' id='par_1_13' title="bbox 153 5288 1792 5728">
     <span class='ocr_line' id='line_1_55' title="bbox 195 5288 1276 5369; baseline -0.011 -15"><span class='ocrx_word' id='word_1_724' title='bbox 195 5299 249 5355; x_wconf 80' lang='lat' dir='ltr'>i&#39;ie</span> <span class='ocrx_word' id='word_1_725' title='bbox 264 5299 406 5369; x_wconf 82' lang='lat' dir='ltr'>impioram</span> <span class='ocrx_word' id='word_1_726' title='bbox 429 5295 564 5351; x_wconf 67' lang='lat' dir='ltr'>mutiam</span> <span class='ocrx_word' id='word_1_727' title='bbox 577 5333 585 5360; x_wconf 89' lang='lat'>‚</span> <span class='ocrx_word' id='word_1_728' title='bbox 600 5294 717 5349; x_wconf 77' lang='lat' dir='ltr'>nesciaet</span> <span class='ocrx_word' id='word_1_729' title='bbox 742 5294 787 5348; x_wconf 83' lang='lat' dir='ltr'>abi</span> <span class='ocrx_word' id='word_1_730' title='bbox 813 5302 949 5348; x_wconf 78' lang='lat' dir='ltr'>caeream.</span> <span class='ocrx_word' id='word_1_731' title='bbox 1000 5289 1061 5345; x_wconf 86' lang='lat' dir='ltr'>nire</span> <span class='ocrx_word' id='word_1_732' title='bbox 1075 5288 1276 5359; x_wconf 85' lang='lat' dir='ltr'>sempiternam.</span> 
     </span>
     <span class='ocr_line' id='line_1_56' title="bbox 154 5374 1479 5457; baseline -0.013 -10"><span class='ocrx_word' id='word_1_733' title='bbox 154 5387 331 5447; x_wconf 78' lang='lat' dir='ltr'>Dieitdehis</span> <span class='ocrx_word' id='word_1_734' title='bbox 343 5386 501 5448; x_wconf 76' lang='lat' dir='ltr'>atioaanas</span> <span class='ocrx_word' id='word_1_735' title='bbox 510 5385 663 5457; x_wconf 85' lang='lat' dir='ltr'>apostolus:</span> <span class='ocrx_word' id='word_1_736' title='bbox 681 5383 830 5454; x_wconf 76' lang='lat' dir='ltr'>Qaidiiipit</span> <span class='ocrx_word' id='word_1_737' title='bbox 841 5384 950 5453; x_wconf 72' lang='lat' dir='ltr'>fratrem</span> <span class='ocrx_word' id='word_1_738' title='bbox 1314 5374 1427 5433; x_wconf 81' lang='lat' dir='ltr'>CAPUT</span> <span class='ocrx_word' id='word_1_739' title='bbox 1447 5374 1479 5429; x_wconf 75' lang='lat' dir='ltr'>V.</span> 
     </span>
     <span class='ocr_line' id='line_1_57' title="bbox 153 5461 1792 5546; baseline -0.012 -9"><span class='ocrx_word' id='word_1_740' title='bbox 153 5497 249 5546; x_wconf 76' lang='lat' dir='ltr'>asam,</span> <span class='ocrx_word' id='word_1_741' title='bbox 261 5481 290 5535; x_wconf 84' lang='lat' dir='ltr'>ier</span> <span class='ocrx_word' id='word_1_742' title='bbox 302 5479 400 5534; x_wconf 83' lang='lat' dir='ltr'>lamiae</span> <span class='ocrx_word' id='word_1_743' title='bbox 412 5487 510 5545; x_wconf 79' lang='lat' dir='ltr'>maaet,</span> <span class='ocrx_word' id='word_1_744' title='bbox 522 5486 547 5533; x_wconf 89' lang='lat' dir='ltr'>et</span> <span class='ocrx_word' id='word_1_745' title='bbox 565 5476 721 5533; x_wconf 63' lang='lat' dir='ltr'>menmium</span> <span class='ocrx_word' id='word_1_746' title='bbox 733 5477 803 5530; x_wconf 79' lang='lat' dir='ltr'>ineo</span> <span class='ocrx_word' id='word_1_747' title='bbox 814 5491 866 5530; x_wconf 85' lang='lat' dir='ltr'>nort</span> <span class='ocrx_word' id='word_1_748' title='bbox 882 5486 947 5531; x_wconf 83' lang='lat' dir='ltr'>eat:</span> <span class='ocrx_word' id='word_1_749' title='bbox 1037 5468 1093 5525; x_wconf 82' lang='lat' dir='ltr'>Fili</span> <span class='ocrx_word' id='word_1_750' title='bbox 1104 5470 1152 5535; x_wconf 87' lang='lat' dir='ltr'>mi,</span> <span class='ocrx_word' id='word_1_751' title='bbox 1167 5467 1273 5523; x_wconf 78' lang='lat' dir='ltr'>utimar</span> <span class='ocrx_word' id='word_1_752' title='bbox 1284 5466 1319 5521; x_wconf 84' lang='lat' dir='ltr'>ad</span> <span class='ocrx_word' id='word_1_753' title='bbox 1329 5466 1485 5537; x_wconf 66' lang='lat' dir='ltr'>sementiam</span> <span class='ocrx_word' id='word_1_754' title='bbox 1502 5478 1598 5530; x_wconf 85' lang='lat' dir='ltr'>meam,</span> <span class='ocrx_word' id='word_1_755' title='bbox 1611 5472 1635 5517; x_wconf 90' lang='lat' dir='ltr'>et</span> <span class='ocrx_word' id='word_1_756' title='bbox 1645 5461 1792 5534; x_wconf 71' lang='lat' dir='ltr'>prudentiae</span> 
     </span>
     <span class='ocr_line' id='line_1_58' title="bbox 154 5552 1790 5644; baseline -0.01 -19"><span class='ocrx_word' id='word_1_757' title='bbox 154 5572 309 5644; x_wconf 70' lang='lat' dir='ltr'>guiumari</span> <span class='ocrx_word' id='word_1_758' title='bbox 322 5571 377 5625; x_wconf 80' lang='lat' dir='ltr'>adit</span> <span class='ocrx_word' id='word_1_759' title='bbox 395 5570 505 5639; x_wconf 73' lang='lat' dir='ltr'>semrom</span> <span class='ocrx_word' id='word_1_760' title='bbox 522 5584 615 5632; x_wconf 86' lang='lat' dir='ltr'>suum,</span> <span class='ocrx_word' id='word_1_761' title='bbox 636 5569 664 5623; x_wconf 88' lang='lat' dir='ltr'>tu</span> <span class='ocrx_word' id='word_1_762' title='bbox 685 5565 797 5621; x_wconf 74' lang='lat' dir='ltr'>tenebris</span> <span class='ocrx_word' id='word_1_763' title='bbox 808 5575 863 5630; x_wconf 84' lang='lat' dir='ltr'>eat,</span> <span class='ocrx_word' id='word_1_764' title='bbox 884 5577 908 5620; x_wconf 86' lang='lat' dir='ltr'>et</span> <span class='ocrx_word' id='word_1_765' title='bbox 922 5567 951 5620; x_wconf 82' lang='lat' dir='ltr'>ia</span> <span class='ocrx_word' id='word_1_766' title='bbox 1000 5577 1065 5618; x_wconf 82' lang='lat' dir='ltr'>urea</span> <span class='ocrx_word' id='word_1_767' title='bbox 1078 5558 1177 5614; x_wconf 88' lang='lat' dir='ltr'>lneiiua</span> <span class='ocrx_word' id='word_1_768' title='bbox 1196 5573 1288 5613; x_wconf 81' lang='lat' dir='ltr'>aerem</span> <span class='ocrx_word' id='word_1_769' title='bbox 1312 5566 1395 5612; x_wconf 81' lang='lat' dir='ltr'>taam</span> <span class='ocrx_word' id='word_1_770' title='bbox 1411 5555 1548 5611; x_wconf 78' lang='lat' dir='ltr'>Hactenus</span> <span class='ocrx_word' id='word_1_771' title='bbox 1568 5552 1732 5626; x_wconf 85' lang='lat' dir='ltr'>geueraiiter</span> <span class='ocrx_word' id='word_1_772' title='bbox 1743 5565 1790 5608; x_wconf 86' lang='lat' dir='ltr'>aa·</span> 
     </span>
     <span class='ocr_line' id='line_1_59' title="bbox 157 5640 1792 5728; baseline -0.01 -10"><span class='ocrx_word' id='word_1_773' title='bbox 157 5659 459 5725; x_wconf 55' lang='lat' dir='ltr'>murmuratricem</span> <span class='ocrx_word' id='word_1_774' title='bbox 475 5658 555 5713; x_wconf 75' lang='lat' dir='ltr'>nescit</span> <span class='ocrx_word' id='word_1_775' title='bbox 568 5674 619 5728; x_wconf 79' lang='lat' dir='ltr'>quo</span> <span class='ocrx_word' id='word_1_776' title='bbox 633 5666 686 5721; x_wconf 81' lang='lat' dir='ltr'>aar,</span> <span class='ocrx_word' id='word_1_777' title='bbox 695 5657 759 5726; x_wconf 82' lang='lat' dir='ltr'>auia</span> <span class='ocrx_word' id='word_1_778' title='bbox 778 5655 890 5709; x_wconf 81' lang='lat' dir='ltr'>tamira</span> <span class='ocrx_word' id='word_1_779' title='bbox 905 5655 951 5708; x_wconf 68' lang='lat' dir='ltr'>ab</span> <span class='ocrx_word' id='word_1_780' title='bbox 1000 5652 1146 5722; x_wconf 85' lang='lat' dir='ltr'>stlgarerat</span> <span class='ocrx_word' id='word_1_781' title='bbox 1163 5646 1324 5703; x_wconf 78' lang='lat' dir='ltr'>audlumeru.</span> <span class='ocrx_word' id='word_1_782' title='bbox 1339 5644 1409 5701; x_wconf 89' lang='lat' dir='ltr'>ilinc</span> <span class='ocrx_word' id='word_1_783' title='bbox 1421 5646 1472 5701; x_wconf 91' lang='lat' dir='ltr'>sub</span> <span class='ocrx_word' id='word_1_784' title='bbox 1485 5656 1576 5717; x_wconf 83' lang='lat' dir='ltr'>specte</span> <span class='ocrx_word' id='word_1_785' title='bbox 1588 5640 1741 5700; x_wconf 82' lang='lat' dir='ltr'>meretricis</span> <span class='ocrx_word' id='word_1_786' title='bbox 1753 5642 1792 5702; x_wconf 87' lang='lat' dir='ltr'>alt</span> 
     </span>
    </p>
   </div>
   <div class='ocr_carea' id='block_1_3' title="bbox 157 5738 1474 5821">
    <p class='ocr_par' dir='ltr' id='par_1_14' title="bbox 157 5738 1474 5821">
     <span class='ocr_line' id='line_1_60' title="bbox 157 5738 1474 5821; baseline -0.012 -11"><span class='ocrx_word' id='word_1_787' title='bbox 157 5761 324 5811; x_wconf 80' lang='lat' dir='ltr'>eeeaaersut</span> <span class='ocrx_word' id='word_1_788' title='bbox 340 5749 431 5806; x_wconf 77' lang='lat' dir='ltr'>araim</span> <span class='ocrx_word' id='word_1_789' title='bbox 453 5750 511 5821; x_wconf 74' lang='lat' dir='ltr'>eim</span> <span class='ocrx_word' id='word_1_790' title='bbox 526 5747 552 5819; x_wconf 91' lang='lat' dir='ltr'>(l</span> <span class='ocrx_word' id='word_1_791' title='bbox 567 5748 646 5803; x_wconf 81' lang='lat' dir='ltr'>taen.</span> <span class='ocrx_word' id='word_1_792' title='bbox 659 5747 699 5819; x_wconf 87' lang='grc' dir='ltr'>ιι).</span> <span class='ocrx_word' id='word_1_793' title='bbox 714 5744 764 5801; x_wconf 77' lang='lat' dir='ltr'>Cui</span> <span class='ocrx_word' id='word_1_794' title='bbox 785 5754 880 5801; x_wconf 83' lang='lat' dir='ltr'>contra</span> <span class='ocrx_word' id='word_1_795' title='bbox 904 5761 949 5801; x_wconf 83' lang='lat' dir='ltr'>an·</span> <span class='ocrx_word' id='word_1_796' title='bbox 1000 5741 1188 5799; x_wconf 74' lang='lat' dir='ltr'>hereticorum</span> <span class='ocrx_word' id='word_1_797' title='bbox 1200 5738 1323 5811; x_wconf 74' lang='lat' dir='ltr'>respuitis</span> <span class='ocrx_word' id='word_1_798' title='bbox 1336 5738 1474 5810; x_wconf 86' lang='lat' dir='ltr'>pmbibat.</span> 
     </span>
    </p>
   </div>
   <div class='ocr_carea' id='block_1_4' title="bbox 0 0 2026 6199">
    <p class='ocr_par' dir='ltr' id='par_1_15' title="bbox 0 0 2026 6199">
     <span class='ocr_line' id='line_1_61' title="bbox 0 0 2026 6199; baseline 0 0"><span class='ocrx_word' id='word_1_799' title='bbox 0 0 2026 6199; x_wconf 95' lang='lat' dir='ltr'> </span> 
     </span>
    </p>
   </div>
  </div>
 </body>
</html>
