4042 6200
257 356 310 428 tob
570 353 1056 428 nnnesntmnmmcmm.
1077 352 1232 423 nonunt.
1253 355 1566 422 ovennntnnsm.
1843 352 1900 421 sot

260 498 271 533 r
293 478 371 551 quest
381 483 643 551 agnusmansnetns,
655 480 702 551 qui
715 488 840 552 portator
853 487 888 536 ad
901 477 1051 543 victimam,
1065 478 1091 540 Α
1105 486 1206 533 terram
1220 492 1274 534 non
1298 478 1405 537 exierat
1425 493 1508 535 sonus
1532 474 1603 549 elne,
1615 491 1709 549 postea
1723 492 1789 535 verc-
1813 492 1899 549 qnam

262 590 272 624 r
295 579 324 628 et
337 576 390 626 non
413 570 540 642 cognovi.
555 570 619 641 quia
633 584 716 641 super
730 584 773 626 me
787 570 974 643 cogitaverunt
986 583 1052 625 cou-
1102 568 1249 639 assumpsit
1259 567 1446 625 lortimdinem
1467 584 1517 639 per
1529 568 1646 639 lignum,
1658 578 1723 625 mne
1743 568 1771 623 in
1784 568 1900 624 nniver-

262 672 271 712 r
293 647 365 727 silia,
377 648 517 718 dieentes:
533 658 671 717 llittamns
689 660 790 734 lignum
817 661 845 718 in
866 676 964 733 panem
981 661 1052 733 ejus,
1102 672 1163 714 surn
1177 660 1270 715 orbem
1286 659 1421 730 passionis
1443 658 1503 732 eins
1526 661 1718 717 disseminatus
1738 668 1782 715 est
1795 675 1901 716 sermo.

261 770 272 808 r
296 764 323 811 et
336 754 509 811 conteramus
523 767 586 809 enm
600 746 635 809 de
650 761 722 810 terra
736 753 893 816 viventium,
908 760 936 809 et
954 767 1053 809 nomen
1102 748 1132 809 lu
1154 748 1232 821 cnjus
1258 744 1344 824 ligura
1371 758 1398 807 et
1425 766 1496 823 aqna
1517 744 1545 807 in
1572 749 1694 808 i'eteteri
1723 748 1904 805 reomense

263 864 273 897 r
296 844 356 916 ejus
369 861 424 902 non
443 841 610 902 memoretur
628 838 753 916 amplius.
765 840 806 901 in
824 855 925 911 antem.
938 838 1054 901 domium
1104 842 1138 898 ad
1153 851 1253 899 tactum
1273 832 1338 915 ligni
1361 832 1448 899 dulcis
1470 836 1566 899 edecta
1580 850 1632 898 est.
1658 836 1715 913 ligo
1731 841 1836 913 qnippe
1858 841 1904 896 aio

262 956 272 989 r
295 935 423 1000 Sabaoth,
436 935 482 1004 qni
494 920 693 1007 pudicaslnste,
704 945 732 992 et
741 936 840 1011 probas
853 950 940 999 renes,
955 944 1051 997 mcor,
1103 934 1191 1007 legem
1213 949 1267 989 non
1288 930 1451 990 intellectam
1472 948 1594 989 amaram
1618 942 1716 1004 aquam
1737 946 1814 997 esse,
1837 946 1902 987 eom

260 1048 269 1082 r
293 1028 399 1085 videam
415 1027 545 1084 ultionem
571 1037 646 1084 tuam
666 1043 701 1084 cv
717 1029 774 1095 eis,
785 1028 834 1084 tibi
847 1028 920 1084 enim
934 1025 1053 1082 revelari
1105 1037 1195 1083 antem
1209 1025 1317 1081 venerit
1335 1024 1437 1095 lignum
1450 1020 1514 1081 iesu
1530 1019 1643 1089 Christi,
1656 1034 1685 1081 et
1698 1036 1791 1079 sermo
1802 1021 1904 1078 Salva·

258 1139 268 1171 r
295 1134 407 1175 causam
430 1133 530 1185 meam,
545 1119 661 1176 Domine
681 1108 753 1177 'Item
780 1133 895 1176 mene.»
917 1115 1054 1190 (Hieron.)
1105 1120 1173 1178 toris
1192 1122 1245 1175 mei
1270 1118 1442 1176 descenderit
1461 1118 1489 1174 in
1514 1132 1587 1183 earn,
1600 1125 1667 1172 tnnc
1691 1115 1857 1172 dulcoratur
1878 1120 1905 1172 rt

157 1202 159 1207 ’
259 1204 388 1265 Omnium
412 1208 598 1265 Ecclesiamm
624 1209 676 1264 iste
706 1223 856 1265 conmotus
876 1219 930 1274 0⁸¹.
951 1206 1055 1263 ubtuli
1105 1214 1137 1271 dt
1148 1213 1302 1271 suamssimi
1318 1213 1432 1284 saporis,
1444 1210 1583 1268 intellecta
1596 1207 1699 1281 pariter
1711 1217 1739 1264 et
1758 1206 1837 1264 lecta
1861 1205 1905 1264 les

158 1374 161 1381 Ι
259 1306 378 1372 persona
400 1298 527 1357 Ieremia
561 1299 708 1355 aCbristo
731 1301 790 1355 bec
814 1289 867 1354 dici
891 1296 1053 1369 intelligant,
1106 1300 1201 1375 Moysi.
1221 1302 1348 1359 picentes
1365 1301 1456 1374 igitur,
1474 1320 1484 1354 r
1502 1297 1619 1366 venite,
1641 1299 1783 1355 mittemus
1799 1297 1904 1371 lignum
2001 1292 2002 1307 ¹

261 1392 334 1479 qood
353 1399 431 1462 pater
443 1389 468 1445 ei
486 1390 679 1449 monstraverit
689 1390 824 1460 quomodo
847 1397 909 1446 edm
929 1399 1056 1461 oporteat
1106 1390 1134 1448 in
1144 1398 1241 1462 panem
1252 1390 1321 1461 ejus,
1334 1412 1344 1444 s
1357 1392 1440 1447 etiam
1453 1390 1504 1447 lmc
1513 1388 1637 1446 addunt:
1661 1397 1715 1446 vet
1726 1397 1906 1446 conteramus

261 1482 347 1565 loqui,
363 1490 392 1538 ct
408 1482 561 1538 ostenderit
583 1481 621 1537 illi
645 1482 733 1538 studia
756 1478 922 1552 ludanensem,
948 1492 976 1540 et
996 1483 1055 1555 ipse
1106 1482 1494 1551 eumaterraviventium‚et
1509 1481 1681 1553 nomenoius
1696 1494 1751 1537 non
1766 1494 1906 1535 memora·

262 1573 340 1644 qnasi
355 1588 442 1643 epuns
455 1573 553 1628 ductus
565 1572 600 1628 ad
612 1572 763 1640 victimam,
775 1584 829 1630 nou
843 1574 1013 1645 apereruerit
1024 1590 1057 1632 oe
1106 1575 1181 1633 bitur
1193 1568 1318 1645 amplius.
1333 1593 1343 1627 r
1358 1570 1405 1630 Sic
1415 1573 1490 1629 illurn
1504 1570 1790 1644 interlecesnutenasi
1805 1586 1905 1628 nomen

263 1681 341 1723 snum
352 1706 361 1732 ,
374 1674 402 1721 et
426 1679 480 1721 nou
499 1658 671 1736 cognoverit,
684 1666 878 1734 subandiatur,
892 1676 1055 1739 peccatum:
1107 1658 1167 1739 eins
1178 1661 1286 1738 penitus
1301 1665 1462 1722 eraderent:
1479 1665 1527 1721 sed
1540 1662 1620 1721 lesus
1632 1665 1684 1720 scit
1694 1672 1780 1735 qnare
1796 1672 1828 1720 et
1841 1678 1906 1735 qno·
2002 1666 2003 1735 l

259 1758 337 1829 juxta
361 1756 427 1813 iliud
446 1756 518 1826 quod
539 1756 574 1812 ab
599 1756 728 1828 Apostolo
751 1756 871 1815 dicitur:
891 1777 902 1812 r
924 1762 1056 1828 Quicum
1109 1757 1189 1815 modo
1209 1756 1350 1812 moriatur.
1368 1754 1484 1826 Propler
1509 1754 1581 1826 qnod
1600 1754 1662 1817 etse
1685 1774 1695 1808 r
1714 1752 1774 1810 Nisi
1789 1768 1905 1826 pmnnrrr

264 1861 318 1902 oon
332 1845 503 1930 repperisset
526 1854 680 1916 peccatum,
694 1863 744 1920 pro
757 1850 836 1906 nobis
853 1859 998 1921 peccatum
1015 1848 1056 1907 ia·
1070 1833 1094 1898 B
1108 1844 1236 1905 lrumenti
1257 1849 1358 1904 cadens
1381 1846 1526 1902 interram
1550 1852 1686 1904 mortuum
1708 1845 1806 1911 inerit,
1819 1842 1905 1918 ipsvm

260 1945 325 1992 etus
349 1934 458 2010 est-(ll
477 1932 596 2009 Cor.v);
620 1955 631 1992 r
651 1946 679 1994 et
703 1939 850 1996 dixerint:
877 1958 887 1994 s
918 1942 1059 2003 llittamus
1108 1934 1194 1998 solnm
1210 1947 1317 2005 manet,
1337 1939 1360 1996 si
1375 1954 1440 1996 vero
1452 1948 1589 1996 mortuum
1612 1935 1696 1995 luerit
1717 1931 1905 1994 multumirn-

266 2025 367 2095 bpnnm
381 2027 408 2081 in
418 2040 516 2099 panem
526 2025 585 2097 ejus
591 2068 601 2097 ,
617 2045 627 2081 r
645 2042 754 2087 crucem
770 2030 896 2089 videlicet
913 2034 941 2091 in
959 2046 1059 2107 eorpus
1108 2040 1182 2088 ctum
1194 2026 1274 2086 aliert
1287 2030 1378 2102 (loun.
1393 2028 1453 2102 sn).
1469 2048 1479 2083 r
1500 2028 1573 2103 Ergo
1586 2044 1661 2085 murs
1672 2026 1738 2085 lesu
1759 2028 1839 2100 spica
1853 2028 1908 2083 im·

263 2109 427 2175 ‘sovaom
443 2116 503 2189 lpse
513 2129 556 2176 est
569 2121 774 2193 enimquiait:
798 2118 1058 2196 ‹Egosumpanis,
1109 2122 1191 2178 menti
1209 2119 1281 2176 lacta
1293 2128 1346 2189 est,
1361 2118 1514 2193 septuplum
1534 2127 1563 2177 et
1583 2119 1670 2175 multo
1683 2117 1804 2190 amplius
1828 2120 1892 2175 resti

267 2211 314 2283 qui
329 2211 363 2267 de
378 2210 447 2268 coelo
465 2212 593 2269 descendi
610 2213 703 2286 (teon.
719 2215 769 2287 vr).
785 2235 796 2270 r
812 2215 847 2272 Et
864 2236 874 2270 r
889 2217 1061 2276 eradicemus
1109 2221 1200 2279 tuens,
1210 2226 1292 2282 quam
1302 2210 1392 2268 lucrat
1403 2210 1576 2267 seminatum.
1589 2209 1721 2267 Siautem
1729 2225 1808 2267 mors
1819 2218 1907 2266 tantm
2004 2240 2005 2243 =

265 2301 337 2374 (sive
348 2303 641 2375 conteramuslcumde
650 2313 724 2362 terra
731 2306 878 2363 viventium
891 2326 898 2363 :
910 2309 1060 2366 ‹nmenim
1110 2304 1200 2363 attulit
1212 2304 1313 2376 impes¹
1328 2304 1495 2362 resurrectio
1511 2301 1589 2374 cnjus
1598 2302 1689 2359 littura
1703 2309 1747 2359 est
1758 2301 1907 2358 ubertatitl

269 2390 358 2447 scelus
368 2391 460 2451 animo
471 2391 670 2463 rogitaverant,
683 2404 714 2452 ut
722 2409 820 2452 nomen
831 2395 890 2467 ejus
898 2397 1020 2455 delerent
1033 2399 1061 2458 in
1110 2392 1169 2452 lion
1176 2404 1218 2451 est
1225 2394 1307 2467 igitur
1317 2393 1443 2453 Salvator
1453 2403 1545 2451 noster
1552 2393 1763 2459 contritns‚sive
1769 2408 1868 2450 erasus
1877 2393 1908 2448 de

267 2490 438 2554 perpetuum.
452 2481 591 2558 (Oripisi
602 2484 650 2542 oei
661 2486 767 2559 eloqma
778 2497 842 2546 sunt
851 2491 949 2565 in'lepe
959 2502 988 2549 et
999 2508 1063 2564 pm.
1112 2495 1184 2543 terra
1194 2484 1449 2557 virenstnmmeque
1456 2484 1586 2541 memoria
1592 2481 1652 2554 elus
1660 2481 1752 2539 ablata
1760 2483 1902 2540 dememo

266 2575 370 2648 pinetis,
380 2576 529 2648 evangeliis
538 2584 566 2632 et
575 2578 713 2649 apostolis,
724 2590 832 2653 oportet
841 2582 1002 2655 discipulum
1014 2584 1062 2642 liei
1112 2580 1152 2636 ria
1165 2577 1294 2634 lidelinm.
1307 2574 1443 2650 (Hieron.)
1457 2576 1510 2641 Sed
1521 2575 1675 2632 θωΰῑῑθῐίθ
1683 2567 1763 2645 ium
1776 2566 1907 2643 assumti

266 2665 423 2721 divinorum
439 2669 780 2742 sermonummapistmm
807 2672 892 2729 Deum
914 2674 1061 2733 ascribere.
1112 2670 1234 2743 corporis
1248 2678 1446 2733 sacramentnm
1459 2659 1680 2742 loquitanilins
1694 2667 1729 2723 ad
1746 2661 1871 2731 Patrem.
1884 2672 1910 2721 rt

274 2772 285 2810 r
307 2755 358 2824 om
367 2756 441 2813 enim
452 2756 530 2814 docet
543 2758 680 2816 bominem
690 2760 833 2819 scientiam
845 2760 932 2835 (Psoi.
943 2764 1033 2837 uuirt),
1050 2783 1060 2819 r
1113 2759 1416 2835 impmcatnrludicium
1429 2759 1572 2832 ejusdum
1583 2754 1677 2815 laudat
1688 2756 1828 2830 iustitiam
1840 2752 1907 2829 eins.

270 2846 420 2904 »mnndum
443 2848 612 2920 psalmistam
634 2852 706 2910 oeus
725 2862 777 2911 est.
804 2854 929 2913 Salvator
954 2872 1064 2932 qnoque
1111 2862 1140 2910 et
1153 2853 1333 2923 inspectorem
1353 2851 1467 2907 reniset
1480 2850 1570 2907 cordis
1584 2849 1693 2906 invocat
1706 2847 1793 2904 licum
1808 2846 1908 2917 etipse

269 2937 397 3011 perbibet
414 2940 599 2999 testimoninm
620 2944 725 3002 nulium
749 2938 939 3023 deberesnper
960 2959 1064 3010 terrem
1112 2944 1210 3003 reddat
1226 2941 1325 3015 pupulo
1337 2946 1409 3014 qnod
1423 2951 1554 3007 meretur,
1565 2950 1592 2998 et
1604 2941 1680 3009 dicit,
1697 2940 1807 2997 videam
1829 2940 1909 2993 olno-

272 3030 430 3103 matistrvta
445 3034 604 3106 nuncupari,
617 3034 729 3094 dicens:
745 3057 755 3091 ι
769 3038 1065 3103 Etroenetirevoeere
1114 3047 1176 3090 nem
1185 3034 1262 3089 tuam
1285 3049 1318 3090 ex
1339 3033 1390 3100 eis,
1414 3047 1509 3088 eornm
1533 3031 1658 3088 videlicet
1680 3031 1727 3103 qni
1754 3030 1783 3086 in
1808 3028 1910 3087 scelere

272 3120 432 3193 nmpistrnnr
443 3137 526 3193 snper
538 3134 648 3192 terram,
662 3131 841 3202 unusquippe
853 3141 896 3189 mc
907 3143 996 3192 vesper
1009 3151 1065 3192 m.
1113 3132 1307 3198 perseverant,
1321 3125 1350 3181 ei
1362 3139 1416 3181 nou
1437 3139 1531 3181 eorum
1548 3121 1595 3196 qni
1610 3130 1753 3179 vertuntur
1766 3121 1802 3177 ad
1826 3121 1910 3194 pmni·

267 3209 366 3279 pistor,
380 3209 462 3267 Pater
477 3213 562 3283 quiin
574 3207 825 3290 eoettsestwrut.
842 3221 932 3294 ιιιιι).
950 3241 961 3277 r
983 3191 1101 3283 PaterC
1117 3215 1239 3274 lentiam·
1251 3215 1290 3273 ⁰0
1302 3216 1355 3273 illl!
1367 3216 1407 3271 ³5²
1420 3216 1447 3271 3¹¹
1470 3222 1571 3272 micet
1594 3234 1603 3268 ¹
1619 3213 1719 3282 Paleis
1731 3215 1846 3285 {8⁰⁰⁸oe
1861 3214 1909 3278 eli.

269 3309 365 3356 entem
377 3302 423 3372 qui
435 3311 477 3359 est
488 3304 516 3359 iu
535 3305 613 3362 cretis
629 3308 720 3363 emdit
732 3310 856 3367 homines
876 3311 935 3370 sive
953 3328 1004 3385 per
1024 3329 1066 3380 se.
1116 3309 1188 3380 qvod
1202 3309 1275 3364 enim
1291 3303 1394 3363 lectum
1404 3307 1530 3364 nesciunt
1540 3304 1616 3380 (Luc.
1629 3305 1712 3378 xxv),
1728 3325 1737 3359 r
1753 3304 1910 3376 revelatque

270 3393 331 3448 sive
340 3408 390 3464 per
398 3393 506 3461 Filium,
517 3395 633 3469 simper
651 3396 782 3469 spirirum
795 3411 929 3460 sanctum,
937 3404 972 3462 Ε(
990 3415 1020 3463 ur
1032 3408 1067 3465 ad
1117 3395 1191 3456 Patri
1203 3407 1231 3454 et
1243 3397 1332 3469 aperit
1343 3409 1454 3453 cunisam
1468 3405 1556 3464 suem,
1565 3394 1628 3467 qnia
1640 3394 1714 3452 nullo
1726 3410 1778 3452 sno
1801 3398 1908 3462 merito,

275 3483 380 3539 minora
396 3485 659 3545 veniamusrerudit
681 3505 730 3562 per
751 3491 875 3562 Panium,
901 3495 992 3553 crudit
1018 3512 1068 3569 per
1116 3481 1280 3545 tedtoelete
1303 3485 1395 3559 populi
1422 3484 1569 3552 cluciflssss
1595 3492 1647 3553 0⁸¹2
1669 3486 1821 3542 ‘¹5001182‘
1843 3485 1909 3540 ΕΜ

270 3571 401 3642 denum,
414 3589 464 3646 per
490 3575 573 3633 alium
597 3578 745 3648 quemlibet
763 3589 921 3642 sanctorum
936 3600 945 3641 s
961 3594 1068 3644 mutum
1116 3581 1193 3638 venit
1213 3580 1340 3653 princeps
1352 3580 1444 3636 mnndi
1459 3576 1549 3649 buius,
1563 3587 1592 3636 et
1607 3578 1712 3636 invenit
1735 3579 1764 3635 in
1783 3593 1831 3636 me
1845 3579 1909 3635 nibil

271 3656 483 3734 llensspiritus‚
498 3672 527 3721 et
546 3666 618 3723 Dens
636 3683 728 3725 sermo
747 3669 894 3728 descendat
910 3681 939 3730 et
959 3674 1066 3733 doceat.
1117 3670 1209 3744 (leun.
1231 3671 1297 3743 mv).
1320 3669 1431 3727 »iudaei
1449 3677 1478 3725 et
1497 3668 1584 3727 nostri
1603 3669 1776 3742 judaizantes
1795 3669 1857 3726 hec
1878 3684 1910 3725 er

270 3751 332 3808 'Cur
351 3755 409 3810 bec
429 3752 566 3811 diximnsl
583 3756 711 3814 videlieet
732 3766 761 3815 et
779 3761 844 3831 quia
858 3759 993 3835 Propheta
1008 3766 1066 3823 sit:
1116 3778 1232 3837 persona
1247 3761 1371 3820 Ieremiae
1385 3763 1438 3820 dici
1450 3761 1671 3833 intelligunt,qui
1683 3769 1797 3834 propter
1815 3761 1908 3816 ratici-

274 3857 289 3896 τ
310 3841 409 3902 Notum
428 3844 495 3924 mibi
505 3842 558 3914 lac,
573 3846 696 3915 nomine,
708 3857 737 3905 et
756 3865 928 3923 cognoscam.
945 3873 956 3909 r
974 3854 1068 3928 Neque
1117 3853 1191 3909 nium
1203 3850 1355 3908 luturornm
1365 3860 1394 3907 et
1404 3840 1555 3923 ingruentia
1572 3849 1840 3920 rependissem,
1856 3850 1911 3905 bec

273 3933 352 3990 euim
370 3934 442 3991 scire
452 3950 563 4007 possum
579 3936 677 3994 nisint
695 3947 723 3994 tu
738 3939 806 3996 mibi
829 3940 993 4000 revelaveris
1005 3962 1013 3999 :
1025 3946 1068 4001 ein
1116 3954 1179 3996 cum
1202 3955 1217 3995 a
1246 3940 1346 4012 popnlo
1371 3940 1532 3996 sustinuisse
1552 3938 1725 3996 mndrmant.
1746 3937 1805 3996 Sed
1821 3939 1911 3994 neseio

275 4033 366 4081 antem
380 4025 584 4083 demonstrante
603 4035 631 4084 te
646 4037 760 4100 potuero
774 4045 854 4088 nosse
866 4033 939 4103 qnod
962 4035 1066 4103 nescio,
1117 4031 1253 4107 quomodo
1275 4025 1380 4104 possint
1399 4032 1551 4104 approbare
1570 4030 1730 4087 crncidxom
1752 4045 1817 4087 esse
1839 4025 1911 4085 lere

273 4114 447 4171 mnevidebo
465 4116 643 4187 cogitationes
665 4117 841 4189 singulorum,
855 4128 884 4178 et
904 4135 1067 4195 cognoscam
1117 4125 1210 4192 miam,
1223 4140 1285 4181 cnm
1298 4123 1350 4181 hoc
1366 4117 1508 4196 Scriptura
1527 4137 1581 4179 non
1606 4128 1752 4188 memorat,
1768 4121 1823 4177 nisi
1843 4120 1912 4177 lorte

273 4206 339 4278 quid
357 4198 543 4279 unusquisque
555 4218 643 4280 gerat,
662 4217 692 4266 et
707 4209 785 4283 cnjus
806 4212 843 4269 sit
856 4211 990 4272 voluntas.
1010 4215 1068 4274 linc
1117 4212 1295 4286 cogitaverint
1308 4222 1336 4268 et
1347 4228 1401 4269 non
1417 4206 1542 4269 fecerint·

274 4295 346 4365 qnod
357 4294 485 4360 infertur,
503 4313 513 4349 r
532 4297 636 4365 venite,
656 4316 666 4352 r
692 4297 835 4369 inquiunt,
853 4319 864 4353 c
881 4302 1022 4361 mittamus
1035 4304 1069 4361 li·
1156 4321 1166 4355 v
1185 4295 1407 4374 'Pmptereninec
1420 4300 1486 4358 dicit
1498 4297 1628 4356 Dominus
1642 4297 1678 4354 ad
1690 4297 1767 4355 viros
1779 4297 1909 4363 instetis,

277 4385 397 4457 gnnmln
412 4399 510 4456 panem
520 4385 613 4458 einer
632 4387 724 4444 nimiae
736 4388 903 4448 dildcnltrtis
914 4400 968 4449 est.
985 4392 1068 4452 Panis
1120 4413 1131 4449 s
1153 4394 1199 4468 qni
1212 4402 1338 4464 qoaemnt
1359 4392 1477 4448 animam
1502 4398 1578 4446 tuam
1592 4398 1621 4447 et
1640 4389 1756 4445 dicum:
1778 4387 1839 4444 Non
1850 4405 1913 4460 pro-

274 4474 339 4532 Jesu
355 4491 410 4545 qno
423 4477 575 4543 nutrimur,
590 4492 681 4534 sermo
695 4476 754 4548 eius
771 4480 977 4553 interpretatur.
997 4482 1066 4552 Quia
1120 4486 1273 4560 vpbetabis
1296 4485 1323 4541 in
1346 4485 1456 4541 nomine
1489 4482 1618 4548 Domini,
1646 4490 1674 4537 ct
1705 4495 1759 4537 non
1790 4480 1912 4536 erroris-ris

277 4564 361 4634 igitur
369 4566 484 4621 docente
496 4581 541 4632 eo,
551 4567 696 4624 voluerunt
706 4568 816 4638 qnidam
827 4570 954 4627 scandala
966 4586 1068 4643 ponere
1121 4598 1131 4634 r
1154 4579 1180 4635 in
1196 4575 1321 4634 manibus
1336 4576 1447 4632 nostris.
1461 4573 1608 4646 Propterea
1623 4574 1683 4629 lrarc
1697 4571 1763 4629 dicit
1783 4571 1913 4627 Domirm

276 4655 407 4712 “⁰0³5ssae
413 4655 482 4725 01⁰⁸,
493 4656 682 4728 crucifigent&
694 4672 767 4724 0⁰¹³,
781 4659 909 4717 dimittet
921 4678 928 4715 ἑ
945 4662 1067 4731 vieille,
1121 4689 1131 4723 s
1151 4668 1319 4726 exercituum
1334 4683 1341 4721 ι
1358 4666 1428 4723 Ecce
1440 4680 1490 4736 ego
1499 4663 1617 4720 visitabo
1628 4678 1710 4735 super
1723 4676 1772 4718 eos
1781 4704 1789 4728 ‚
1799 4659 1912 4733 juvenes

276 4747 417 4804 mittamus
434 4746 685 4819 timnmmpauem
695 4747 790 4819 dus.»
811 4748 965 4807 cumcuim
984 4754 1069 4811 verbo
1121 4778 1132 4814 r
1154 4760 1305 4816 morientur
1328 4758 1355 4813 in
1382 4757 1481 4831 padio,
1511 4756 1560 4813 lilii
1583 4771 1677 4815 eorum
1697 4764 1727 4812 et
1741 4755 1806 4812 tlte
1816 4770 1910 4813 eorum

275 4837 339 4897 tesu
363 4845 391 4893 et
407 4835 556 4907 discipline
572 4834 1069 4912 ejusconlungiturmapistricrucid·
1122 4868 1132 4904 r
1154 4849 1304 4906 morientur
1324 4846 1412 4917 lame.
1427 4855 1456 4905 et
1479 4846 1601 4919 reliquie
1625 4860 1679 4902 non
1699 4852 1782 4902 erunt
1805 4861 1841 4900 ex
1865 4846 1910 4900 eis

276 4929 333 4996 rio,
349 4927 603 5001 inpanemlipunm
623 4929 750 4986 mittitur.
765 4930 801 4987 Et
818 4931 855 4987 illi
869 4931 978 5004 quidem
999 4934 1068 4992 insi·
1122 4939 1281 4996 «inducam
1295 4939 1367 4996 enim
1391 4937 1493 4994 malum
1516 4952 1599 5010 snper
1616 4935 1691 4992 viros
1712 4934 1846 5000 Anatotln,
1864 4951 1911 4990 an·

275 5021 384 5079 dientes
398 5020 521 5086 dicant«
535 5021 626 5078 venite
640 5022 1069 5098 etmittamnslignuminpanem
1123 5048 1134 5082 e
1153 5044 1219 5085 num
1243 5027 1407 5085 visitationis
1430 5041 1536 5084 eorum.
1553 5044 1563 5080 r
1584 5022 1696 5083 Videtur
1708 5023 1762 5081 boc
1779 5022 1910 5097 superiori

277 5113 1069 5192 eins-rEpoveroadmirabileqniddaminieram.Lignum
1120 5120 1261 5178 sententie
1290 5119 1442 5185 contraire,
1469 5132 1525 5190 qna
1554 5115 1679 5174 volumus
1702 5114 1858 5185 approbare
1882 5127 1911 5169 ex

274 5210 566 5285 missuminpaneeins
576 5211 1070 5284 panemlecitmeliorem.Exemplum
1119 5225 1235 5283 persona
1248 5208 1349 5267 christi
1364 5208 1436 5264 dicta
1447 5222 1508 5264 esse
1524 5221 1584 5280 qum
1594 5206 1667 5263 dicta
1680 5213 1755 5272 sunt,
1767 5214 1797 5260 et
1810 5220 1910 5268 ¹¹⁰⁰ss

274 5303 369 5374 accipe
392 5303 428 5358 de
447 5301 509 5375 lege
526 5301 621 5375 lloysi.
646 5301 723 5360 Sicut
743 5303 846 5376 lignum
867 5303 939 5375 quod
955 5304 1070 5360 missum
1119 5306 1255 5372 dommim,
1268 5306 1314 5377 qui
1337 5303 1445 5377 proprie
1467 5304 1609 5360 habitabat
1631 5303 1658 5358 in
1672 5300 1762 5357 viculo
1782 5300 1911 5362 Anatotb,

273 5400 317 5451 est
339 5393 368 5448 in
386 5407 507 5448 amaram
527 5409 642 5465 aquam,
659 5393 723 5451 lecit
743 5393 816 5450 illam
832 5393 936 5451 dulcem
950 5412 957 5450 ε
972 5393 1014 5451 sic
1035 5393 1070 5450 ii·
1122 5397 1168 5469 qni
1182 5398 1216 5454 ab
1229 5395 1373 5464 ierolpmis
1386 5397 1473 5452 tribus
1483 5394 1566 5451 distat
1578 5394 1707 5450 millibus.
1722 5391 1778 5448 Sed
1797 5393 1821 5448 si
1836 5390 1911 5448 intel·

274 5497 357 5553 pnum
369 5482 503 5554 passionis
515 5479 580 5538 iesu
603 5482 704 5540 Cirristi
725 5484 838 5540 missum
862 5484 889 5539 in
915 5484 1068 5540 doctrinam
1122 5489 1268 5547 lexerirnns
1285 5487 1476 5560 etymologiam
1492 5486 1581 5558 oppidi
1599 5485 1718 5542 bnatoth
1734 5483 1808 5555 quod
1830 5484 1910 5540 inter·

275 5571 345 5640 eius,
359 5572 423 5629 lecit
433 5588 534 5645 panem
547 5575 619 5630 illius
632 5576 791 5642 dulciorem,
806 5585 871 5632 arrte
889 5577 961 5633 enim
984 5590 1068 5645 quern
1120 5587 1244 5651 pretatur
1253 5578 1426 5642 obedientie,
1442 5575 1544 5647 liquido
1555 5576 1750 5631 nronst‘mbitur
1761 5574 1835 5630 viros
1844 5575 1911 5628 Ana·

276 5662 470 5720 immitteretur
483 5666 586 5736 lignum
595 5669 623 5723 in
633 5684 731 5739 panem
749 5670 817 5740 ejus,
830 5673 938 5744 qnando
950 5681 1063 5728 tanturn
1122 5669 1391 5750 totinqniqnomlam
1407 5669 1549 5738 praeceptis
1561 5667 1666 5723 bomini
1679 5668 1908 5736 obtemperarunt,

275 5750 357 5806 modo
375 5753 453 5821 panis
469 5763 537 5820 erat,
550 5767 579 5812 ct
593 5772 647 5813 non
667 5770 727 5818 erat
743 5762 856 5836 lignvnn,
870 5765 897 5819 in
909 5764 1064 5820 nniversam
1120 5762 1272 5821 omnesdici
1280 5760 1561 5828 induens,etmanirne
1568 5759 1736 5815 habitatores
1747 5757 1826 5814 urbis
1836 5772 1909 5812 toro·
