4042 6200
170 300 238 356 teet
613 302 793 360 expositio
812 300 924 357 SUPER
940 298 1122 354 ttitthtttntt.
1143 330 1176 338 ·-
1197 297 1259 351 ΗΒ.
1281 295 1339 350 XX.
1441 322 1447 332 ·
1721 295 1789 352 tatii

170 428 239 484 quas
252 412 367 484 ingressi
381 423 452 477 sunt,
469 422 498 466 nt
517 423 576 468 octa
589 415 745 483 penitentia
766 414 867 469 seirent
887 408 957 480 quod
972 411 994 467 A
1008 409 1139 477 siqnidem
1165 406 1281 461 bdelium
1304 405 1426 461 Christus
1449 415 1490 460 est
1516 406 1654 472 bernuinus,
1670 411 1714 478 qui
1738 429 1790 466 nrm

170 505 229 574 ipse
250 510 321 558 essct
335 502 473 557 Dominus.
489 501 550 558 lhcc
570 503 697 568 diximus,
712 503 821 559 lectoris
844 498 957 556 ariritrio
1006 506 1096 569 potest
1109 496 1215 566 ajustis
1233 496 1328 567 arripi,
1343 498 1465 567 quamvis
1485 509 1579 554 cuneta
1596 500 1726 574 cishujus
1743 515 1790 558 sc·

165 594 299 671 juriieimn
314 592 494 662 relinquentes
512 603 659 650 :caeterum
677 595 749 649 nulla
761 594 891 651 dubitatio
906 600 957 656 est,
1007 586 1061 642 culi
1087 585 1235 656 probentur
1254 584 1364 640 auferri.
1388 586 1434 643 Sic
1456 587 1519 642 dum
1543 599 1728 658 persecutores
1748 608 1793 647 ca·

170 683 351 755 periculosum
368 698 429 738 esse
450 684 522 754 regis
542 684 616 764 impii
630 685 812 755 captivitatem
828 693 855 738 et
866 697 958 738 necem
1009 676 1139 732 thelicam
1155 678 1311 750 religionem
1326 680 1469 735 exhaurire
1490 681 1611 751 cupiunt,
1624 681 1794 741 felicissimas

170 782 343 830 sacramento
356 774 403 828 bei
420 790 587 844 comparare.
732 833 734 836 ,
1008 777 1090 838 atque
1101 768 1346 839 eopiosascoronas
1357 771 1519 843 martyribus
1534 773 1713 842 contulerunt,
1724 778 1794 846 quod

209 865 268 921 Sir.
283 883 293 916 r
308 865 401 921 Gaude
412 875 438 920 et
450 866 552 934 luctare,
568 866 621 921 iilia
633 865 728 932 Edem,
743 881 803 937 quse
815 864 920 920 habitas
934 865 959 917 in
1010 859 1133 929 sequenti
1144 860 1274 916 sententia
1290 860 1395 917 videtur
1406 862 1549 932 designari.

172 966 246 1011 terra
262 956 330 1022 ilua,
344 957 376 1009 ari
392 965 419 1012 tc
431 971 536 1027 quoque
549 956 686 1027 perveniet
693 955 772 1022 calix,
785 953 962 1009 inebriaberis
1047 947 1132 1003 Thoar.
1146 968 1155 1000 r
1169 948 1306 1019 Complura
1319 959 1361 1005 εει
1372 950 1499 1021 iniquitas
1512 961 1567 1018 tna,
1586 952 1639 1009 utta
1654 952 1729 1022 Sion,
1741 971 1794 1012 non

173 1054 257 1114 utqee
280 1045 457 1099 rimaberis.»
475 1043 618 1116 (iltutus.)
640 1044 724 1099 Edom
749 1042 820 1098 idem
844 1041 896 1096 init
915 1043 960 1112 qni
1015 1055 1025 1089 t
1045 1036 1255 1104 addetu1ua‚nr
1267 1040 1441 1111 transmigret
1462 1052 1496 1097 te.
1519 1039 1645 1100 Vrsltubit
1667 1045 1795 1117 iniquita·

173 1134 246 1189 Esau
265 1134 350 1189 irater
363 1133 458 1200 Jacob,
471 1148 551 1204 aquo
574 1133 682 1188 hlumaei
703 1135 795 1188 hostes
809 1131 891 1187 lsrael
909 1131 961 1185 orti
1015 1144 1026 1177 t
1045 1134 1196 1194 temeram,
1211 1127 1265 1184 iilia
1289 1130 1384 1196 Edam,
1399 1130 1576 1202 discooperiet
1589 1143 1698 1202 peccata
1713 1146 1793 1191 tua.»

175 1234 250 1279 sunt.
265 1223 321 1278 lluz
335 1239 400 1294 ergo
418 1224 488 1278 silius
506 1223 555 1277 luit
568 1223 649 1276 liram
661 1221 779 1295 [Chone]
792 1220 963 1276 Tracontidis
1013 1209 1156 1294 (illusus.)
1171 1221 1309 1292 Completa
1329 1235 1394 1294 ergo
1418 1223 1613 1293 persecutione,
1630 1241 1681 1294 qua
1706 1227 1798 1283 hostes

175 1322 204 1368 et
217 1315 337 1369 borrrasci
347 1315 470 1370 conditor
479 1314 549 1367 inter
561 1312 728 1367 Palaestinam
744 1319 772 1366 ot
786 1308 962 1380 Coelesyriam
1014 1312 1041 1365 in
1055 1313 1107 1367 hoe
1118 1312 1215 1368 seculo
1236 1313 1429 1382 permittuntur
1441 1315 1564 1385 persequi
1577 1315 1678 1371 eiectos
1690 1316 1748 1383 bei,
1765 1319 1798 1372 ad

176 1413 273 1460 tenens
289 1405 477 1475 principatum,
495 1420 510 1458 a
531 1419 584 1473 qno
607 1403 781 1474 Septuaginta
802 1400 964 1470 interpretes
1013 1401 1198 1471 probationem
1220 1402 1324 1456 scilicet
1345 1414 1449 1467 corum,
1465 1417 1517 1457 uon
1531 1404 1563 1458 ad
1578 1403 1797 1460 ‹ianrnationemr

175 1494 206 1551 in
220 1496 288 1550 libro
300 1495 350 1551 iob
362 1496 406 1550 nbi
423 1496 449 1549 in
464 1494 577 1550 liebreo
587 1493 716 1550 scribitur
732 1502 833 1547 terram
849 1491 906 1545 ilua
921 1503 964 1544 rc·
1010 1489 1067 1559 jam
1079 1492 1149 1547 oltra
1162 1507 1214 1548 non
1227 1494 1334 1559 addent,
1345 1494 1575 1565 uttransmigrent
1588 1510 1636 1566 per
1646 1511 1721 1563 eos,r
1734 1512 1795 1566 qno

175 1587 284 1657 giorrmn
306 1586 475 1651 Arrsitirlcm,
498 1587 575 1658 quasi
605 1586 733 1643 Usitidcm
758 1584 962 1640 transtulerunt.
1015 1585 1086 1639 niam
1110 1584 1236 1641 abstersit
1257 1587 1328 1642 Deus
1350 1601 1458 1641 orrrnem
1481 1586 1628 1658 iacrynram
1659 1588 1693 1643 ab
1715 1589 1800 1644 cerulis

177 1678 255 1747 erod
269 1688 358 1732 aretem
373 1678 438 1732 dicit
455 1677 536 1732 tiliam
556 1677 639 1731 Elem
654 1675 770 1747 gaudere
784 1682 814 1730 et
826 1669 914 1728 lactari
931 1687 963 1727 co
1016 1681 1170 1730 sanctorum
1184 1685 1304 1738 errorum,
1319 1681 1347 1729 et
1369 1687 1455 1745 neque
1469 1675 1566 1742 luctus,
1582 1691 1669 1747 neque
1688 1676 1799 1742 clarnos,

178 1769 250 1837 quod
263 1767 417 1838 pervenerit
437 1767 470 1821 nd
490 1781 550 1820 eam
567 1766 638 1821 calix
652 1765 775 1831 Domini,
789 1779 839 1834 per
851 1762 964 1817 ironiam
980 1748 1003 1806 b
1018 1777 1104 1832 oeque
1125 1761 1201 1818 dolor
1223 1762 1276 1818 erit
1299 1763 1379 1830 ultra,
1403 1773 1462 1835 quac
1483 1767 1570 1836 prima
1595 1767 1729 1836 obierunt,
1754 1771 1801 1824 scd

179 1859 322 1929 legendum
336 1863 388 1921 est,
398 1834 427 1910 ub
438 1855 552 1911 cstilhrd
565 1856 591 1910 in
603 1855 720 1927 Epistola
730 1853 822 1910 iacobi
835 1851 963 1924 apostoli:
1017 1850 1211 1920 exulteutjusti
1222 1852 1249 1907 in
1263 1861 1406 1922 conspectu
1428 1854 1486 1920 uei,
1498 1864 1525 1910 et
1538 1856 1704 1914 delectentur
1717 1859 1743 1914 iu
1757 1858 1801 1914 he-

180 1968 192 2000 «
214 1948 348 2003 Gloriatur
361 1958 450 2001 autern
465 1946 547 2001 irater
565 1945 674 2001 humilis
688 1946 715 2000 in
728 1944 892 1999 exaltatione
904 1959 965 2005 stra,

179 2037 256 2091 dives
271 2035 401 2090 antemio
417 2034 566 2090 lruuriiitutc
581 2050 629 2089 sua
642 2033 714 2106 (doc.
730 2033 784 2106 ri.»
801 2032 967 2087 Sulrauditur

178 2145 196 2183 a
211 2128 351 2199 superiore
367 2141 445 2181 versu
466 2125 607 2197 glorietur,
619 2125 666 2196 qui
687 2134 775 2180 tamen
790 2140 844 2180 uon
859 2125 892 2179 ud
907 2124 966 2195 glo·

180 2220 261 2285 riam,
277 2219 325 2276 sed
349 2218 383 2273 ad
406 2217 617 2273 humiliationem
638 2215 713 2286 ejus,
728 2216 965 2272 etdamnationcm

179 2310 310 2379 pertinet.
326 2307 406 2364 Venit
423 2323 488 2380 ergo
503 2307 571 2362 calix
586 2307 701 2372 bonrini,
719 2307 772 2362 hoc
783 2315 825 2362 est
838 2306 966 2372 vindicta,

180 2403 217 2457 ad
229 2402 367 2467 idumeos,
378 2401 485 2472 quando
497 2399 742 2455 Nabuchodonosor
751 2406 855 2454 vastata
864 2397 967 2461 luriaco,

180 2504 347 2563 ceterasque
358 2503 451 2565 gentes
462 2492 542 2549 simili
558 2492 636 2547 modo
650 2491 809 2556 devastavit,
819 2499 847 2545 et
859 2491 977 2564 dignum

183 2583 237 2638 luit
247 2584 317 2654 quod
331 2584 422 2638 hostes
439 2582 529 2653 populi
543 2582 606 2643 lici,
620 2578 666 2652 qui
683 2581 710 2636 in
724 2580 782 2651 ejus
794 2580 970 2636 subversione

182 2673 270 2745 gavisi
284 2682 356 2739 srrnt,
370 2673 420 2744 ipsi
434 2688 539 2742 quoqne
554 2673 678 2728 meritum
689 2686 739 2741 pro
752 2685 785 2726 co
799 2670 834 2726 ab
847 2670 970 2726 hostibus

184 2766 338 2836 reciperent
352 2764 507 2819 vinidictam.
524 2762 635 2834 iiystice
656 2769 746 2816 autem
762 2760 788 2815 in
805 2760 858 2816 illia
873 2759 967 2824 Edoni,

182 2857 404 2927 quisanguiueos
416 2855 457 2911 vei
475 2865 597 2910 terrenus
618 2854 819 2924 interpretatur,
836 2869 968 2926 synagoga

184 2943 350 3010 iudeorum,
363 2944 404 2999 vcl
418 2943 500 2999 etiam
515 2941 675 3015 generaliter
687 2943 766 2997 turba
777 2943 897 2997 omnium
911 2958 970 3012 per-

1018 1941 1074 1996 luia
1097 1940 1190 2013 (Aper.
1212 1938 1282 2013 xxi),
1297 1960 1307 1995 r
1324 1940 1398 2012 impii
1422 1951 1511 1998 autem
1524 1950 1551 1999 et
1563 1953 1719 2014 peccatores
1739 1962 1801 2003 cunr

1018 2032 1123 2087 diaholo
1135 2032 1278 2087 mittuntur
1287 2032 1314 2087 in
1328 2041 1451 2106 stagnum
1466 2034 1535 2107 iguis
1560 2044 1587 2091 et
1598 2037 1744 2107 sulphuris,
1758 2041 1802 2096 uhi

1018 2131 1060 2179 est
1083 2123 1168 2178 bestia
1191 2129 1219 2178 et
1234 2123 1481 2194 pseudoprophete,
1497 2131 1524 2180 et
1545 2125 1738 2183 cruciabuntur
1759 2129 1803 2184 die

1018 2228 1052 2269 ac
1063 2221 1141 2269 noete
1156 2213 1182 2267 in
1198 2212 1295 2269 secula
1310 2213 1476 2270 seculorum.

1054 2302 1118 2359 Post
1140 2303 1358 2359 lamentationem
1372 2319 1447 2375 ergo,
1463 2321 1523 2376 quae
1543 2306 1642 2365 litteris
1662 2309 1804 2368 llehraieis

1021 2395 1166 2449 secundum
1178 2394 1275 2449 seriem
1289 2394 1445 2455 onrrrmdem
1461 2395 1609 2453 litterarum
1622 2400 1803 2471 quadruplici·

1022 2495 1063 2541 ter
1077 2487 1233 2558 opportunis
1253 2485 1327 2546 iocis.
1344 2497 1373 2541 ut
1393 2486 1524 2555 diximus,
1535 2498 1684 2558 prenotata
1700 2497 1751 2557 est,
1763 2508 1806 2548 se-

1021 2578 1112 2646 quitur
1124 2578 1212 2632 oratio
1226 2578 1361 2648 propheta·
1374 2593 1434 2649 quac
1448 2580 1624 2636 vastationem
1636 2582 1712 2637 urhis
1726 2580 1805 2637 ierur-

1022 2667 1115 2732 salem,
1131 2675 1159 2723 et
1173 2682 1265 2722 casaur
1283 2668 1373 2739 populi
1395 2667 1548 2724 ludaeorum
1568 2671 1745 2728 historialiter
1758 2673 1806 2728 de·

1022 2759 1125 2830 plorat,
1141 2769 1168 2814 et
1182 2760 1357 2830 spiritualiter
1382 2761 1486 2816 ruinam
1506 2763 1656 2818 animarum
1676 2764 1807 2831 iidelium,

1023 2857 1051 2904 et
1064 2849 1218 2905 vastitatem
1231 2865 1310 2921 quam
1329 2865 1416 2921 passe
1428 2859 1518 2906 sunta
1533 2852 1662 2922 nequitiis
1682 2855 1808 2925 spiritali·

1023 2940 1073 2996 bus
1087 2941 1210 2997 ilchiliter
1223 2951 1432 2998 conmemorat:
1443 2943 1477 2998 ad
1487 2952 1638 3000 extromum
1648 2961 1713 3002 vero
1726 2948 1809 3017 ipsius

186 3035 356 3088 serenianum
385 3032 510 3088 Ecclesia
529 3032 699 3103 exprimitur,
722 3033 768 3104 qui
788 3033 972 3088 acerbissimis
1025 3029 1131 3087 bomini
1152 3045 1232 3103 opem
1253 3040 1281 3086 et
1304 3031 1517 3089 miscricordiam
1539 3034 1682 3090 subuenire
1703 3033 1810 3092 afflictis

186 3125 419 3196 persecutionibus
431 3124 547 3180 bdelium
561 3126 667 3180 turbam
681 3125 708 3180 in
726 3132 781 3182 toto
795 3126 860 3182 orbe
874 3126 973 3181 consti·
987 3103 1009 3167 C
1026 3124 1163 3179 humiliter
1176 3122 1345 3195 deprecetur.

189 3227 275 3272 tutam
296 3217 478 3281 insectantur,
493 3216 590 3287 qoihus
612 3228 701 3277 tanen
721 3227 796 3273 certa
810 3219 837 3274 in
850 3219 973 3290 gebenna

188 3307 261 3378 ignis
271 3306 363 3361 etend
377 3305 527 3361 remanebit
538 3308 664 3362 vindicta.
679 3308 716 3361 be
730 3308 781 3363 hac
796 3307 877 3363 etiam
890 3308 973 3362 Edem

190 3396 258 3460 iilia,
273 3395 358 3449 liarid
378 3395 506 3465 propheta
520 3395 547 3449 iu
562 3396 673 3465 psalmis
693 3395 780 3469 (Psoi.
794 3396 903 3467 cxxxvi)
918 3410 974 3452 me·

190 3485 285 3550 minit,
299 3484 409 3540 dicens:
424 3502 434 3536 r
450 3483 594 3551 ilemento,
609 3485 736 3551 homine,
751 3486 865 3541 illiorum
878 3488 973 3552 Edem,

1259 3210 1387 3271 ORthO
1405 3212 1572 3271 JERllhllAE.

1063 3308 1251 3375 «Recordare,
1273 3307 1404 3376 bomine,
1426 3309 1491 3379 quid
1515 3308 1643 3366 acciderit
1667 3308 1755 3376 nohis,
1771 3310 1812 3364 in·

1027 3417 1037 3450 r
1060 3407 1135 3455 tuere
1151 3407 1178 3455 et
1191 3399 1294 3470 respice
1308 3398 1482 3469 opprobrium
1495 3406 1626 3456 nostrum.
1642 3399 1811 3474 »lllnnuusq

1024 3491 1095 3550 Usus
1107 3501 1149 3549 est
1164 3493 1353 3563 prophetarum
1367 3491 1523 3562 frequenter
1543 3506 1592 3561 per
1606 3493 1738 3550 hermanus
1749 3509 1812 3549 cori·

189 3580 219 3632 in
240 3577 284 3632 ure
307 3566 524 3647 teretemque
545 3575 650 3642 denne,
667 3576 818 3643 Exinanite.
839 3578 976 3633 exinanito
1025 3585 1180 3644 saeuutnes
1194 3585 1335 3639 murnum
1349 3583 1810 3655 supplem.‹Recordarerenrm

35 3666 36 3677 ¹
88 3692 92 3699 ·
191 3681 277 3737 usque
299 3664 333 3720 ad
357 3665 558 3721 fontanensem
584 3666 611 3721 iu
636 3680 679 3721 ea.
698 3664 842 3739 (Cassiod.)
859 3666 976 3737 Populus
1025 3677 1067 3732 vei
1079 3684 1213 3732 memento
1227 3676 1262 3731 illi
1277 3676 1386 3741 dicitur,
1400 3674 1445 3746 qui
1460 3673 1559 3730 nullius
1570 3674 1713 3745 aliquando
1726 3677 1813 3746 potuit

191 3774 258 3830 ergo
270 3758 441 3814 liebraeorum
455 3758 500 3813 hic
512 3773 657 3814 corrrcrsus
677 3758 710 3813 ad
725 3760 865 3814 bomirnrm
879 3760 974 3830 deprc·
1025 3765 1155 3822 oblivisci.
1166 3764 1222 3821 Non
1235 3765 1307 3820 enirn
1316 3772 1345 3820 ot
1359 3763 1392 3819 ad
1407 3764 1564 3819 memoriam
1578 3766 1668 3820 redeat
1680 3765 1812 3823 Divinitas

190 3861 278 3913 rator,
296 3864 330 3904 nc
354 3848 453 3904 multos
474 3849 611 3905 discedere
624 3850 753 3921 periatur,
767 3851 814 3920 qui
827 3851 975 3905 Ecclesiam
1025 3863 1228 3921 commonetur,
1241 3869 1333 3910 coram
1347 3869 1401 3923 qua
1414 3868 1495 3909 omne
1510 3853 1675 3922 praeteritum
1689 3860 1718 3909 ei
1738 3855 1813 3911 lutu-

194 3942 240 3996 bci
266 3939 412 3995 saevissima
439 3940 621 4011 increpatione
641 3941 800 3995 dilacerant.
824 3942 923 4006 Edem,
946 3953 976 3997 nt
1027 3960 1086 4000 rom
1099 3958 1205 4016 semper
1222 3958 1340 4016 praesepe
1353 3952 1404 4000 est.
1430 3942 1488 3999 Nou
1510 3952 1552 4000 est
1569 3945 1642 4000 enim
1662 3947 1770 4018 dignum
1786 3950 1812 4004 in

191 4032 319 4097 diximus,
333 4031 378 4086 olii
391 4031 575 4101 sanguineum,
591 4031 635 4085 alii
648 4038 782 4087 terremur
797 4034 976 4104 interpretan-
1027 4035 1070 4090 iiia
1085 4032 1223 4103 maiestate
1237 4048 1337 4105 ponere
1357 4033 1498 4091 oblivionis
1517 4035 1653 4106 injuriam.
1675 4036 1729 4092 Sed
1752 4038 1812 4095 idco

193 4122 256 4175 darn
270 4136 330 4177 esse
341 4128 512 4191 putaverunt,
526 4121 596 4190 rqrnrd
615 4132 702 4175 tamen
716 4132 860 4194 utrumque
872 4125 904 4178 ud
918 4140 977 4178 car·
1027 4126 1163 4182 recordari
1177 4125 1218 4181 vel
1233 4126 1386 4182 meminisse
1397 4126 1557 4197 postulatur,
1571 4134 1601 4182 ut
1616 4128 1671 4183 cito
1683 4130 1813 4185 auxilium

194 4210 265 4265 nalia
282 4210 346 4265 ritio
365 4209 459 4264 referri
481 4226 560 4279 posse
582 4226 635 4266 rron
656 4213 765 4269 dubium
784 4224 834 4269 est.
855 4214 900 4271 lsti
916 4224 978 4270 suut
1027 4215 1208 4287 indigentibus
1230 4215 1361 4281 conterat,
1375 4224 1403 4270 et
1421 4216 1508 4285 palam
1532 4216 1623 4286 iaciat,
1638 4218 1710 4288 quod
1732 4229 1811 4275 antea

191 4314 257 4370 crgo
272 4298 319 4353 tilii
332 4299 433 4363 lidum,
446 4300 491 4367 qui
504 4299 688 4356 Christianum
700 4303 825 4374 papulum
841 4314 903 4359 sont
917 4320 978 4374 gru·
1028 4306 1078 4364 luit
1091 4306 1234 4363 occultum.
1249 4305 1305 4363 lias
1317 4307 1389 4363 enim
1400 4306 1561 4378 tropologias
1572 4308 1727 4379 frequenter
1741 4308 1816 4367 Seri·

193 4389 301 4444 rissime
315 4390 466 4460 persecuti,
479 4403 529 4445 nec
548 4390 636 4460 aliqua
653 4393 836 4449 satisfactione
853 4398 976 4452 conversi
1028 4397 1115 4469 pruris
1125 4397 1152 4452 in
1168 4396 1266 4453 divinis
1278 4397 1569 4463 invenies,otestiilud
1579 4398 1710 4457 inGenesi
1723 4421 1748 4457 :r
1763 4404 1815 4460 Rc-

192 4486 265 4533 eunt.
285 4473 361 4546 Quod
384 4489 474 4535 auem
492 4478 519 4533 in
542 4480 587 4534 illo
613 4484 825 4551 sequestratione
845 4486 976 4542 bonorum
990 4456 1017 4516 D
1030 4488 1163 4550 cordabor
1184 4487 1293 4544 loederls
1314 4488 1367 4544 mci
1391 4484 1473 4561 (Gen.
1488 4490 1564 4562 rap.»
1581 4488 1630 4547 Vel
1654 4494 1681 4547 in
1701 4492 1813 4551 Exodo:

192 4571 352 4640 deprecatur
369 4573 396 4626 in
416 4572 573 4626 memoriam
588 4576 691 4641 redire,
707 4584 735 4629 ut
748 4592 794 4631 cos
810 4577 899 4634 debita
913 4596 976 4650 pos·
1034 4598 1043 4632 r
1060 4576 1226 4634 Recordatus
1238 4585 1280 4633 est
1293 4576 1421 4633 Dominus
1431 4579 1503 4648 pacti
1523 4578 1593 4648 quod
1605 4580 1814 4653 pepigeratcnm

193 4670 234 4713 set
258 4675 336 4729 prena
359 4663 512 4733 suscipere,
530 4663 581 4719 hoc
600 4664 712 4730 dieitur,
736 4668 805 4723 sieut
827 4684 898 4740 sape
923 4686 978 4728 me·

195 4761 326 4807 moratum
349 4764 404 4820 est,
429 4757 576 4826 prrqnlretiae
594 4757 706 4825 eliceto,
728 4778 780 4817 non
804 4764 977 4821 maledicendi

194 4851 273 4898 voto:
291 4844 316 4898 in
339 4845 391 4900 illis
408 4848 480 4903 enim
502 4848 587 4918 pietas
601 4860 690 4904 nostra
712 4867 765 4906 non
780 4856 917 4923 querum,
933 4858 978 4926 qui

194 4931 300 4988 bouem
312 4935 490 4993 estimatione
506 4939 650 4994 damnandi
668 4951 738 4997 sunt.
756 4942 831 4999 Unde
845 4953 872 4999 et
887 4946 977 5003 subdi-

196 5030 259 5076 tur:
273 5043 283 5074 ι
299 5024 348 5089 Qui
371 5025 478 5092 dicrmt,
500 5027 660 5095 Exiereuite,
684 5031 821 5089 exinanite
842 5036 979 5104 usquead

196 5108 399 5167 fundamentum
414 5115 439 5169 in
454 5131 495 5170 ea.
511 5137 521 5168 ι
539 5115 625 5173 h'erho
640 5129 702 5174 suut
713 5136 776 5192 ergo
798 5123 848 5178 ista
864 5124 978 5180 liliorum

196 5201 290 5265 Edoni,
304 5207 521 5273 persequentium
533 5209 657 5279 populum
670 5210 863 5281 Christianum,
878 5232 892 5270 a
907 5218 981 5273 simi·

194 5290 310 5347 titudine
323 5300 409 5349 tracta
422 5296 556 5363 cisternae,
571 5301 641 5356 unde
652 5303 674 5356 si
688 5317 758 5372 aqua
775 5305 867 5360 sedule
880 5307 981 5363 tollitur

197 5397 282 5450 rrsqrre
295 5384 329 5438 ad
346 5385 547 5444 irredomeotum
558 5392 616 5461 ejus
639 5392 698 5447 sine
717 5393 799 5449 dubio
817 5399 982 5465 pervenitur.

198 5470 251 5524 Sed
266 5475 330 5543 qnid
343 5477 394 5533 iilis
406 5480 533 5547 proderat
555 5482 644 5536 seculi
665 5483 742 5538 istius
758 5483 843 5539 locem
866 5486 985 5542 adimere

198 5561 312 5627 talibas,
326 5569 434 5635 quando
449 5569 534 5640 nragis
548 5569 575 5623 in
590 5572 648 5640 ipso
661 5570 834 5629 fundamento
856 5586 984 5631 aeternam

199 5648 282 5706 ritum
308 5658 444 5723 possidere
468 5658 626 5713 ridebantur
647 5662 747 5716 occisi?
770 5663 983 5723 fundamentum

1030 4667 1167 4724 Abrabam
1186 4665 1300 4722 etlsaac
1320 4664 1640 4734 discumberent.»
1664 4668 1728 4725 Sive
1751 4670 1814 4725 iliud

1031 4758 1102 4830 qnod
1117 4756 1202 4814 iioses
1216 4755 1249 4812 ad
1269 4756 1410 4813 bominum
1428 4758 1516 4814 divit:
1532 4776 1540 4809 r
1557 4758 1710 4815 Recordare
1728 4759 1816 4813 birra·

1032 4851 1094 4906 ham
1106 4858 1134 4907 et
1146 4850 1221 4906 isaac
1244 4857 1272 4906 et
1291 4849 1388 4916 Jacob,
1403 4865 1543 4906 serrorum
1569 4859 1675 4905 tuorum
1697 4850 1815 4906 ssdelium

1033 4939 1131 5013 (bend.
1142 4939 1260 5010 xxxiiii
1274 4938 1341 4995 liam
1355 4948 1380 4995 et
1397 4938 1480 4995 David
1502 4941 1529 4994 in
1542 4939 1652 5008 psalmis
1665 4938 1721 4993 alt:
1735 4956 1745 4989 r
1761 4937 1817 4994 lic-

1032 5038 1123 5085 mcnto
1140 5029 1214 5085 verbi
1234 5030 1272 5083 toi
1291 5043 1369 5085 servo
1387 5038 1432 5083 tuo
1443 5026 1528 5100 (Pari.
1543 5026 1668 5099 cxvur).r
1684 5026 1717 5081 Et
1730 5026 1815 5086 item:

1036 5140 1045 5172 r
1061 5120 1203 5187 Memento,
1218 5121 1344 5184 bomim,
1359 5118 1453 5183 David,
1468 5127 1496 5173 et
1507 5116 1595 5171 omnis
1605 5115 1818 5172 mausuetudinis

1033 5210 1092 5281 ejus
1102 5208 1186 5281 (Paci.
1202 5208 1304 5279 exsut).
1316 5228 1326 5263 r
1338 5241 1373 5273 ÷
1385 5228 1395 5261 v
1410 5209 1571 5273 Recordare,
1584 5208 1681 5279 inquit,
1693 5208 1817 5275 Domine,

1034 5302 1099 5372 qaid
1122 5300 1250 5356 acciderit
1268 5300 1367 5356 nobis»
1385 5299 1412 5353 in
1434 5297 1568 5354 calumnia
1591 5299 1760 5364 vastationis,
1777 5300 1819 5354 in·

1037 5404 1113 5450 tuero
1132 5402 1161 5447 et
1182 5392 1285 5462 respice
1304 5392 1476 5462 opprobrium
1500 5398 1632 5459 nostrum,
1654 5394 1725 5462 quod
1747 5391 1820 5463 passi

1036 5502 1130 5542 sumus
1139 5485 1174 5540 ab
1183 5484 1226 5540 his
1235 5484 1281 5554 qni
1294 5483 1430 5539 duruerunt
1445 5498 1494 5539 nos
1508 5484 1584 5554 quasi
1597 5500 1688 5543 serres
1700 5489 1820 5559 captivos

1037 5578 1064 5632 in
1079 5585 1178 5633 terram
1192 5576 1316 5643 alienum,
1330 5584 1357 5632 et
1368 5575 1444 5632 abusi
1458 5583 1520 5632 surrt
1532 5578 1618 5633 nostri
1634 5579 1667 5634 ad
1682 5581 1821 5636 servitium

1037 5684 1124 5723 snruu.
