4042 6200
98 268 130 323 gp
603 247 648 304 DE
667 242 842 303 unituttsu
861 241 952 299 ttuut
970 241 1054 298 xxti.
1074 272 1109 285 -
1128 243 1193 300 eto.
1214 242 1258 298 ΙΙΙ.
1701 244 1736 299 'itt

100 385 165 451 tacto
177 383 242 431 unt
256 372 345 427 omnia
360 383 429 422 noro
442 364 489 437 (ll
495 364 555 421 cor.
566 364 604 433 ι).
618 360 794 432 Prophetnrit
805 365 894 414 antem
907 359 934 419 A
945 356 1034 427 phetae
1055 356 1169 429 figuram
1186 364 1362 428 gestaverunt
1372 365 1537 422 sanctornm,
1552 359 1599 428 qni
1620 360 1647 414 in
1659 359 1738 415 nohis

100 466 225 526 sabOaia
246 475 310 532 rege
326 458 409 523 doda,
433 456 543 528 quondo
567 463 596 511 et
619 453 689 509 Osee
706 461 735 508 et
756 450 840 507 Amos
865 455 894 505 et
943 445 1024 516 buius
1035 448 1261 520 peregrinationis
1273 448 1329 504 rita
1348 448 1469 505 loturum
1485 451 1737 522 tempusliberatio·

100 561 180 617 ¹⁵²1ss
191 554 437 627 prophetaverunt.
760 606 765 618 ,
943 539 986 595 nis
999 538 1156 596 demetant.

133 649 263 709 llicheas,
274 637 598 712 quiinterpretatnrqair
620 636 674 701 lrr'c,
691 634 735 690 uel
751 633 810 704 quir
833 631 893 696 iate,
979 628 1127 685 llalacbias
1151 631 1343 699 interpretatur
1365 631 1473 698 anqelor
1496 630 1615 698 Domini,
1637 633 1663 688 id
1685 644 1736 699 est,

102 748 144 794 aot
160 732 310 795 humilitas,
323 727 461 800 significat
473 726 547 783 illurn
565 724 611 795 qui
635 724 662 780 in
675 721 822 794 Evangelio
833 720 893 775 ait:
944 721 1063 774 nentina.
1078 719 1213 790 Quidquid
1224 721 1297 775 enim
1312 720 1484 790 loquebatur,
1497 723 1575 792 quasi
1593 737 1609 776 a
1626 721 1738 778 Domino
1844 742 1848 749 ²

103 827 195 882 bnebe
209 820 357 891 onteqeio
376 818 450 872 mitis
463 833 521 871 enm
534 825 560 871 et
574 815 680 870 inmitis
696 812 893 885 cordelllottlr.
944 816 1035 865 essent
1048 809 1185 876 mandata,
1201 809 1239 864 ita
1253 811 1451 866 credebantur:
1464 819 1491 867 et
1510 812 1572 867 inde
1585 813 1622 866 ita
1638 828 1736 868 nomen

103 917 155 987 ιι),
166 924 196 969 et
209 913 244 966 de
256 924 313 981 quo
326 907 462 979 Propheta
485 906 553 962 dixit
566 925 573 960 :
589 904 788 963 Generatiooern
807 913 895 957 autem
943 900 1003 970 ejus
1019 899 1193 972 Septuaginta
1204 901 1370 972 interpretes
1377 903 1583 969 transtulerunt,
1596 905 1717 961 dicentes
1730 923 1737 959 :

104 1011 157 1078 ejus
168 1007 226 1079 quie
241 1003 378 1058 enarrabit
388 1000 467 1070 (lsai.
481 1000 559 1072 ntttll
574 1000 607 1054 ad
622 1013 702 1068 quem
718 997 828 1052 verbnm
848 996 895 1051 uei
946 991 1096 1063 Attontptio
1116 994 1185 1048 uerbi
1205 994 1311 1048 Domini
1327 1012 1406 1065 snper
1417 995 1502 1051 lsrael
1515 998 1543 1051 in
1563 1014 1643 1053 mmm
1653 998 1740 1070 angeli

105 1100 202 1154 ικιιιιιι
212 1102 269 1158 cst,
282 1094 347 1164 quia
374 1091 486 1146 l'erbarn
499 1106 561 1145 coro
575 1089 674 1158 facturn
686 1098 735 1154 ert,
750 1097 775 1143 et
793 1087 896 1142 bobilo·
946 1086 1013 1155 cy'ttt.
1029 1086 1081 1141 iste
1095 1086 1167 1142 enim
1191 1094 1281 1158 typum
1303 1086 1453 1144 salvatoris
1472 1091 1558 1145 trostri
1580 1090 1676 1157 tenuit,
1693 1090 1739 1161 qui
1822 1157 1826 1165 Ι

106 1188 137 1242 rit
155 1187 183 1239 io
194 1184 272 1239 nobis
288 1181 381 1254 (donn.
396 1180 433 1252 r);
449 1195 499 1250 per
512 1177 588 1249 cajus
601 1179 827 1249 dispensationem
842 1177 897 1246 pri·
947 1174 1056 1246 angelos
1066 1177 1156 1246 magni
1166 1177 1270 1231 consilii
1285 1177 1394 1233 dieitur.

108 1291 174 1330 mant
197 1272 341 1343 prophetae
362 1279 390 1325 et
409 1276 503 1341 postea
516 1268 628 1339 apostoli
649 1269 683 1323 ad
696 1267 896 1339 praedicandum
982 1267 1083 1321 Esdras
1096 1267 1291 1336 interpretatur
1305 1269 1420 1338 adjutor.

109 1366 213 1421 verbum
228 1363 278 1418 ttet
292 1361 369 1417 missi
390 1369 463 1415 ιιιιιι.
477 1359 612 1427 Quantum
625 1373 691 1431 ergo
710 1357 744 1413 ad
757 1357 896 1412 historiam
983 1353 1129 1409 lleiremios
1138 1354 1333 1426 interpretatur
1344 1358 1519 1413 corrrolotoro
1534 1359 1654 1414 domino.
1670 1360 1741 1426 Qro-

110 1457 217 1527 pertinet
241 1451 395 1508 seeomluna
417 1449 539 1506 ordinem
558 1447 736 1517 captiuitatis,
759 1445 822 1514 quia
841 1445 898 1515 pri·
947 1442 1010 1498 dam
1025 1444 1096 1498 enim
1113 1445 1246 1516 praesagio
1262 1445 1413 1503 futororum
1439 1450 1548 1504 nomina
1570 1451 1621 1505 ista
1644 1450 1740 1505 sortita

111 1566 176 1606 mom
200 1558 246 1604 est
270 1556 351 1617 capta
372 1544 495 1601 Samaria
520 1541 674 1613 metropolis
694 1538 787 1603 lsrael,
805 1547 899 1608 postea
948 1546 1021 1592 sont.
1037 1536 1158 1593 Fuerunt
1171 1538 1244 1594 enim
1265 1539 1292 1594 in
1309 1538 1474 1608 adjutorium
1488 1549 1516 1597 et
1529 1541 1741 1597 consolationem

112 1639 274 1696 hierusalem
287 1639 356 1692 urbs
365 1634 452 1699 tuuae,
461 1634 609 1706 prophetiae
619 1631 712 1686 titulus
723 1630 833 1700 ponitur
843 1628 898 1699 pri·
948 1627 1022 1683 omoi
1039 1626 1076 1683 illi
1091 1626 1190 1698 populo
1205 1629 1326 1685 redeunti
1347 1630 1380 1685 ad
1401 1631 1527 1700 patriam.
1544 1631 1610 1687 Nam
1626 1640 1654 1686 et
1675 1642 1742 1687 tem·

113 1746 178 1785 num
191 1730 225 1785 de
240 1727 382 1792 Samaria,
396 1724 516 1781 monario
527 1724 560 1779 do
573 1719 750 1777 Hierusalem.
762 1718 898 1786 Quantum
912 1709 936 1770 B
949 1718 1022 1789 plum
1043 1718 1151 1775 Domini
1165 1720 1246 1776 iidem
1268 1721 1508 1787 reaedificaverunt,
1520 1732 1549 1779 et
1561 1738 1699 1779 murorum
1714 1732 1743 1778 ct

112 1838 170 1876 tero
183 1822 218 1875 ad
235 1820 369 1892 mysticos
390 1815 550 1880 irttellectus,
572 1812 634 1883 qnia
657 1810 780 1866 Samaria
794 1822 900 1878 semper
949 1808 1064 1863 turrium
1078 1825 1146 1880 opus
1168 1809 1218 1880 ipsi
1240 1821 1469 1869 restauraverunt.
1485 1812 1588 1885 'lypum
1607 1828 1672 1883 ergo
1695 1814 1741 1870 isti

114 1912 296 1968 inhermibus
306 1909 450 1979 accipitur.
468 1904 632 1960 Hierusalem
643 1904 670 1958 io
687 1912 749 1974 typo
760 1900 898 1966 Ecclesiae,
949 1899 1050 1955 babent
1072 1909 1101 1955 ct
1122 1900 1306 1970 apostolorum
1328 1910 1356 1958 et
1375 1903 1581 1972 praedicatorum
1605 1902 1742 1974 Evangelii

113 2003 218 2057 udonus
238 2001 357 2055 verbnm
370 1996 477 2052 bonoim
500 1996 556 2051 lieri
581 1995 614 2050 ad
633 1992 761 2050 humilem
775 1992 901 2048 etcobne·
949 1990 1062 2055 Christi,
1076 1991 1122 2060 qui
1142 1990 1264 2061 spiritale
1276 1992 1419 2047 aedilicium
1435 1992 1482 2047 Dei
1492 2000 1552 2062 post
1563 1992 1664 2049 exitum
1677 1992 1744 2048 iidc-

114 2094 195 2149 rodoro
206 2091 311 2149 Christi
328 2090 363 2145 de
380 2088 493 2144 dirersis
504 2085 673 2158 dogmatibus
686 2085 821 2149 Ecclesiae,
836 2082 900 2154 quia
949 2078 1015 2135 lium
1036 2081 1068 2135 dc
1089 2079 1225 2149 Babylone
1240 2080 1317 2134 istius
1330 2080 1432 2145 mundi,
1445 2088 1527 2151 atque
1543 2094 1695 2151 regressum
1716 2081 1743 2135 in

116 2185 177 2242 torte
189 2193 335 2255 meatum
353 2181 536 2245 commiserat,
555 2186 584 2235 et
604 2177 687 2233 totius
704 2177 806 2232 ordinis
827 2175 902 2230 rolo-
949 2177 1051 2224 terram
1067 2169 1295 2238 repromissionis,
1306 2169 1397 2225 verbis
1420 2177 1448 2226 ct
1472 2170 1603 2239 cxernplis
1623 2169 1744 2239 quotidie

116 2290 170 2330 nen
181 2280 352 2330 contexerat.
949 2258 1125 2314 instaurando
1139 2259 1312 2323 reaedificant,
1327 2266 1357 2312 ut
1378 2274 1438 2328 quae
1452 2260 1527 2330 prius
1542 2275 1591 2330 per
1604 2260 1744 2331 negligen-

146 2366 247 2421 ΜΒ,
270 2364 594 2434 qnoefpfegqmrqerm
613 2361 670 2417 give
683 2357 841 2415 emotum,
854 2357 900 2413 ιη.
950 2349 1017 2404 tiam
1042 2348 1085 2405 rcl
1099 2349 1228 2405 desidiam
1242 2349 1417 2420 pristinorum
1433 2350 1615 2407 habitatorum
1636 2366 1746 2406 corrne-

115 2454 284 2527 orepoteoim
296 2453 435 2508 civitatem
445 2451 720 2524 sanguinumetpost
732 2449 901 2505 eversionem
950 2449 1024 2507 rant,
1045 2440 1097 2512 ipsi
1116 2441 1226 2497 instanti
1245 2441 1305 2496 nisu
1329 2449 1357 2495 et
1373 2441 1462 2497 studio
1478 2439 1598 2512 perlecto
1617 2456 1678 2498 curo
1697 2455 1744 2497 co-

119 2544 180 2601 tttoe
191 2543 351 2601 omrsotatm
361 2542 438 2608 sion,
450 2542 563 2597 otoeos:
581 2539 649 2596 Eece
659 2557 738 2611 anper
748 2549 902 2609 momeope
950 2530 1140 2602 operatoribus
1154 2530 1438 2601 oeroosreooperent.

118 2634 366 2706 mmmmm,
375 2643 398 2687 a
410 2632 591 2687 meminent·
604 2647 694 2703 pacem
706 2629 790 2702 (Nat,
801 2629 833 2701 ι),
851 2627 901 2685 uie
984 2621 1103 2677 Ananias
1117 2621 1312 2693 interpretatur
1325 2622 1411 2692 pretio
1425 2620 1485 2676 liei.
1502 2620 1574 2678 idem
1585 2629 1613 2677 et
1628 2620 1741 2678 Sidrach

118 2741 216 2797 quoqne
236 2737 396 2781 sanctorum
419 2722 626 2793 predicatorum
641 2729 732 2793 typum
751 2727 833 2785 tenet,
854 2719 900 2791 qni
950 2711 1040 2785 lingua
1054 2711 1213 2778 chaldaica,
1226 2714 1296 2783 quod
1317 2715 1509 2785 interpretatur
1523 2714 1633 2770 decoret
1655 2731 1740 2770 meet.

117 2818 246 2872 civitatem
258 2815 434 2886 sanguinum,
450 2813 563 2876 bocost,
576 2811 739 2882 Babylonem
752 2808 901 2881 spiritalem
984 2805 1098 2861 tranas
1121 2804 1313 2875 interpretatur
1332 2805 1460 2860 auritium
1486 2805 1600 2861 nomint.
1625 2806 1697 2862 ldem
1715 2815 1744 2863 ct

119 2909 281 2980 inercpantes
296 2914 422 2977 aeguum,
437 2917 547 2975 germen
562 2901 623 2958 odei
644 2908 672 2956 et
691 2901 822 2956 bonorum
835 2914 900 2971 ope-
950 2893 1108 2966 neumago,
1127 2896 1198 2966 qnod
1214 2896 1241 2950 in
1264 2894 1386 2951 Latinum
1398 2897 1514 2951 vertitur
1529 2897 1641 2951 terrient
1659 2907 1743 2952 toceo.

119 3014 173 3053 roro
185 3000 219 3054 ab
236 2998 281 3053 eis
298 3004 469 3068 expetentem
495 2993 518 3050 sl
538 2993 723 3063 poenitentiam
744 2991 849 3063 egerint
867 2992 900 3047 de
985 2984 1078 3041 llisoel
1099 2985 1162 3055 quia
1182 2986 1293 3057 popnlrre
1314 2984 1430 3041 bomini.
1454 2985 1513 3056 lpse
1531 2997 1559 3042 et
1572 2986 1682 3052 llisaac,
1697 2988 1744 3058 qni

119 3087 227 3158 mostis
241 3086 312 3151 suis,
327 3083 540 3141 consolationem
558 3082 643 3139 reniae
661 3081 715 3139 illis
727 3082 897 3154 promittunt.
911 3053 936 3120 0
951 3074 1146 3146 interpretatur
1169 3076 1237 3131 riter
1251 3075 1293 3131 rel
1311 3075 1447 3148 gordiam.
1469 3074 1502 3132 lll
1516 3084 1572 3133 tres
1589 3078 1664 3148 pueri
1679 3078 1747 3151 dgn-

149 3177 272 3233 llahacnc
292 3177 488 3245 interpretatur
503 3173 748 3244 depromendum
764 3172 805 3229 rel
820 3188 853 3227 ex
868 3187 900 3228 eo
951 3179 1009 3219 raro
1038 3165 1213 3235 praetulerunt
1241 3176 1407 3231 sanctorum,
1436 3168 1481 3238 qui
1499 3183 1598 3239 corpus
1616 3185 1693 3224 suum
1717 3172 1745 3226 in

120 3269 182 3339 qood
201 3266 329 3322 amabilis
349 3264 455 3320 bomini
474 3263 535 3330 luit,
549 3273 661 3320 vocatur
674 3263 845 3333 amplexatio,
859 3260 901 3317 rel
950 3254 1137 3326 persecutione
1158 3255 1321 3312 obtulerunt.

120 3358 183 3430 qood
196 3359 223 3413 ia
234 3356 386 3413 certamino
395 3370 456 3411 cum
469 3354 523 3411 Deo
533 3354 901 3427 congredituramplenantis,
985 3346 1076 3417 Δεινὴ
1092 3346 1285 3418 interpretator
1296 3364 1428 3419 synogoga
1441 3366 1448 3402 :
1464 3347 1619 3420 significans
1634 3364 1748 3422 congre-

120 3448 144 3501 ιι
157 3456 208 3509 en.
222 3443 351 3501 tumoris
363 3445 475 3500 mortius
486 3452 528 3501 m
539 3459 646 3500 nomen.
658 3444 833 3501 uoltusentm
846 3454 901 3502 taur
951 3437 1084 3509 gatiouuu
1101 3452 1162 3506 ouu
1179 3437 1304 3505 crentur,
1321 3454 1374 3493 uuo
1389 3455 1449 3509 qun
1470 3439 1603 3495 obstinata
1617 3455 1746 3512 norman·

121 3537 208 3592 endam
227 3550 296 3591 ηοω
313 3549 397 3589 onmis
415 3541 457 3589 est
479 3533 562 3589 neum
580 3534 614 3589 ad
628 3535 849 3605 disceptationem
858 3536 903 3604 ju.
951 3529 996 3582 sit.
1024 3524 1091 3580 Nam
1112 3532 1173 3596 post
1195 3527 1421 3583 resurrectionem
1445 3527 1550 3584 bomiri
1569 3529 1692 3587 contessa
1711 3532 1748 3588 le·

120 3626 192 3680 ⁵511ae
209 3637 370 3695 promente,
397 3637 447 3678 cur
468 3622 495 3677 tn
517 3623 597 3678 rebus
620 3622 743 3679 humanis
764 3633 792 3680 ey
809 3624 902 3680 mundi
952 3615 1039 3685 minus
1061 3616 1145 3669 molta
1167 3614 1251 3671 millia
1274 3615 1437 3682 ludaeorum,
1459 3620 1529 3676 sicut
1551 3621 1622 3677 iuter
1644 3621 1697 3677 alia
1712 3630 1748 3678 te·

120 3719 191 3773 istius
203 3724 280 3771 tanta
291 3729 382 3770 rerum
395 3713 663 3785 verseturioiquitas.
678 3713 818 3784 Significat
829 3715 902 3772 enim
952 3712 1060 3759 ⁸¹³¹¹¹¹¹i
1078 3704 1145 3761 3⁰²³
1168 3705 1359 3776 ³P⁰⁸¹⁰¹⁰l¹¹¹¹b

120 3808 218 3863 fidelem
242 3804 372 3878 populum
394 3804 460 3874 qni,
484 3818 565 3875 super
585 3803 692 3859 excelsa
709 3803 849 3870 elevatus,
874 3803 901 3858 in
947 3869 949 3872 v
987 3797 1075 3852 tithan
1100 3797 1293 3867 ittlerprelttlut·
1321 3798 1451 3854 robutlttt.
1480 3799 1567 3856 Ethao
1586 3809 1676 3858 aulum
1697 3801 1748 3858 isle

119 3912 193 3953 crooe
218 3895 364 3951 mininam
388 3893 593 3964 contemplatur,
613 3893 731 3950 dicens:
753 3891 858 3949 Gomon
874 3893 901 3948 in
952 3888 1022 3944 sicttt
1043 3897 1071 3944 ct
1089 3889 1173 3945 Ernan
1188 3889 1223 3945 dn
1237 3890 1391 3946 cantoribus
1408 3892 1491 3947 Dauid
1511 3893 1585 3966 regis
1603 3903 1656 3958 est,
1680 3909 1748 3963 quos

119 3988 233 4041 monitu
243 3984 314 4056 ηἰιι,
338 3980 392 4037 iilic
410 3982 564 4052 confirmato
585 3991 623 4038 eet
644 3984 725 4039 uirtus
743 3982 902 4054 plorioeey'ne
952 3976 1041 4033 Verba
1062 3977 1172 4033 ltierum
1189 3988 1317 4045 narrant3
1341 3977 1413 4036 dlius
1436 3980 1560 4035 videlicet
1579 3979 1671 4044 Clausi,
1699 3981 1747 4036 tilii

120 4077 197 4148 thet.
215 4077 270 4149 ιιι).
809 4117 815 4122 .
952 4069 1033 4135 hhdi,
1046 4071 1080 4125 de
1098 4070 1306 4142 congregatione
1321 4070 1418 4126 llcrari
1433 4071 1479 4125 lilii
1493 4072 1572 4136 Leri;
1588 4072 1631 4128 uel
1643 4075 1675 4128 de
1694 4072 1748 4128 illis

150 4168 303 4239 Sopbomm
323 4164 467 4238 speculem,
489 4165 531 4221 rel
550 4182 676 4222 orconttot
695 4166 798 4221 Domini
816 4166 903 4223 inter-
952 4164 1129 4234 sapientibus,
1152 4164 1249 4235 quibos
1264 4164 1291 4218 in
1312 4163 1381 4217 libro
1403 4162 1506 4238 Regum
1531 4161 1685 4218 Salomonis
1704 4180 1743 4219 sa

119 4265 247 4326 pretatur,
259 4256 332 4326 quod
348 4263 491 4324 otmmqae
504 4256 537 4310 ad
551 4254 695 4326 propbetas
704 4254 836 4309 convenit.
849 4254 902 4326 ipsi
951 4255 1053 4326 pientia
1062 4254 1226 4324 praefertur:
1241 4253 1398 4325 Sapientior,
1419 4254 1516 4323 inquit,
1531 4254 1619 4309 littore
1630 4254 1747 4311 unate-

119 4349 186 4403 eoint
196 4348 288 4404 sciunt
300 4345 427 4417 mysteria
443 4346 501 4401 bet.
516 4345 591 4403 Unde
603 4354 630 4401 et
640 4345 772 4402 Ezechieli
785 4346 900 4402 dicitnr:
953 4344 1000 4398 lito
1019 4354 1043 4399 et
1067 4342 1152 4398 Emori
1173 4342 1234 4415 (111
1251 4342 1315 4414 liep.
1329 4341 1377 4414 tr).
1407 4344 1500 4399 Tontae
1524 4344 1608 4415 igitur
1629 4346 1748 4404 scientim

120 4425 313 4508 Speculatorem
330 4446 354 4491 te
364 4436 439 4508 poeni
450 4435 558 4507 (Erech.
573 4434 626 4507 ro).
640 4436 675 4491 Et
687 4434 749 4490 alibi
763 4452 771 4491 ε
787 4434 848 4490 Non
862 4435 904 4506 so·
915 4395 942 4456 D
955 4433 1007 4490 boc
1023 4448 1133 4490 carmen
1154 4442 1206 4500 est,
1221 4443 1250 4488 nt
1262 4433 1452 4505 sapientissimi
1473 4436 1544 4492 illius
1562 4437 1671 4493 nomine
1690 4454 1749 4494 me-

119 4529 163 4582 ciet
183 4526 315 4582 mon
335 4528 490 4599 quidquam,
516 4527 567 4582 nisi
588 4526 734 4581 revelaverit
747 4526 828 4581 tertie
848 4528 904 4582 ertit
955 4534 1067 4580 reatum
1085 4525 1196 4580 ascribi.

118 4617 245 4687 propient
258 4614 359 4686 (Amor.
371 4616 423 4687 ιιι).
435 4615 488 4670 lstc
504 4616 576 4670 enirn
587 4614 720 4686 significat
732 4629 779 4671 eos
794 4615 840 4686 qui
856 4630 906 4688 per
990 4614 1074 4670 Emao
1102 4615 1174 4671 iilius
1197 4615 1248 4672 luit
1264 4614 1352 4682 lobel,
1372 4616 1419 4673 lllii
1444 4617 1564 4686 Samuel,
1588 4621 1622 4677 de
1646 4619 1749 4679 lanrilin

119 4705 490 4777 motemplatiooisarcannm
501 4705 694 4776 adprolectum
706 4705 906 4763 veniuntmeri·
955 4703 1040 4760 Caath
1056 4704 1102 4760 dlii
1125 4704 1201 4771 Levi,
1223 4721 1293 4762 unus
1309 4706 1343 4762 de
1356 4708 1512 4764 conminus
1532 4724 1601 4779 quos
1616 4711 1699 4766 Dauid
1721 4712 1749 4767 in

120 4805 216 4851 mmm.
954 4795 1099 4852 collatione
1132 4812 1204 4853 areae
1236 4797 1358 4870 prmiecit
1386 4799 1497 4869 reliquis
1526 4802 1560 4856 ad
1583 4802 1745 4858 canendum.

150 4885 266 4956 dggaeos
278 4886 474 4956 interpretatur
486 4884 512 4940 in
527 4883 652 4940 Latinum
669 4885 774 4956 tertioue
790 4896 814 4941 et
826 4885 902 4942 loetnr
954 4884 1040 4940 linran
1072 4887 1264 4958 interpretatur
1301 4893 1385 4958 trater
1413 4907 1482 4960 eyter.
1520 4891 1579 4959 Quo
1617 4891 1747 4946 vocabulo

120 4985 230 5029 remeat.
241 4973 413 5030 destructum
424 4975 497 5031 eninr
511 4975 636 5045 templum
646 4975 831 5032 aedificandum
842 4991 904 5048 pro-
955 4973 1085 5031 Marinus
1107 4975 1230 5034 Christus
1253 4978 1368 5049 appellat
1388 4996 1445 5046 eos,
1469 4983 1514 5052 qui
1529 4980 1588 5049 ejus
1607 4981 1748 5050 praeceptis

118 5065 219 5133 phetat,
235 5074 263 5119 et
274 5072 338 5137 post
346 5063 450 5119 loetum
469 5065 632 5135 captivitatis
649 5066 826 5134 regressionis
838 5065 902 5122 loeti·
954 5065 1134 5137 operibusque
1157 5067 1246 5122 devoti
1272 5078 1344 5132 sunt,
1379 5071 1450 5126 sicut
1472 5072 1510 5125 ait
1531 5069 1557 5124 in
1584 5069 1746 5138 Evangelio:

120 5153 183 5207 dam
197 5155 335 5224 predicat
955 5155 1007 5223 lte,
1028 5156 1107 5210 dicite
1126 5156 1252 5226 [ratribus
1268 5161 1545 5234 meirldlottlrmxtnt).
1563 5160 1699 5225 israelitae,
1721 5163 1748 5218 id

150 5241 294 5299 Zacharias
308 5243 504 5313 interpretatur
520 5243 645 5297 memorio
659 5241 773 5298 domini.
791 5241 904 5314 Septoa·
955 5254 1007 5311 est,
1031 5245 1114 5300 Deum
1126 5247 1255 5312 ridentem
1275 5251 1346 5319 quod
1357 5251 1450 5320 utique
1460 5250 1512 5307 illis
1526 5252 1649 5307 accidere
1664 5227 1759 5306 mani-⁸

118 5331 301 5400 gesimoenim
321 5330 685 5401 aonodesotntionisaempli
700 5330 842 5402 completo,
856 5330 906 5385 Za·
954 5335 1054 5391 lestorn
1069 5345 1122 5402 est,
1136 5337 1182 5406 qui
1200 5352 1250 5407 per
1271 5339 1430 5396 obedientie
1453 5342 1631 5396 ministerium
1653 5352 1747 5396 sarreta

119 5421 207 5477 cterta
227 5425 407 5496 predicante,
428 5431 594 5478 memoratus
613 5430 656 5478 est
669 5422 799 5477 Dominus
815 5422 904 5494 popuii
955 5427 1062 5482 bomini
1086 5425 1146 5482 luce
1166 5427 1314 5484 radiantur.

119 5509 168 5574 soi,
187 5526 316 5584 ynsanne
339 5511 406 5584 Cyri
430 5525 556 5567 reuersus
580 5520 623 5567 est
650 5510 696 5566 Dei
723 5511 856 5582 populns,
878 5521 906 5568 et
991 5515 1098 5571 idithun
1123 5516 1316 5587 interpretatur
1334 5518 1484 5573 rreonttem
1507 5534 1551 5574 eor
1569 5518 1749 5590 :significans

118 5599 303 5657 rtoedidcatom
314 5609 359 5657 est
373 5602 440 5656 urbs
452 5609 479 5657 ct
494 5600 629 5671 templum.
640 5600 685 5656 isti
696 5601 768 5655 enirn
779 5601 832 5656 cluo
844 5618 906 5673 pro·
956 5619 1017 5664 eunt
1033 5605 1078 5676 qai
1094 5615 1184 5662 niente
1206 5616 1310 5662 terrena
1331 5609 1496 5664 transcendit
1519 5609 1687 5683 transilitque
1702 5621 1749 5664 ms
