4042 6200
203 377 255 445 981
658 371 841 432 ltlloosttlo
860 370 973 430 SUPER
992 367 1177 427 lenthltll.
1195 403 1231 417 -
1249 371 1315 429 hill.
1334 371 1380 429 lx.
1505 408 1509 415 ·
1784 369 1838 431 982

201 487 293 567 phetis
314 480 465 543 tanatem
489 483 543 541 uidi
567 482 717 541 horribilia.
736 503 746 539 r
769 482 882 551 Quando
904 489 994 535 autern
1010 486 1033 539 Δ
1048 480 1076 535 ln
1093 482 1225 552 propheta
1240 485 1377 540 doctorem
1395 482 1498 555 accipe,
1514 481 1541 539 in
1559 484 1702 541 sacerdote
1713 482 1836 541 miulstc-

202 579 278 649 pararit
296 572 515 645 corujunetienem
535 582 570 641 et,
590 575 710 631 ostendit
729 573 869 645 superiora
884 572 917 627 de
932 585 995 643 pro-
1046 571 1079 627 rii
1091 571 1259 644 dignitatem.
1276 572 1327 641 Qui
1338 573 1361 629 si
1371 588 1456 644 prava
1472 581 1562 629 mente
1574 574 1770 638 consenseriut,
1783 575 1839 632 erit

203 668 293 741 [thetis
306 666 377 722 dieta
393 665 521 733 Domini,
535 666 581 736 qni
594 674 623 722 et
637 665 686 738 ipsi
700 664 996 741 pseudoprophetarum
1045 662 1089 718 sia
1101 678 1196 719 eorum
1212 663 1239 718 in
1253 663 1386 718 lubricum
1406 671 1435 720 et
1449 662 1475 718 in
1490 662 1619 730 tenebris,
1638 679 1688 720 nce
1702 664 1838 723 habebunt

201 759 306 816 sirtilles
318 758 493 814 exstiterunt.
1046 752 1189 810 murinum
1203 753 1357 824 loquentem
1370 772 1401 808 :a
1420 754 1476 825 Ego
1500 754 1546 811 lux
1562 757 1589 811 iu
1611 755 1742 811 muudum
1761 757 1836 823 reati,

241 868 251 902 a
267 848 422 907 Contritum
443 856 486 904 est
499 862 647 903 cormeum
660 850 690 905 ln
704 847 796 903 medio
811 847 876 910 urei,
889 853 997 901 contre-
1046 852 1077 900 ut
1088 846 1187 911 omnis,
1201 845 1246 918 qui
1262 848 1349 903 credit
1372 847 1399 903 in
1413 864 1466 913 me,
1487 847 1515 904 iu
1529 848 1648 905 tenebris
1659 865 1713 907 auu
1729 860 1839 906 maneat

205 962 215 995 a
239 946 366 995 tullerunt
380 937 587 1012 (siuccommota
600 937 771 1003 suntlomnia
783 952 846 991 ossa
860 950 930 991 mea.
943 933 997 989 lta-
1047 936 1137 1007 (doun.
1158 938 1218 1009 stt).
1238 958 1248 991 r
1267 937 1344 996 Unde
1360 947 1473 995 sanctus
1490 938 1622 1011 loquitur,
1640 953 1736 995 omues
1760 946 1837 995 teue-

205 1050 216 1081 ι
237 1039 297 1085 ctus
309 1043 369 1086 sum
385 1028 462 1099 quasi
477 1026 519 1082 uir
530 1027 631 1092 ebrius,
645 1034 674 1083 et
685 1025 763 1096 qnasi
779 1025 861 1082 ltonto
874 1024 998 1081 madidus
1047 1026 1111 1083 bras
1123 1027 1250 1099 lugiens:
1268 1046 1278 1079 a
1297 1028 1439 1102 signanum
1455 1038 1498 1085 est
1514 1044 1597 1102 supet·
1609 1046 1660 1086 nos
1673 1028 1762 1086 lumen
1779 1029 1837 1086 tol-

205 1141 216 1173 a
238 1120 305 1191 (sine
326 1127 470 1190 soporatus
493 1117 597 1186 vinula
615 1119 684 1174 laeie
706 1118 823 1182 Domini,
837 1125 864 1173 et
888 1132 903 1171 a
928 1115 998 1172 facie
1048 1119 1150 1183 tustui,
1164 1120 1289 1185 Domine,
1301 1120 1398 1177 dedisti
1412 1121 1532 1177 laetitiam
1547 1121 1574 1177 in
1584 1123 1664 1179 eorde
1677 1137 1737 1179 meo
1751 1118 1837 1194 (Paul.

205 1231 216 1261 a
240 1210 384 1265 uerborum
402 1217 557 1265 sanctorum
573 1208 709 1283 ejustriue
724 1216 779 1263 eta
800 1207 869 1263 lucie
890 1206 998 1262 decoris
1048 1211 1097 1281 tu).
1114 1230 1124 1263 s
1139 1209 1207 1265 Cum
1221 1221 1312 1267 antem
1327 1211 1611 1279 luerintinteuebtis,
1634 1219 1661 1268 et
1682 1212 1710 1268 in
1734 1213 1776 1269 uia
1800 1212 1841 1267 lu-

205 1321 215 1355 r
239 1300 332 1373 gloriae
344 1296 424 1371 ejus).
436 1319 445 1351 r
458 1298 637 1355 Considerate
647 1298 721 1354 vrrltn
733 1296 926 1367 omnipotentis
938 1294 996 1358 Dei,
1048 1304 1132 1368 lirim,
1153 1318 1247 1362 eppone
1266 1304 1391 1361 vindicat
1404 1305 1542 1372 haeretico,
1562 1304 1596 1361 ad
1611 1320 1718 1361 omnem
1737 1311 1839 1360 motum

203 1399 257 1447 hoc
270 1399 312 1446 est
324 1389 430 1456 Patris,
447 1397 474 1445 el
488 1389 658 1446 considerato
669 1389 744 1444 uultu
757 1387 828 1453 Filii,
842 1406 852 1440 a
865 1385 997 1457 quijuxta
1049 1393 1221 1465 impellentur
1235 1403 1262 1450 ot
1275 1404 1421 1452 corruent:
1437 1404 1464 1453 et
1480 1395 1578 1453 inferet
1592 1410 1673 1467 super
1685 1410 1733 1451 eus
1750 1396 1843 1451 Domi·

203 1482 361 1555 Apostolum
376 1481 688 1554 splendorgloriaeillius
701 1478 998 1551 appellatinterdum
1049 1498 1100 1539 urus
1112 1483 1182 1545 mala
1197 1503 1205 1539 ε
1221 1499 1275 1541 nnn
1289 1500 1342 1557 quo
1355 1485 1425 1542 mala
1442 1488 1505 1550 siah
1522 1495 1551 1541 ut
1573 1485 1703 1542 Dominus
1717 1486 1787 1543 mala
1799 1486 1841 1541 in·

201 1578 363 1633 salustantire
376 1577 423 1633 Dei
436 1575 529 1644 (liehr.
544 1576 595 1648 thr
611 1576 745 1648 Propheta
757 1584 785 1632 et
795 1576 886 1630 animo
898 1583 926 1631 et
938 1590 1000 1635 cor·
1049 1574 1130 1643 ierat,
1149 1577 1196 1632 sed
1225 1578 1296 1633 mala
1317 1579 1360 1635 his
1381 1579 1427 1649 qrti
1452 1569 1588 1635 sustinent
1609 1578 1738 1651 supplicia
1753 1594 1760 1634 τ
1775 1578 1842 1637 alio-

203 1683 271 1743 pure
290 1669 491 1740 perhorrescit,
504 1677 531 1725 et
545 1667 672 1738 iutelligit
684 1682 745 1724 esse
758 1682 788 1725 se
800 1666 888 1731 aibili,
899 1682 997 1725 secun·
1049 1667 1115 1737 quin
1135 1667 1230 1725 eadem
1248 1676 1278 1723 et
1294 1668 1365 1725 mala
1387 1678 1414 1725 et
1432 1669 1503 1727 hona
1525 1676 1598 1725 suat.
1615 1666 1684 1724 hiala
1699 1667 1775 1735 iuxta
1794 1682 1842 1725 eos

204 1758 269 1815 dunt
281 1758 354 1827 qarod
368 1756 396 1812 in
407 1757 461 1813 alio
475 1757 535 1815 loco
546 1758 663 1814 dicitur:
678 1777 688 1810 t
704 1756 898 1826 Dtp‘umentum
911 1754 999 1814 taetus
1050 1773 1119 1830 quos
1140 1759 1278 1822 errrciaul,
1297 1758 1368 1816 bona
1383 1760 1460 1830 justa
1480 1776 1527 1817 eos
1555 1775 1626 1831 quos
1635 1760 1790 1817 emendant.
1809 1759 1843 1817 El

202 1858 266 1902 surm
275 1847 346 1920 apud
359 1855 385 1905 te
403 1844 490 1920 (Pani.
503 1849 601 1920 attur),
613 1867 623 1901 r
637 1848 693 1907 sire
704 1848 844 1905 uictimam
858 1848 999 1905 conscicn·
1014 1822 1036 1882 B
1051 1850 1103 1906 laoc
1119 1850 1267 1905 notandum
1282 1850 1354 1922 quod
1373 1866 1461 1909 annus
1473 1850 1636 1907 visitationis
1654 1850 1762 1909 Domini
1781 1865 1844 1907 cer-
1911 1828 1922 1845 ⁶

203 1939 262 2003 tiae,
282 1939 482 1997 etbumilitatis
505 1955 562 1997 strae
585 1940 664 1997 oliert
677 1940 734 1998 Deo
748 1942 826 2014 juata
848 1941 998 2014 illudquod
1050 1938 1136 1995 rectio
1153 1940 1323 2013 poenantium
1344 1940 1459 2004 dicatur,
1486 1948 1568 2012 atque
1594 1941 1740 2007 calciatus,
1764 1939 1843 2009 juxta

204 2033 232 2087 in
246 2030 360 2087 Psalmis
374 2032 520 2087 scribitur:
534 2051 544 2085 r
560 2031 730 2089 Sacrificium
742 2032 808 2098 Deo,
817 2034 927 2104 spiritus
937 2049 1000 2091 euu-
1049 2030 1117 2087 illud
1131 2030 1203 2103 quod
1212 2031 1344 2102 scriptum
1358 2040 1400 2087 cst
1415 2050 1423 2087 ε
1442 2050 1452 2085 r
1470 2032 1592 2089 Visitabo
1604 2031 1632 2088 iu
1645 2030 1720 2102 uirga
1740 2030 1842 2105 iniqui·

204 2120 359 2187 trilnrlatus,
373 2137 423 2177 cor
435 2121 582 2179 contritum
603 2130 632 2179 et
655 2124 825 2181 humiliatum
850 2123 921 2181 Deus
945 2140 999 2180 uon
1051 2130 1122 2178 tates
1136 2131 1283 2188 canumet
1298 2123 1325 2178 in
1339 2123 1497 2180 uerberibus
1513 2132 1624 2194 peccata
1637 2137 1749 2191 eorum,
1762 2122 1845 2181 niae

203 2212 311 2285 speruit
322 2211 409 2287 (Psoi.
422 2214 460 2286 n).
472 2232 480 2263 u
493 2211 561 2271 osa
575 2225 676 2280 autem,
688 2230 748 2285 qum
760 2223 998 2279 contremuerunt,
1051 2216 1197 2272 ricordiam
1209 2224 1300 2273 autem
1313 2231 1402 2275 meam
1414 2230 1469 2272 uon
1492 2215 1646 2287 dispergam
1661 2214 1696 2271 ah
1710 2229 1743 2275 oo
1755 2211 1843 2287 (Puni.

203 2307 266 2361 sire
279 2313 412 2362 eorumota
426 2315 499 2373 sunt
511 2304 554 2360 illa
569 2306 759 2377 intelligamus,
772 2305 806 2362 de
819 2306 917 2378 quibus
928 2305 999 2361 idem
1052 2304 1195 2379 traxerat).
1213 2325 1224 2359 r

207 2396 293 2452 Dauid
307 2398 379 2453 canit
391 2416 399 2451 ι
412 2417 423 2449 a
437 2397 532 2454 Omnia
544 2413 607 2455 ossa
621 2399 790 2462 mendicent,
804 2398 928 2462 Domine,
939 2399 1001 2469 qun
1091 2412 1101 2449 t
1119 2395 1153 2451 Et
1165 2396 1192 2452 in
1206 2396 1345 2467 pmplretis
1355 2394 1487 2459 Samariae
1497 2396 1552 2451 uidi
1566 2396 1708 2452 stultitiam
1717 2395 1781 2469 (riae
1792 2395 1846 2453 ini·

203 2489 303 2545 sintriliu
316 2490 353 2545 tui
368 2486 454 2563 (Pani.
470 2488 596 2562 attiuh»
613 2488 712 2545 Factus
734 2498 777 2545 est
798 2489 876 2560 quasi
898 2488 999 2555 ebrius,
1055 2507 1065 2540 a
1083 2488 1225 2562 quitatem)
1236 2487 1845 2562 :prophetabautinDaal,etdecipiebautpo·

206 2580 416 2649 etqrrasiluonro
425 2580 550 2637 madidus
563 2580 774 2653 siuesoporatus
787 2597 802 2636 a
814 2582 886 2643 virtu.
898 2580 1000 2637 nullam
1055 2597 1065 2632 r
1088 2577 1179 2650 pulum
1205 2592 1295 2635 meum
1320 2577 1441 2634 lsrael.»
1470 2577 1528 2650 Ego
1540 2579 1688 2649 prophetas
1715 2576 1846 2635 &marim

205 2672 313 2728 lrailoirs
332 2671 547 2745 intelligentiam,
563 2671 717 2743 nullamque
738 2672 932 2743 sapientiam«
949 2673 1002 2728 Do
1049 2671 1127 2742 iusta
1138 2669 1757 2743 mysticosinteileetttspropriehaeretieosdiei
1767 2680 1844 2742 puto,

207 2767 298 2822 urnulas
313 2766 386 2823 novit
401 2766 582 2839 cogitationes
606 2766 763 2831 bominum,
777 2765 905 2836 quoniam
925 2780 1002 2821 vanae
1053 2773 1081 2821 et
1099 2762 1256 2834 omnesqui
1271 2760 1377 2832 lactant
1392 2761 1452 2818 ialsi
1466 2762 1585 2822 nominis
1596 2762 1749 2819 scientiam.
1771 2760 1845 2830 Dao-

206 2852 499 2929 inanimantium.»
516 2857 545 2913 Si
561 2864 652 2913 autent
677 2856 729 2913 hoc
750 2857 788 2913 ita
810 2865 862 2921 eat,
877 2856 923 2912 ubi
938 2864 1003 2913 suut
1053 2855 1236 2913 mudoautem
1251 2854 1389 2926 propbetas
1405 2850 1847 2929 Sanarieauidqutdloqueban·

205 2948 255 3021 gui
269 2946 415 3020 perlectam
429 2948 455 3005 in
471 2949 581 3005 homine
592 2947 725 3020 iustitiam
748 2948 912 3020 praedicanti
924 2946 1001 3014 Quod
1053 2960 1099 3007 tur
1111 2949 1311 3021 prophetabant
1328 2945 1433 3007 ineant
1445 2945 1516 3003 idolo
1527 2944 1662 3011 videlicet,
1677 2943 1844 3003 dmmouillta

206 3040 233 3100 ti
246 3041 434 3115 responderint
447 3042 482 3099 de
499 3042 601 3099 sanetis
615 3056 645 3099 se
665 3041 718 3097 lmc
731 3042 831 3108 dicere,
846 3056 899 3097 nou
913 3057 945 3097 err
960 3056 1003 3099 se·
1054 3047 1222 3102 consecrato.
1233 3038 1279 3097 sn
1288 3037 1408 3097 imneriei
1418 3035 1547 3108 quidquid
1560 3035 1707 3106 mouunlm
1717 3034 1744 3091 in
1756 3032 1841 3089 orale

206 3134 616 3207 ntetipsis,certenullumputo
624 3135 787 3191 sanctiorem
798 3149 858 3190 esse
871 3134 999 3202 terentia,
1054 3132 1105 3198 sia,
1118 3130 1177 3194 siue
1192 3135 1270 3185 extra
1292 3126 1454 3192 Ecclesiam,
1477 3137 1507 3183 ut
1519 3125 1692 3197 supplantent
1717 3121 1847 3195 populum

207 3230 255 3301 quui
270 3229 355 3299 uirgo,
369 3228 520 3300 propheta,
537 3222 776 3297 sanctificatusque
786 3226 814 3282 in
838 3234 925 3290 utero,
941 3195 1036 3297 ipsoC
1053 3222 1147 3288 lsrael,
1161 3221 1208 3292 qui
1222 3220 1297 3290 prins
1310 3219 1440 3276 cernebat
1463 3216 1547 3273 Deum
1572 3217 1718 3286 loquuntur
1738 3215 1766 3269 iu
1792 3214 1847 3270 dte·

208 3319 319 3375 intrariae
332 3317 488 3389 praefigurat
511 3317 653 3375 Donrinm
673 3316 852 3374 Saltatunem.
870 3315 1003 3373 deretuias
1054 3312 1194 3376 monihua;
1208 3310 1280 3366 uude
1293 3317 1320 3365 et
1331 3307 1516 3381 significanter
1526 3308 1565 3364 ait
1578 3325 1607 3361 :a
1625 3305 1659 3361 lta
1669 3306 1696 3364 in
1707 3305 1849 3377 prophetis

205 3409 282 3465 cutim
295 3409 489 3478 interpretatus
500 3417 552 3474 est,
566 3409 673 3465 Domini
689 3409 822 3466 excelsam.
1055 3402 1185 3460 Samariae
1200 3401 1255 3464 ridi
1272 3399 1430 3465 stultitiam
1456 3418 1466 3452 u
1485 3412 1538 3456 non
1553 3398 1625 3454 euim
1645 3396 1745 3454 balent
1760 3409 1849 3460 cum,

248 3521 258 3554 a
274 3499 343 3568 outa
369 3501 509 3558 adulteriis
532 3502 633 3572 repleta
655 3510 699 3558 est
720 3511 810 3565 terra,
823 3500 917 3571 quiae
935 3499 1005 3555 lacie
1055 3492 1089 3547 de
1102 3505 1157 3562 quo
1170 3490 1270 3546 dicitur
1284 3509 1291 3545 z
1308 3508 1317 3541 a
1332 3489 1457 3546 Christus
1469 3488 1517 3546 Dei
1534 3488 1619 3548 ulam
1632 3494 1660 3543 ct
1674 3486 1722 3542 Dei
1735 3484 1846 3558 sapien-

210 3609 222 3648 t
243 3589 440 3648 maledictionis
452 3591 515 3664 (siue
523 3591 682 3666 juramenti)
696 3591 764 3650 luxit
777 3600 861 3648 terra.
876 3589 1004 3648 Atalanta
1056 3580 1092 3635 tia
1105 3578 1131 3650 (l
1146 3577 1208 3634 ΕΜ·
1225 3578 1257 3653 ι)·
1273 3598 1282 3630 ’

210 3700 224 3738 s
245 3680 460 3753 nautaruapiae
472 3696 572 3751 pascua
586 3681 748 3753 deserti),et
760 3679 1005 3735 sactusesteursns
1094 3688 1103 3722 a
1126 3668 1161 3725 Ei
1184 3669 1212 3724 ln
1231 3666 1371 3740 Di⁰Di³⁰¹i⁸
1386 3666 1553 3723 flieffliifflm
1567 3664 1621 3719 Vidi
1643 3661 1849 3722 iimiiii²¹ii¹⁰²ffl

211 3790 225 3827 g
245 3788 339 3829 comm
356 3772 453 3838 malus,
470 3780 499 3828 Θ,
510 3769 639 3827 sopppupo
651 3785 746 3827 eom,
760 3769 931 3828 dissimilis„
946 3767 1005 3823 1100
1059 3778 1068 3812 a
1091 3759 1154 3832 (due
1177 3756 1329 3831 horribilia)
1354 3756 1574 3821 adulterantium,
1588 3763 1616 3810 et
1630 3754 1682 3810 iter
1699 3751 1845 3812 mendacii.

209 3866 285 3937 quaed
305 3879 356 3924 ans
377 3864 411 3919 dc
435 3862 567 3919 Hebraico
590 3861 739 3933 posuimus,
753 3881 763 3914 a
776 3862 839 3933 ouria
865 3858 1006 3916 adulteriis
1059 3872 1069 3906 t
1091 3852 1123 3910 ta
1133 3850 1354 3909 conlortauernnt
1365 3864 1460 3905 urarrus
1469 3845 1660 3919 pestiltltllllffl·
1673 3850 1704 3900 ut
1717 3860 1772 3902 ¹1⁰ss
1782 3858 1848 3899 0⁰¹¹·

211 3954 316 4024 inpleta
332 3961 375 4009 est
393 3961 500 4019 terrm»
514 3953 540 4009 in
555 3951 732 4023 Septuaginta
746 3967 799 4007 non
820 3951 944 4015 nabetur,
958 3948 1005 4019 quui
1059 3962 1068 3994 a
1086 3948 1238 3998 uerteretur
1262 3938 1448 4009 urnusguisque
1473 3953 1489 3993 a
1513 3933 1616 3990 uuallon
1630 3949 1679 3990 sua
1693 3933 1786 4007 (aima
1803 3933 1853 3998 sia

209 4045 390 4117 paramenta
407 4044 499 4100 utera
511 4058 561 4115 pru
572 4042 763 4098 aluredianae.
780 4041 932 4112 amaruan
942 4055 1006 4097 eau-
1059 4051 1069 4085 ι
1093 4030 1369 4102 oratoriolum-Facti
1380 4037 1443 4086 anna
1452 4027 1518 4085 ntur
1527 4026 1706 4098 annaeum
1717 4026 1849 4092 emona,

210 4150 259 4193 sas
270 4135 342 4206 good
356 4143 468 4206 propter
480 4133 610 4190 adulteria
621 4141 650 4189 et
664 4133 819 4205 maledieta,
834 4133 892 4189 siue
911 4146 1006 4201 super-
1059 4143 1069 4177 ι
1087 4135 1116 4180 ol
1129 4123 1297 4180 habitatoris
1310 4120 1369 4190 tilis
1379 4117 1631 4190 (lilasiGmllttlrilt-
1650 4137 1660 4172 r
1676 4117 1735 4180 Nou
1748 4117 1856 4182 solumi·

211 4228 297 4284 Duum
313 4225 579 4296 juramentum,inrn
601 4225 718 4296 perjuna
742 4222 850 4296 frugum
874 4222 1006 4280 sterilitas
1057 4216 1155 4287 inquit,
1185 4216 1213 4270 in
1236 4213 1427 4271 haeretieorum
1449 4210 1636 4274 conciliabulis
1658 4211 1717 4268 htec
1740 4218 1847 4281 roperta

212 4317 1005 4389 mnmeuasit.oalu1aiddeterrainaminatalitteram
1057 4316 1132 4374 sunl.
1151 4308 1201 4368 sed
1217 4307 1244 4364 ill
1269 4305 1409 4378 pmphetis
1429 4319 1537 4376 tl¹¹⁰llue
1560 4302 1855 4370 hieronicarum,

213 4411 341 4484 intelligis
357 4410 428 4467 reler
443 4412 478 4466 ad
492 4410 728 4481 congregationem
746 4409 927 4474 credentium,
938 4425 1006 4479 aue
1057 4400 1215 4461 uoennhas
1234 4398 1380 4461 molesta.
1407 4396 1463 4452 uidi
1484 4393 1597 4459 similias
1615 4395 1674 4452 Sili
1691 4392 1846 4454 imiimi·

213 4503 287 4568 niatu
310 4512 421 4573 prepter
442 4501 575 4557 adulteria
590 4509 617 4558 et
631 4502 782 4565 mendacia,
794 4502 852 4558 site
873 4499 1002 4571 pariana.
1058 4491 1267 4552 atilliieltllllitlffl
1291 4487 1403 4551 uerbum
1426 4487 1494 4552 Dei,
1518 4494 1547 4543 el
1569 4484 1775 4556 ingredientium
1800 4500 1850 4557 per

212 4594 343 4649 rirmtam
353 4603 381 4649 et
390 4594 566 4649 donationum
578 4592 627 4648 Dei
636 4593 766 4649 sterilitas
776 4594 803 4649 iu
813 4593 943 4652 Ecclesiis
955 4592 1003 4650 tt:
1018 4553 1129 4640 1il'illlll
1143 4582 1290 4649 utillimis
1304 4589 1335 4640 ut
1351 4580 1542 4638 mimium
1562 4577 1675 4635 sinicii
1693 4578 1849 4650 &illim

251 4698 262 4733 ι
284 4679 419 4750 Propheta
434 4697 551 4752 namque
573 4691 601 4737 et
623 4682 750 4738 sacerdos
771 4682 864 4754 polluti
888 4692 963 4750 arnt,
977 4693 1006 4739 et
1058 4685 1129 4742 rent,
1143 4685 1173 4734 et
1183 4674 1369 4733 confortarent
1381 4689 1479 4731 manus
1492 4673 1687 4745 pessimorum,
1700 4683 1856 4739 eomuspua

215 4790 226 4825 r
249 4771 278 4828 in
292 4773 372 4830 domo
387 4789 448 4830 mea
460 4775 550 4830 inueni
564 4773 665 4831 mahom
680 4788 783 4838 mam.
802 4775 841 4831 ait
860 4775 1004 4841 Dominus;
1057 4768 1129 4827 tuala
1149 4767 1207 4826 tuis
1223 4765 1372 4824 sceleribus
1391 4765 1620 4837 alliungcreoisei
1630 4777 1701 4835 <1⁰⁰⁸
1712 4761 1849 4829 ‘tillidi'e

216 4878 227 4913 r
249 4860 352 4918 idcirco
369 4862 1004 4932 viaeorumerit,quasilubricumintenebris:
1057 4863 1217 4926 debueram,
1233 4861 1363 4918 ducam
1377 4858 1404 4916 in
1419 4858 1569 4915 interitum
1592 4854 1643 4924 ou
1663 4856 1715 4911 hoe
1735 4851 1852 4911 ieceriss*

213 4950 386 5021 impellentur
396 4952 469 5008 enim
492 4961 521 5007 et
544 4961 673 5009 connect
695 4952 723 5007 in
746 4967 792 5018 ea,
805 4953 869 5024 quia
894 4952 1005 5010 aderam
1058 4967 1154 5014 nonse
1169 4954 1304 5010 estimem
1316 4950 1467 5023 imptmitos
1480 4968 1488 5005 ε
1503 4956 1584 5005 eruut
1600 4947 1673 5002 enirn
1687 4955 1719 5000 er
1732 4943 1803 5013 ipsi,
1821 4947 1850 4997 et

213 5039 416 5112 (siaeinieram)
431 5056 570 5113 suspereoa
580 5042 662 5106 mala,
675 5058 775 5098 auruum
788 5042 1006 5100 visitationiseo-
1059 5047 1099 5111 bi,
1110 5047 1211 5117 quibus
1228 5044 1322 5101 tarem
1334 5044 1412 5113 euasi
1427 5041 1555 5106 bodam
1572 5051 1719 5106 omnemne
1732 5036 1779 5105 otti
1801 5036 1849 5090 itt·

213 5149 286 5199 mm,
308 5133 346 5188 ait
371 5132 510 5191 Dominus
536 5133 680 5202 »Dalanda
694 5134 722 5192 iu
750 5134 869 5194 Ecclesia
896 5135 956 5201 Dei,
978 5143 1006 5192 et
1058 5141 1218 5198 bitantcam
1242 5139 1298 5204 eis,
1319 5151 1370 5194 nec
1384 5137 1514 5193 meduan
1538 5132 1678 5197 atalihus,
1701 5126 1848 5201 nomico-

213 5223 334 5280 maxiute
345 5223 372 5280 iu
389 5225 555 5296 principibus
568 5222 628 5294 mus
641 5225 815 5284 iuvemuntur
830 5226 910 5292 mola,
932 5227 1004 5284 scia-
1058 5232 1178 5287 merrha.
1198 5229 1323 5285 Emuhet
1335 5228 1420 5299 igitur
1436 5234 1568 5298 quantam
1581 5223 1641 5278 vult
1651 5220 1774 5278 dommac
1788 5237 1849 5292 prs-

213 5317 543 5389 musmaeeompletum:
558 5335 569 5370 a
585 5317 720 5389 Propheta
731 5329 760 5374 et
770 5319 899 5376 saeeudns
911 5318 1005 5390 polluti
1058 5319 1475 5392 simaetglorienmrpropbeter
1488 5314 1665 5382 Hierusalem,
1678 5311 1751 5384 quod
1775 5312 1849 5368 obti-

214 5409 414 5475 saanindono
428 5410 664 5470 meainreuimala
674 5413 1001 5478 emamaitDomims.s
1059 5421 1177 5468 ruerunt
1203 5427 1253 5482 per
1268 5410 1492 5476 mendaciumet
1509 5407 1733 5465 coniuraverunt
1751 5421 1849 5462 nanas

214 5497 318 5557 Durnns
330 5509 422 5558 auem
436 5500 537 5559 Christi
550 5503 672 5560 Deelesia
686 5513 740 5570 est,
752 5504 786 5560 de
801 5519 855 5575 qua
867 5511 895 5559 et
909 5503 1008 5559 l’aultn
1057 5500 1247 5574 puessimoruur,
1267 5501 1330 5556 linia
1345 5514 1440 5556 eorum
1457 5500 1513 5555 erit
1526 5498 1605 5570 mussi
1618 5496 1739 5554 Sodoma
1751 5507 1782 5554 et
1793 5495 1850 5553 Ga-

213 5590 355 5648 aerihltad
367 5591 561 5648 Timotheum:
578 5609 588 5643 a
607 5592 642 5650 Ut
654 5594 725 5650 teias
735 5592 1009 5665 maamadoaporteat
1058 5593 1179 5650 trumrlra.

215 5686 286 5741 tela
311 5685 393 5743 dome
410 5685 459 5744 Del
485 5686 652 5753 coutamri,
675 5702 735 5758 garae
748 5696 791 5744 est
814 5686 937 5744 Ecclesia
958 5685 1008 5742 Dei
1095 5683 1272 5754 «Propterea
1296 5682 1356 5739 liare
1379 5681 1445 5738 dicit
1465 5680 1597 5738 maninus
1618 5677 1788 5738 exercituum
1813 5674 1849 5731 ad

216 5774 413 5841 risimehuaua
425 5778 662 5838 adrumatur
673 5777 796 5836 resimas
803 5777 829 5834 tl
844 5778 912 5834 Tiar.
926 5776 978 5835 ull.
995 5797 1004 5829 ι
1060 5794 1071 5830 a
1089 5774 1256 5847 prophetas:
1277 5772 1351 5831 Ecce
1367 5787 1420 5843 atto
1441 5772 1544 5831 ababa
1560 5785 1609 5828 eoa
1632 5767 1770 5840 absinthio
1783 5763 1848 5820 initi
