4042 6200
212 303 265 363 ‘223
536 296 566 352 tt.
586 292 713 350 lleANl
729 290 840 350 attunt
857 277 1018 346 tuemur.
1039 281 1195 342 uotum.
1217 279 1359 338 cresunt
1377 278 1467 336 PARS
1486 278 1520 334 ll.
1791 277 1843 336 tit

207 414 330 487 eorporis
339 409 583 468 detruncationem.
592 406 672 464 Tales
686 420 750 478 crgo
762 404 894 459 canonica
909 407 1002 456 uncto·
1015 400 1144 463 Aseunt,
1159 391 1283 448 dominos
1301 405 1365 447 suos
1378 390 1507 462 diligunt.
1521 387 1692 445 dominorum
1709 396 1780 446 tecte
1800 390 1845 448 de·

210 509 277 563 ritas
304 501 540 560 excommunicare
562 509 590 555 et
614 499 647 552 ad
674 496 862 570 poenitentiam
878 492 1001 563 redigere
1052 484 1173 546 lendunt,
1187 497 1238 554 pro
1252 481 1368 538 dominis
1379 480 1435 535 sais
1448 478 1528 534 morti
1543 495 1573 536 se
1587 476 1733 548 objiciunt,
1753 477 1845 536 voluu-

208 598 349 670 praecepit.
367 594 453 651 Ursus
467 593 554 648 fertur
570 592 669 653 dictus,
680 588 752 661 quod
766 602 813 643 ore
829 601 878 642 suo
904 584 1002 640 formet
1052 573 1122 632 taric
1136 588 1198 630 cunr
1215 571 1325 628 dornino
1346 570 1380 625 ad
1394 570 1513 641 predam
1534 579 1658 637 currunt,
1673 586 1773 642 corpus
1796 573 1844 629 do·

209 693 290 756 fetus,
307 689 383 761 qrrasi
398 704 484 742 orsus.
499 686 565 740 Nam
579 685 654 739 airrnt
666 699 714 739 cos
726 681 856 737 informes
870 690 1002 750 generare
1053 664 1176 722 minimi
1199 663 1282 720 etiam
1304 670 1440 740 mmmmm
1456 677 1509 718 non
1534 661 1700 732 relinquunt.
1725 661 1841 734 Quorum

210 794 320 856 panus,
343 791 495 837 amnem
521 780 666 851 quamdam
692 776 777 841 nasce,
808 789 889 845 quam
915 779 1003 827 ,nater
1051 762 1191 826 postremo
1206 761 1302 808 natura
1317 760 1369 819 cst,
1385 758 1463 807 extra
1477 751 1600 807 homines
1613 766 1673 808 esse
1690 768 1743 807 non
1758 766 1847 824 posse.

209 876 353 931 larnbendo
371 875 399 929 in
420 871 542 928 membra
555 871 702 941 componit.
715 868 793 925 Unde
806 875 850 922 cst
867 865 942 931 illud,
958 862 1002 919 Sic
1052 850 1081 906 ΙΙ]
1096 851 1208 906 milibus
1220 849 1272 904 (¹¹¹⁰
1292 854 1357 903 ⁸¹¹¹st
1368 845 1570 918 0¹⁸U⁰⁰i³¹¹i³³
1588 854 1635 899 ³¹¹²
1649 842 1788 911 militum,
1802 856 1848 900 mil

210 968 306 1037 somn„
329 965 420 1035 imum
435 964 503 1033 fem,
523 978 582 1016 cum
603 959 711 1033 prompt
725 975 798 1013 pm,
813 956 867 1012 Sep
887 957 939 1012 hoc
953 956 1002 1011 tm.
1018 1028 1020 1034 Ι
1052 942 1192 999 velocitas.
1206 938 1288 996 Canis
1301 946 1391 993 autem
1404 937 1525 992 diversas
1534 934 1746 1008 significationes
1755 937 1845 992 habet.

210 1057 354 1112 maturitas
368 1067 463 1128 partus
477 1055 550 1110 facit.
574 1055 695 1123 Ucuique
712 1052 850 1107 tricesimo
863 1050 907 1106 die
920 1064 1003 1122 gene·
1053 1034 1121 1090 Nam
1131 1041 1178 1089 mli
1192 1031 1328 1088 diabolum
1342 1031 1385 1086 fei
1398 1029 1532 1096 totunm,
1551 1029 1608 1086 Sili
1621 1029 1748 1101 dessiiifffl
1762 1045 1848 1101 ⁹⁰9⁰·

192 1209 195 1216 ¹
212 1157 264 1203 rat.
282 1147 356 1203 Unde
370 1146 508 1206 evenitut
520 1143 686 1216 precipitata
707 1139 859 1197 fecunditas
873 1139 1004 1194 informes
1053 1125 1109 1180 i¹¹¹¹¹
1130 1123 1273 1198 Sibfliflssii·
1298 1122 1376 1178 Ussde
1400 1120 1536 1192 Propheta
1558 1120 1700 1177 ⁰⁰ffli¹¹¹¹¹¹¹
1723 1130 1849 1192 iliifflffli

211 1247 345 1310 procreet,
373 1237 503 1294 ursorum
533 1244 614 1305 cappe
642 1234 806 1298 iuvandum,
824 1232 867 1288 ij
885 1230 1002 1286 maxima
1054 1212 1690 1285 diceasinpsalmozllrueufrumeoenimam
1711 1230 1807 1281 aucum,
1827 1224 1850 1268 et

94 1322 107 1345 “
210 1330 238 1386 ἰιι
261 1330 381 1385 brachiis
404 1338 432 1385 et
452 1329 562 1384 lumbis.
588 1327 665 1383 Unde
695 1325 831 1380 interdum
855 1324 940 1380 erecti
964 1323 1004 1379 in·
1053 1307 1085 1361 αθ
1104 1322 1184 1360 mimi
1207 1305 1282 1359 “¹75⁸
1303 1306 1409 1359 “difflui
1427 1301 1614 1377 neamffsnt.
1642 1304 1717 1376 rur).
1739 1303 1849 1359 Nfflssiil

208 1423 320 1477 sistunt.
334 1422 420 1476 Ursus
444 1437 509 1492 ergo
533 1416 769 1489 aliquandojuxta
784 1416 942 1488 allegoriam
967 1415 1004 1470 si·
1053 1397 1255 1468 mefimella?ie
1278 1396 1354 1452 ⁰³¹¹st
1377 1395 1588 1468 portiuncula
1609 1395 1848 1461 ecclesiastcam

208 1513 320 1585 guipp„
334 1512 469 1568 diabolum
485 1511 669 1566 insidiatorem
685 1509 775 1581 gregis
788 1508 848 1573 pei,
859 1506 1004 1577 armando
1053 1487 1182 1558 scriptum
1207 1495 1248 1544 est
1270 1485 1387 1542 :Melior
1410 1497 1447 1542 cst
1472 1487 1544 1542 cuuis
1561 1487 1631 1542 uiuus
1651 1485 1725 1542 leone
1747 1499 1850 1543 mortuo

209 1614 299 1662 autem
312 1606 396 1662 duces
407 1620 492 1661 saeros
502 1614 531 1660 ct
542 1603 676 1660 crudeles.
693 1602 771 1659 Unde
784 1602 810 1656 in
825 1601 896 1657 libro
910 1615 1003 1672 regum
1055 1578 1154 1650 (ΕΜ
1167 1578 1216 1650 ¹¹i·
1229 1576 1279 1633 iiii
1296 1578 1402 1634 ¹0⁰⁰0¹¹¹
1416 1577 1563 1643 ‘stabilium‘
1575 1592 1670 1632 cibem
1688 1593 1753 1634 leil)
1763 1579 1851 1650 Uinii-

208 1696 341 1766 seriptum
358 1704 400 1751 est
414 1694 445 1769 (f
455 1694 474 1748 i'
489 1694 553 1765 itep.
573 1693 620 1766 ιι),
644 1693 717 1765 quod
738 1706 852 1762 pueros,
877 1690 922 1761 qut
947 1689 1003 1744 Ειῑ.
1054 1669 1107 1725 lem
1120 1669 1160 1722 rel
1180 1669 1317 1725 honrinem
1329 1679 1501 1740 peccatorem
1513 1668 1699 1741 accipiendum
1711 1679 1786 1741 puto.
1798 1669 1849 1739 Qui

209 1800 291 1840 ΜΠ,
302 1786 459 1855 prophetam
471 1783 692 1850 imnebant‚dl‚0
705 1781 761 1837 ursi
776 1779 877 1851 egressi
891 1778 925 1834 de
938 1778 1004 1834 snm
1020 1772 1043 1831 p
1057 1758 1118 1814 ideo
1137 1756 1232 1813 melior
1254 1758 1363 1825 dicitur,
1374 1758 1446 1828 quod
1461 1758 1494 1813 ad
1518 1757 1600 1814 iidem
1622 1768 1649 1815 et
1664 1761 1850 1832 poenitcntiam

209 1875 385 1930 cmnepefflm
404 1891 412 1928 :
427 1875 499 1944 quod
520 1874 654 1945 significat
667 1872 735 1929 (1005
749 1869 885 1940 principes
904 1868 1004 1922 Roma.
1057 1852 1142 1924 possit
1159 1852 1264 1908 venire.
1276 1852 1345 1907 ilinc
1359 1850 1501 1910 uetueris
1511 1853 1642 1923 scriptum
1655 1863 1716 1909 est:
1736 1852 1850 1909 Conuer-

209 1947 322 2029 norum.
340 1963 534 2034 Vespasianum
559 1961 684 2017 uidelicet
705 1969 733 2015 ct
754 1958 856 2024 Titum,
880 1971 1005 2028 egressos
1055 1956 1146 2001 tantur
1162 1947 1197 2000 ud
1210 1962 1353 2017 uesperam,
1365 1955 1390 2000 et
1406 1947 1503 2016 {canem
1516 1946 1649 2018 potientur
1669 1958 1697 2002 ut
1718 1964 1812 2014 curres,
1825 1957 1849 2003 et

210 2054 244 2111 (ιθ
263 2054 331 2110 sap„
347 2055 467 2126 gentium
489 2053 620 2108 devorare
638 2049 766 2106 Jupaieos
778 2062 888 2119 pueros,
900 2048 945 2117 qui
968 2047 1005 2102 if.
1055 2037 1202 2093 circuibunt
1215 2039 1346 2094 ciuitatem
1358 2036 1445 2108 (Psoi.
1461 2035 1550 2108 ιιιιι).
1564 2037 1652 2094 Canes
1663 2038 1850 2110 intelliguntur

210 2143 335 2199 risemnr
354 2143 523 2198 salvatorem
539 2151 662 2198 nostrum
676 2140 703 2195 in
716 2138 848 2196 calvariae
865 2137 924 2193 loeo
944 2152 1005 2191 cru·
1056 2129 1124 2184 mmi
1147 2128 1303 2186 mmmmm
1318 2128 1359 2184 mi
1380 2129 1512 2200 improbi,
1537 2136 1567 2183 ut
1593 2129 1619 2184 im
1646 2129 1738 2186 imit:
1766 2128 1850 2186 ΟΜ

209 2234 329 2290 cilicum.
341 2233 375 2289 Et
389 2234 487 2289 iterum
501 2233 537 2288 ibi
552 2248 559 2286 :
577 2231 703 2288 Veniebat
715 2231 755 2287 leo
769 2241 793 2287 et
807 2248 885 2286 ursus
897 2241 921 2286 et
932 2228 1006 2285 tolle·
1056 2223 1123 2278 muti
1141 2240 1194 2278 nou
1216 2222 1330 2278 colentes
1343 2220 1443 2278 latrare
1457 2222 1525 2292 (feu.
1550 2222 1617 2293 tur).
1642 2220 1742 2290 Canes,
1753 2220 1848 2278 Iudaei.

145 2337 150 2352 ¹
210 2328 253 2381 bot
264 2326 371 2381 arietem
381 2326 414 2380 de
423 2342 499 2397 prope
511 2324 538 2397 (f
548 2323 612 2396 flep.
628 2324 705 2397 χιιι).
723 2324 816 2396 Lupus
831 2320 925 2378 uruca
935 2321 1006 2378 deri-
1056 2317 1085 2372 io
1101 2318 1205 2388 psalmo
1221 2332 1229 2371 τ
1246 2316 1377 2384 Quoniam
1389 2315 1616 2396 circumdederunt
1628 2332 1669 2371 me
1680 2331 1758 2372 crues
1776 2315 1852 2371 multi

210 2416 318 2471 ratione
332 2415 358 2470 in
373 2415 493 2486 linguam
506 2423 626 2470 nostram
646 2411 820 2469 transfertur.
833 2410 1004 2483 Luposenim
1058 2409 1145 2481 (Psoi.
1159 2406 1456 2481 nst).CaneS,populas
1467 2408 1600 2478 gentium.
1609 2418 1640 2465 ut
1650 2409 1677 2463 io
1690 2408 1850 2481 Evangelio:

212 2505 248 2559 illi
264 2506 356 2576 lycous
370 2504 471 2560 dicunt.
479 2503 565 2575 Lycos
576 2514 666 2559 autem
677 2502 797 2558 Gramen
813 2502 947 2557 morsibus
960 2517 1007 2572 ap·
1059 2499 1121 2555 Nou
1130 2509 1168 2555 ert
1181 2500 1276 2554 bonurn
1291 2515 1393 2555 sunere
1405 2514 1499 2570 punem
1509 2498 1637 2568 tiliorum,
1651 2510 1676 2556 et
1691 2500 1794 2555 mittere
1807 2517 1851 2555 cu·

210 2595 341 2667 pellatur,
363 2595 410 2666 qui
438 2595 514 2650 rabie
529 2593 685 2664 rapacitatis
696 2606 809 2664 qumque
831 2591 934 2648 inuenit
950 2600 1007 2646 tru-
1057 2591 1134 2646 uibus
1149 2590 1256 2664 territt.
1277 2592 1333 2664 xv).
1355 2589 1454 2659 Canes,
1480 2592 1611 2658 haeretiei,
1627 2601 1657 2647 ut
1675 2592 1704 2647 in
1721 2594 1849 2649 Deutero-

146 2743 150 2746 ,
211 2686 293 2740 eldat.
311 2685 362 2740 atti
385 2685 687 2755 luposrocatosaiunt‚
705 2685 784 2756 quasi
806 2684 912 2755 leopos,
933 2683 1007 2754 qnod
1058 2684 1168 2740 nomio:
1186 2682 1247 2738 Nora
1258 2683 1355 2753 iuscrer
1367 2684 1481 2757 pretium
1495 2686 1568 2741 cuuis
1580 2686 1609 2740 in
1624 2685 1733 2741 domum
1754 2685 1802 2742 bei
1814 2688 1852 2742 tui

210 2777 289 2847 quasi
310 2777 390 2841 iconi,
407 2778 444 2832 ita
461 2780 498 2833 sit
521 2777 559 2836 illi
578 2777 663 2834 virtus
685 2777 713 2833 in
736 2777 849 2848 pedibus
870 2795 876 2832 :
895 2776 1007 2832 undeet
1059 2775 1149 2848 (Dect.
1171 2774 1262 2846 xxiii).
1277 2764 1311 2831 Et
1325 2776 1353 2832 in
1366 2776 1495 2848 Apostolo
1514 2795 1521 2832 z
1542 2776 1633 2833 Videte
1651 2794 1748 2845 cuncu,
1772 2778 1854 2833 ubete

211 2866 341 2937 quidquid
366 2867 496 2939 presserit
521 2868 670 2939 pedenna
695 2866 771 2922 tivit.
799 2864 894 2936 flapax
916 2873 1008 2920 autem
1058 2867 1143 2924 moloc
1165 2870 1310 2941 operarios,
1332 2869 1416 2925 uidete
1432 2870 1592 2928 concisiones
1606 2870 1690 2944 (Part.
1705 2871 1758 2942 ιιι).
1772 2869 1853 2928 Canis

212 2959 299 3016 bestia
327 2968 356 3015 ct
377 2961 483 3016 cruoris
506 2968 645 3032 appetens·
662 2960 700 3017 Ue
725 2976 780 3031 quo
801 2958 896 3015 rustici
919 2958 1006 3024 aiunt,
1058 2973 1125 3015 vero
1142 2958 1347 3016 voracissimum
1361 2958 1462 3016 animal
1486 2969 1569 3032 atque
1586 2960 1770 3033 importunum
1791 2974 1854 3017 eon·

214 3066 307 3107 rocem
321 3052 457 3107 bominem
467 3053 593 3123 perdere,
610 3052 633 3109 si
648 3068 710 3109 eum
721 3051 800 3124 lupus
812 3052 889 3123 prior
898 3050 1006 3107 viderit.
1059 3050 1148 3107 suerit
1169 3049 1230 3106 illas
1251 3055 1348 3107 doinus
1372 3049 1515 3107 latratibus
1538 3048 1692 3117 defendere,
1715 3049 1853 3121 inquibus

214 3141 290 3201 Unde
313 3152 341 3199 et
354 3144 443 3200 subito
459 3144 558 3201 taeenti
585 3144 695 3212 dicitur,
709 3144 786 3215 iupus
800 3153 839 3200 ert
858 3145 887 3199 in
903 3142 1006 3214 fobeto.
1021 3152 1044 3216 c
1059 3140 1220 3198 edacitatem
1234 3156 1311 3199 suurn
1325 3142 1400 3198 norit
1410 3148 1521 3214 accepto
1530 3158 1600 3214 pane
1611 3130 1721 3199 satiare.
1732 3141 1781 3199 llis
1794 3158 1854 3199 mc·

213 3235 293 3293 Certe
304 3236 327 3292 si
343 3252 373 3292 sc
383 3237 527 3308 praevisum
538 3237 664 3302 senserit,
677 3237 786 3308 deponit
798 3236 947 3292 ferocitatis
956 3250 1005 3291 au·
1057 3233 1111 3290 rito
1123 3242 1316 3304 comparantur
1331 3232 1482 3305 fodeinai
1494 3233 1656 3291 Christianae
1668 3234 1731 3291 fidei
1743 3248 1854 3291 munere

213 3331 329 3386 daciani.
343 3330 411 3401 Lupi
427 3338 482 3387 toto
495 3346 567 3386 anmi
577 3345 632 3387 aon
642 3329 760 3402 amplius
776 3344 857 3399 quam
874 3328 1008 3384 diesduo-
1057 3324 1182 3396 saginati,
1201 3325 1350 3381 Ecclesium
1362 3325 1409 3381 oei
1420 3325 1539 3382 clamosa
1550 3325 1743 3397 praedicatione
1758 3324 1853 3381 defea-

215 3422 302 3477 decim
323 3430 430 3477 coeunt
445 3420 556 3477 famem
567 3421 612 3477 diu
629 3429 748 3492 portant,
761 3429 789 3476 et
802 3428 863 3490 post
877 3419 955 3490 longa
966 3419 1008 3490 je·
1058 3416 1122 3472 dere
1134 3415 1321 3471 festinabunt:
1341 3416 1412 3471 sicut
1425 3414 1510 3471 Paulo
1536 3414 1659 3487 apostolo
1682 3415 1809 3487 contigit,
1824 3422 1855 3470 ut

210 3512 286 3582 junia
318 3513 432 3567 nndtnm
469 3513 608 3569 devorant.
639 3511 729 3582 Lupos
756 3510 896 3582 AEthiopia
923 3509 1009 3582 gignit
1058 3507 1104 3575 qui
1127 3516 1190 3562 ante
1206 3505 1429 3577 fuitpersecutor
1452 3506 1599 3563 Christiani
1617 3506 1744 3573 nominis,
1760 3515 1854 3578 postea

213 3604 319 3659 cerrice
328 3603 448 3673 jubatos,
462 3612 491 3660 et
511 3613 616 3660 tantum
631 3604 737 3670 uarios.
760 3602 913 3659 ataulfum
934 3601 1008 3659 colo-
1058 3600 1150 3656 diriuo
1169 3614 1280 3655 munere
1298 3599 1459 3670 iungeretur
1480 3599 1627 3671 Apostolis.
1642 3598 1748 3664 Canes,
1770 3598 1857 3653 homi·

213 3712 271 3752 rem
285 3696 338 3752 illis
353 3697 443 3753 dicant
457 3697 563 3752 abesse.
581 3695 673 3767 Lupus
697 3710 762 3767 ergo
784 3711 848 3753 raro
871 3696 1009 3751 invenitur
1058 3703 1108 3745 nes
1122 3689 1205 3745 rixosi
1219 3689 1263 3745 rel
1276 3690 1444 3746 detractores
1455 3689 1587 3745 alterutro
1606 3704 1637 3746 se
1648 3677 1802 3746 'lacerantes
1824 3699 1854 3743 ut

213 3789 312 3843 borram
335 3788 558 3860 significationem
584 3772 697 3855 babere,
715 3788 763 3845 sed
778 3788 878 3858 sepius
897 3795 1009 3842 contra·
1058 3781 1087 3836 in
1098 3780 1227 3851 sportolo
1243 3799 1251 3836 :
1269 3781 1384 3847 Quodsi
1403 3783 1513 3838 inuicem
1526 3783 1652 3838 mordetis
1664 3791 1689 3837 et
1703 3781 1853 3846 concitetis,

214 3882 293 3935 riam.
308 3880 375 3935 Nam
390 3889 437 3936 aut
451 3880 588 3935 diabolum
612 3880 758 3951 significat,
776 3888 807 3936 ut
833 3888 875 3936 est
890 3880 956 3937 illud
979 3881 1008 3937 in
1058 3874 1142 3931 uidete
1152 3891 1184 3930 nc
1196 3874 1228 3930 ab
1243 3875 1351 3930 inuicem
1362 3872 1777 3949 consumemiuiiflul.r).Gatuii
1791 3875 1856 3931 abu·

215 3972 360 4044 Evangelio
374 3989 381 4026 ε
395 3971 484 4042 Lupus
498 3972 566 4041 repit
577 3980 601 4026 et
615 3972 739 4042 disperpit
752 3987 811 4026 orec
836 3970 934 4041 (foen.
958 3970 1007 4043 x);
1059 3963 1117 4020 sire
1129 3963 1259 4022 dicuntur
1273 3965 1455 4037 quarumlibet
1467 3967 1617 4023 bestiarum
1631 3965 1689 4022 lilii.
1705 3965 1774 4021 iiam
1789 3979 1853 4036 pro·

215 4063 588 4121 antbaereticosreldolosos
609 4063 744 4128 homines,
758 4063 791 4119 de
808 4062 906 4133 quibus
920 4062 1009 4119 Domi-
1058 4054 1118 4125 mie
1142 4055 1226 4112 mmli
1250 4071 1349 4112 mmmm
1376 4066 1450 4122 mm,
1477 4072 1525 4128 imi
1549 4056 1755 4113 diminutionem
1778 4056 1852 4112 dimi·

215 4173 266 4211 raris
279 4157 318 4212 ait
329 4173 336 4210 :
349 4156 507 4211 Attenditeu
521 4154 597 4225 luitis
619 4156 760 4226 prophetie,
783 4157 828 4227 qui
844 4155 951 4210 ueniunt
973 4156 1008 4211 ed
1059 4144 1165 4217 Lycisci
1189 4161 1255 4203 teto
1267 4146 1395 4204 dimmmt'
1409 4147 1451 4219 (ul
1469 4147 1509 4203 tit
1521 4145 1636 4221 Plinius)
1655 4162 1737 4226 canes
1754 4147 1809 4202 nati
1821 4161 1856 4203 ex

215 4264 258 4301 roc
274 4249 301 4300 iu
316 4248 474 4302 uestimentis
488 4248 584 4311 coium,
600 4247 756 4301 intrinsecus
767 4257 855 4324 eutem
875 4256 936 4302 suut
953 4247 1008 4317 lupi
1059 4235 1130 4304 lupis
1147 4245 1174 4292 θῑ
1186 4236 1309 4303 milibus,
1329 4250 1391 4292 mim
1416 4237 1488 4293 inim
1502 4252 1532 4293 ὅθ
1546 4239 1616 4295 imi&
1629 4238 1786 4295 miscemur·
1802 4236 1856 4294 50·

217 4355 323 4408 ropncea
335 4337 442 4407 (Uettio,
460 4339 519 4408 ιιι).
533 4338 568 4393 Et
581 4339 679 4394 iterum
696 4355 703 4393 :
720 4336 795 4392 Videt
806 4337 895 4410 lupum
906 4338 1010 4393 cenicu-
1061 4328 1156 4386 tentet
1170 4326 1241 4384 lude
1264 4326 1371 4383 feminae
1395 4342 1476 4386 canes
1499 4337 1579 4385 noctu
1596 4329 1625 4385 ia
1648 4329 1726 4386 siluis
1740 4328 1857 4401 altigata.

215 4436 308 4490 temet
321 4427 429 4483 dimittit
440 4444 510 4492 orca,
521 4438 545 4482 et
558 4428 625 4499 sapit
638 4428 729 4501 (icore.
741 4428 781 4499 x).
793 4428 905 4497 Legitur
918 4436 1008 4484 tomen
1061 4417 1167 4475 mimilli
1181 4419 1215 4473 ad
1230 4418 1316 4489 limes
1328 4417 1440 4482 beslim·
1462 4435 1478 4473 m
1491 4420 1590 4489 (litibus
1603 4418 1701 4476 insiliri
1727 4426 1755 4474 cl
1779 4419 1855 4474 nasci

215 4517 299 4573 tracon
314 4519 468 4587 patriarum
492 4520 518 4575 tn
539 4520 728 4576 reieciemus
746 4518 886 4588 majarum
900 4519 947 4574 ctu
966 4520 1007 4575 snt
1022 4536 1047 4594 p
1060 4524 1095 4567 ex
1118 4509 1213 4567 eodem
1237 4510 1293 4566 ten
1320 4525 1402 4567 canes
1417 4511 1485 4569 enee
1499 4512 1648 4568 aoeuimos
1670 4521 1698 4568 et
1712 4511 1811 4576 torus,
1827 4523 1858 4568 ut

216 4609 317 4664 dixisse
341 4609 404 4663 ita:
426 4608 566 4680 Beniamin
589 4608 668 4680 tepus
691 4625 776 4680 ropac
798 4626 875 4664 mune
893 4609 1008 4664 comedet
1060 4603 1253 4674 incomplexe
1280 4602 1373 4659 leones
1398 4611 1583 4674 pntsternnut
1613 4602 1701 4661 Catali
1724 4619 1790 4678 ergo
1817 4605 1855 4661 si-

214 4698 344 4769 pucduur,
365 4714 467 4769 uespere
488 4698 585 4752 diridet
601 4698 687 4769 spolio
708 4697 787 4763 (Gen.
802 4699 889 4769 ιιιιι).
906 4698 1009 4767 Quibus
1060 4694 1190 4767 gnillcant
1211 4693 1335 4765 gerrtiles.
1361 4692 1439 4751 Unde
1465 4702 1509 4751 est
1537 4693 1563 4750 in
1590 4694 1753 4767 Urarrgebo,
1784 4698 1857 4768 quod

216 4790 295 4847 dictis
316 4790 453 4860 apostolus
484 4789 584 4847 Paulus
608 4790 785 4862 designatur,
810 4792 844 4846 de
868 4790 1008 4861 Berrjamin
1061 4784 1269 4859 syrophoenissa
1291 4784 1409 4853 mulier,
1433 4786 1477 4842 cai
1504 4785 1635 4842 bouriuus
1657 4786 1718 4842 nit:
1735 4786 1797 4843 Non
1818 4798 1857 4843 eu

216 4883 301 4954 stirpe
324 4882 492 4953 progenitus,
505 4881 551 4951 qui
566 4896 646 4938 mane
661 4881 751 4953 rapuit
763 4881 893 4952 praedam,
910 4881 937 4938 id
954 4890 1008 4949 est,
1060 4876 1157 4932 bouum
1178 4892 1281 4933 sumere
1298 4893 1393 4948 ponem
1413 4876 1550 4946 fitiorum,
1571 4886 1597 4934 et
1618 4878 1718 4935 mittere
1747 4879 1857 4934 conitus

217 4975 244 5030 in
255 4973 411 5045 primordiis
421 4971 523 5039 ddeles.
536 4986 606 5043 unos
619 4971 881 5044 potuitderastarit:
898 4985 1011 5042 vespere
1064 4964 1182 5040 (lfottlr.
1208 4965 1277 5040 xv),
1304 4968 1445 5038 respondit
1463 4968 1488 5024 ei
1509 4968 1603 5025 dicens
1627 4986 1634 5024 ε
1658 4972 1739 5026 etium
1763 4970 1858 5026 botui-

217 5074 307 5121 autem
321 5064 409 5136 spolia
423 5064 516 5121 divisit
531 5081 538 5117 ε
555 5064 619 5135 quia
632 5062 719 5120 tidelis
738 5062 1010 5134 postmodumfactus
1064 5076 1111 5127 uc,
1133 5075 1196 5116 naut
1214 5067 1240 5115 ct
1262 5058 1350 5116 catelli
1370 5060 1451 5117 edum
1472 5063 1505 5118 cte
1535 5063 1611 5118 uicit
1634 5080 1694 5127 aee
1707 5063 1806 5122 cudunt
1823 5065 1857 5121 dc

217 5171 295 5213 sacra
305 5156 411 5227 eloquia
425 5156 596 5215 audientibus
610 5155 812 5226 dispensatione
821 5152 936 5211 mirifica
953 5153 1010 5210 dis·
1063 5167 1154 5207 uteret
1177 5150 1344 5207 dominorum
1359 5168 1480 5208 tuerent.
1500 5151 1593 5209 biensa
1608 5153 1708 5226 quippe
1731 5161 1773 5211 est
1788 5154 1858 5210 acri·

216 5249 545 5319 pensavit.Canisnomon
556 5248 681 5303 latinum
689 5246 810 5304 Graccum
820 5246 1009 5319 etymologiam
1062 5249 1143 5313 ptura
1155 5256 1245 5307 sacra,
1258 5256 1319 5312 quae
1336 5242 1415 5299 nobis
1426 5257 1523 5315 panem
1533 5243 1596 5300 ritae
1609 5244 1761 5311 ministrat,
1780 5247 1858 5304 micae

218 5340 319 5397 habere
333 5342 449 5399 ridetur.
470 5341 563 5399 (ἔωσε
581 5342 655 5398 euim
672 5341 749 5397 cinos
771 5339 873 5413 [fiper]
888 5341 1009 5397 dicitur:
1063 5348 1218 5407 puerorum,
1235 5334 1344 5391 interna
1360 5343 1424 5391 sunt
1436 5335 1565 5407 mysteria
1577 5334 1858 5410 scripturarumqui·

219 5428 356 5487 liceteum
370 5434 480 5504 quidam
494 5449 511 5489 a
526 5448 626 5490 canore
638 5433 753 5489 latratus
773 5431 935 5503 appeliatum
949 5433 1010 5489 exi·
1063 5425 1115 5482 ima
1130 5422 1272 5482 humilium
1297 5424 1386 5483 micul
1411 5426 1493 5483 eorda
1519 5441 1665 5498 pueromm
1686 5425 1771 5485 rcbci.
1796 5426 1857 5485 Nou

218 5523 375 5581 stirnenteo
394 5527 466 5596 qaod
480 5526 606 5582 insonat:
621 5527 684 5584 inde
699 5533 728 5583 et
744 5541 853 5583 canere.
871 5525 943 5582 Nihil
964 5541 1013 5580 au-
1062 5533 1128 5591 ergo
1142 5526 1269 5584 crustas,
1292 5516 1341 5575 sed
1354 5517 1440 5575 micas
1462 5518 1495 5575 de
1508 5533 1578 5591 pane
1604 5533 1750 5591 puerorum
1772 5521 1859 5579 edurat

220 5623 274 5671 tear
288 5617 412 5689 sagacius
423 5619 546 5674 mnibus.
560 5618 624 5675 Plus
636 5620 708 5675 enim
721 5634 818 5676 senem
836 5618 943 5675 ceteris
953 5618 1013 5673 aui·
1062 5614 1168 5670 catelli:
1184 5613 1247 5685 qnia
1257 5612 1380 5669 conversi
1394 5612 1429 5668 ad
1441 5611 1533 5680 fidem,
1546 5612 1683 5685 quierant
1695 5613 1814 5685 despecti
1830 5614 1857 5669 in

220 5707 335 5766 nralibus
353 5708 463 5766 babent.
477 5708 600 5780 Namque
612 5710 661 5766 soii
687 5725 735 5767 sna
753 5711 862 5767 nomina
879 5722 1011 5779 recogno·
1063 5707 1188 5776 gentibus
1203 5719 1256 5759 non
1271 5703 1368 5759 litterae
1394 5702 1566 5774 superficiem
1592 5703 1618 5759 in
1634 5703 1745 5776 scriptur
