4042 6200
158 313 228 371 tritt
420 305 693 366 adnuntiandum
710 306 743 362 tet
763 303 836 360 EPP.
857 301 960 359 Patttt
980 301 1042 356 tto.
1068 299 1119 356 tit.
1137 330 1170 340 -
1190 300 1225 355 lli
1244 300 1353 358 EPlSi'.
1372 301 1418 360 ΑΙ)
1437 298 1520 358 ttott.
1717 305 1787 362 itti

157 425 259 498 (cr-ep.)
273 423 323 492 Qui
337 422 418 495 igitur
434 421 504 492 loqui
521 421 658 492 sapienter
672 419 945 488 nititur,maguopere
960 425 981 477 ,a
998 428 1059 467 men
1071 413 1184 469 eruditis
1206 414 1271 468 uiris
1290 415 1467 485 temperantia
1488 424 1598 484 pomtur
1615 433 1621 469 :
1643 433 1702 487 quar
1721 430 1789 477 teu.»

156 525 259 572 metuat
284 529 317 570 ae
332 512 389 581 ejus
399 513 505 582 eloquio
518 510 685 566 audientium
699 509 787 564 unitas
801 505 946 562 conlumla·
998 505 1120 572 perantia
1135 521 1188 561 uua
1200 522 1234 562 ex
1255 515 1371 577 quatuor
1384 506 1557 577 generalibus
1573 509 1716 570 uirtutibus
1739 515 1787 571 ba·

157 618 210 663 tur.
237 607 306 660 Dare
326 603 408 660 stulto
423 601 565 658 consilium
586 599 728 656 charitatis
742 607 793 664 εει,
815 597 881 652 dare
900 612 945 651 sa·
996 593 1086 660 betur,
1102 604 1129 651 et
1149 595 1175 650 iu
1201 597 1253 652 hoc
1277 612 1341 668 ergo
1365 598 1426 654 loco
1443 598 1540 655 melius
1564 599 1686 678 Apostoli
1713 605 1785 664 dicta

155 695 249 766 pienti,
267 692 466 748 ostentationis.
495 690 565 744 Dare
579 703 641 744 vero
652 687 702 759 ipsi
720 686 870 756 sapientire,
884 700 946 756 per·
996 680 1128 749 lucerent,
1147 683 1170 740 si
1184 684 1348 741 haberemus
1362 693 1391 741 et
1411 702 1461 743 nos
1480 688 1612 759 scriptum
1637 694 1785 750 secondum

155 784 304 848 versitatis,
318 793 346 836 et
357 783 420 853 quia
441 781 468 835 lri
488 795 555 850 quos
571 788 664 834 terrere
682 778 872 833 hereticorum
887 791 946 845 spe·
996 774 1076 844 greci
1089 777 1222 832 sermonis
1236 778 1376 845 rietatem,
1391 799 1400 832 r
1418 781 1465 836 sed
1474 796 1570 853 sapere
1584 782 1617 838 ad
1630 792 1784 857 temperan-

155 875 224 930 eiem
247 873 374 938 diximus,
400 888 450 943 per
476 871 637 926 locutionem
666 885 743 925 suam
771 865 945 924 ostentationi
996 864 1070 930 tiam,
1083 886 1092 918 r
1111 865 1163 922 hoc
1177 876 1229 934 est,
1243 877 1273 923 ει
1286 862 1315 923 iu'
1327 870 1464 936 omuibus,
1479 871 1522 926 uel
1537 887 1598 943 quae
1611 875 1728 946 agirnos,
1742 877 1784 932 vcl

154 966 246 1036 potius
272 979 352 1035 qoam
367 962 475 1018 utilitati
491 960 655 1026 serviebant,
677 968 750 1017 recte
767 959 792 1014 irr
812 958 880 1014 libro
894 956 946 1013 lob
995 971 1056 1025 quae
1075 956 1219 1028 loquimur,
1243 958 1285 1013 uel
1301 962 1443 1028 sentimus,
1465 964 1671 1031 temperantiam
1694 975 1786 1023 tenea·

155 1064 250 1110 contra
267 1054 385 1109 baldach
401 1053 500 1108 dieitur
516 1071 522 1107 :
540 1051 575 1106 Et
590 1051 756 1122 prudentiam
773 1059 846 1106 tuum
857 1060 945 1106 εειεε-
995 1063 1066 1102 ειεε.
1087 1047 1117 1103 irr
1132 1048 1175 1106 iris
1197 1048 1270 1104 enim
1293 1065 1353 1120 quar
1377 1068 1457 1122 supra
1482 1055 1684 1113 numerauimus
1697 1073 1785 1129 nequo

155 1145 218 1200 disti
243 1142 386 1216 plurimam
413 1140 485 1213 (lob.
508 1139 594 1213 saur).
617 1137 711 1196 Omnis
733 1139 775 1195 cui
802 1139 944 1209 pmdcutia
968 1138 1122 1258 §mplius
1138 1154 1224 1210 oeque
1242 1141 1332 1196 minus
1352 1141 1409 1196 lreri
1427 1142 1535 1212 debere,
1551 1146 1660 1202 modurn
1673 1161 1785 1204 serrare

156 1246 230 1293 recta
245 1245 298 1303 est,
310 1235 425 1308 plurima
443 1249 497 1289 uon
511 1242 565 1300 est,
581 1234 645 1304 quia
654 1231 733 1302 juxta
754 1230 830 1286 Pauli
849 1246 944 1288 uocem
995 1229 1070 1283 ..orit
1086 1226 1142 1283 sola
1157 1230 1343 1301 temperantia.
1365 1231 1442 1297 Quod
1463 1240 1552 1288 autern
1567 1235 1621 1301 ait,
1644 1237 1784 1310 uuicuique

155 1344 209 1386 non
233 1328 293 1401 plus
306 1328 409 1400 appetit
429 1342 523 1399 sapere
540 1342 622 1399 quam
641 1332 748 1396 oportet
766 1337 882 1395 sapere;
901 1324 945 1379 cui
994 1318 1161 1375 ticutdivitit
1181 1319 1251 1376 Deua
1266 1337 1415 1376 mensurum
1433 1322 1507 1390 fidei,
1528 1323 1579 1381 boe
1603 1335 1655 1392 cst,
1670 1337 1701 1382 ut
1717 1330 1786 1384 sciat

153 1434 220 1475 uero
238 1427 281 1475 εει
302 1416 430 1489 piurima,
452 1431 506 1471 non
529 1426 571 1470 est
591 1423 676 1478 recta,
704 1413 767 1484 quia
786 1413 849 1468 dum
873 1411 944 1466 ultra
995 1414 1180 1484 unusquisque
1191 1414 1367 1484 etiutelligat,
1378 1430 1438 1484 quar
1451 1415 1477 1471 iu
1492 1432 1525 1472 eo
1538 1418 1574 1473 sit
1585 1435 1711 1477 mensura
1724 1440 1786 1495 gra·

154 1511 264 1567 modum
280 1508 409 1576 tenditur,
423 1508 452 1564 iu
472 1507 612 1578 quodlibet
637 1505 708 1561 latus
727 1503 812 1576 eulpae
826 1503 944 1559 deelina-
995 1502 1041 1559 tiae
1055 1504 1113 1569 Dei,
1125 1520 1206 1575 quam
1221 1507 1349 1576 consequi
1364 1507 1463 1562 meruit
1474 1508 1622 1577 perfidem.
1647 1511 1784 1569 interdurn

155 1611 208 1659 tur.
223 1601 399 1658 Prudentiam
411 1614 476 1656 uero
488 1613 564 1655 suam
575 1596 721 1669 plurimam
736 1594 882 1650 ostendunt
896 1593 943 1665 qui
995 1594 1067 1650 euim
1083 1595 1143 1667 quis
1155 1596 1253 1667 accipit
1266 1611 1282 1652 a
1295 1596 1350 1653 beo
1363 1607 1393 1652 ει
1402 1598 1490 1669 sapiat
1502 1600 1528 1654 in
1541 1615 1622 1671 opere
1631 1603 1784 1671 charitatis,

153 1695 240 1752 rideri
254 1709 310 1766 prae
324 1692 385 1749 aliis
397 1691 587 1764 prudentiores
599 1696 738 1761 appetunt.
756 1686 832 1743 Unde
846 1684 877 1742 lit
889 1684 943 1757 ple·
996 1695 1042 1740 εει
1056 1694 1085 1742 ει
1101 1687 1189 1758 sapiat
1199 1687 1226 1742 in
1238 1686 1328 1744 officio
1343 1688 1479 1752 visitandi,
1491 1698 1539 1745 εει
1553 1706 1616 1764 erga
1632 1694 1785 1751 misericor·

153 1802 278 1858 rumque,
293 1793 325 1841 ut
337 1786 400 1842 dum
418 1784 557 1839 moderate
569 1796 665 1853 sapore
676 1779 810 1841 nesciunt.
826 1787 854 1833 et
868 1777 942 1832 latua
957 1770 980 1829 B
993 1774 1054 1831 dias
1067 1788 1227 1847 pauperum,
1241 1786 1288 1832 aut
1302 1777 1376 1834 circa
1396 1779 1523 1834 debilium
1539 1797 1643 1848 curam,
1662 1792 1708 1839 aut
1719 1800 1785 1856 erga

152 1877 307 1948 loquantur.
324 1873 437 1947 (Amor.)
454 1872 583 1927 iiortatur
597 1877 703 1942 ergoet
716 1867 796 1924 docet
816 1882 866 1938 per
881 1881 944 1939 gra·
996 1867 1138 1923 uiduarum
1155 1877 1182 1925 et
1199 1869 1361 1940 pupillorum
1376 1869 1573 1940 delensionem,
1598 1885 1644 1930 aut
1656 1891 1719 1949 erga
1735 1877 1784 1933 bo·

154 1968 219 2024 tiam
232 1967 284 2023 sibi
303 1967 405 2021 datam.
419 1963 482 2019 iiaee
500 1961 588 2034 gratia
604 1960 699 2031 peritia
718 1958 878 2032 intelligitur
892 1956 945 2012 Do-
995 1957 1151 2029 spiralitatis
1171 1959 1394 2027 sollicitudiuem;
1417 1962 1475 2019 lucc
1496 1980 1561 2037 ergo
1578 1967 1682 2038 singula
1695 1969 1788 2028 diuisit

153 2035 260 2114 minime
281 2055 441 2127 disciplina,
465 2069 514 2125 per
531 2067 612 2124 qoam
634 2049 778 2105 humilitati
794 2059 822 2105 et
831 2047 945 2120 justitiae
996 2049 1141 2120 unicuique
1154 2049 1225 2106 Deus
1238 2052 1385 2107 secuudum
1397 2068 1551 2110 mensuram
1570 2055 1643 2113 ildci.
1664 2058 1787 2117 Sedsils

152 2147 315 2203 studendum
327 2146 418 2201 tradit.
429 2144 529 2217 (orig.)
541 2141 689 2198 Sciendum
704 2149 795 2196 tanreu
809 2138 945 2210 est,qaod
995 2139 1041 2213 qui
1056 2142 1160 2213 accepit
1180 2143 1296 2214 gratiam
1316 2152 1346 2199 ει
1359 2144 1393 2199 de
1407 2160 1460 2200 uuo
1480 2145 1571 2217 aliquo
1591 2147 1687 2204 horum
1708 2165 1788 2222 sape·

152 2237 279 2294 eteaeteri
292 2237 342 2293 riri
353 2235 450 2292 eruditi
464 2243 577 2290 utuntur
588 2235 638 2290 hac
649 2231 854 2298 definitionem
864 2239 944 2287 natu·
996 2240 1050 2297 ret,
1064 2246 1118 2286 noo
1140 2231 1274 2304 intelligat
1295 2249 1451 2290 mensuram
1464 2238 1557 2308 gratiae
1573 2238 1625 2295 ribi
1644 2240 1724 2307 dato,
1739 2242 1786 2300 sed

157 2344 215 2383 raro
228 2327 271 2385 uei
286 2343 396 2383 causam
409 2326 514 2396 peccati
526 2326 594 2382 iueo
608 2333 719 2396 ponant,
734 2325 757 2379 si
772 2331 819 2377 aut
831 2321 946 2377 addatur
997 2319 1063 2376 uelit
1086 2335 1182 2391 sapere
1206 2322 1240 2378 dc
1263 2323 1394 2394 sapientia
1417 2324 1474 2391 lici,
1492 2326 1525 2381 de
1544 2328 1627 2384 verbo
1646 2328 1785 2397 doctrinae,

153 2417 256 2487 aliquid
270 2417 415 2473 uirtutibus
426 2425 474 2472 aut
485 2417 622 2471 minuatur
639 2414 735 2471 :uerbi
746 2413 846 2488 gratia,
861 2410 944 2484 justi·
996 2414 1031 2470 dc
1046 2413 1230 2487 profundioris
1253 2415 1374 2472 scientiae
1401 2418 1514 2482 rationo,
1542 2418 1570 2474 in
1594 2436 1648 2490 quo
1669 2424 1786 2494 gratiam

154 2511 190 2566 tia
205 2511 291 2568 uirtus
314 2518 367 2576 est,
393 2518 421 2565 et
440 2510 463 2565 si
475 2509 537 2580 quis
555 2508 645 2563 miuus
659 2506 760 2577 aliquid
774 2504 850 2572 lacit,
863 2518 946 2576 quam
996 2520 1051 2561 nou
1067 2505 1182 2577 acecpit,
1197 2517 1226 2563 et
1239 2525 1293 2565 nou
1312 2517 1367 2565 tam
1387 2510 1493 2567 discere
1505 2511 1578 2579 velit,
1594 2529 1675 2583 quam
1689 2515 1787 2571 doeero

149 2600 255 2672 lustitia
266 2602 377 2674 patitur,
392 2600 450 2656 siue
466 2599 547 2656 dubio
563 2597 679 2669 injustus
693 2604 757 2654 est:
773 2596 867 2668 siquis
880 2609 945 2651 uero
997 2611 1059 2668 quae
1071 2598 1167 2665 nescit,
1183 2598 1235 2656 iste
1246 2614 1308 2655 cum
1322 2601 1411 2657 urinas
1431 2603 1529 2673 sapiat,
1543 2602 1603 2673 plus
1617 2604 1674 2660 ruit
1691 2621 1787 2676 sapere

153 2693 204 2748 sub
218 2690 432 2764 speeiejostitiar
444 2704 508 2760 erga
517 2689 651 2745 vindictas
665 2688 766 2744 nimius
779 2687 837 2751 liat.
857 2695 943 2743 etsar·
997 2704 1078 2759 quam
1101 2698 1217 2761 oportet.
1241 2690 1301 2747 Non
1323 2692 1395 2747 euim
1418 2694 1489 2765 sapit
1513 2694 1547 2749 ad
1572 2696 1786 2767 temperantiam,

152 2785 214 2841 rius
223 2785 306 2857 agitet
325 2783 458 2849 ultiones,
477 2783 504 2838 in
522 2783 720 2849 crudelitatem,
734 2780 886 2851 exjustitia
899 2783 946 2838 de·
996 2788 1028 2835 ει
1040 2780 1176 2837 custodiat
1195 2801 1205 2834 r
1228 2782 1375 2852 uuicuique
1391 2783 1463 2839 sicut
1483 2785 1575 2841 divisit
1590 2785 1661 2842 Deus
1677 2803 1787 2843 mensu-

152 2876 260 2932 rolutus
282 2884 333 2931 εει.
354 2875 431 2948 Unde
445 2882 472 2931 et
493 2873 620 2931 Salomon
633 2874 717 2930 dicit:
732 2871 797 2928 Noli
810 2872 868 2942 fieri
880 2872 948 2928 mul·
997 2886 1056 2926 ram
1077 2870 1147 2927 tidei.
1165 2891 1175 2925 r
1192 2872 1290 2929 Verum
1303 2881 1333 2928 ut
1346 2873 1498 2932 euidentius
1510 2877 1598 2934 adhue
1617 2877 1650 2933 de
1664 2878 1706 2935 his
1716 2880 1788 2950 Apo

153 2978 210 3022 tum
221 2967 309 3038 justus
326 2963 423 3037 (Eccle.
435 2964 495 3038 ru).
509 2963 642 3021 Similiter
658 2973 686 3019 et
702 2964 823 3029 libertas,
839 2962 862 3018 si
873 2962 945 3017 intra
997 2960 1082 3017 stolus
1105 2962 1267 3033 assignaret,
1294 2963 1442 3019 introducit
1463 2966 1628 3037 exemplum,
1652 2977 1680 3023 ct
1700 2969 1785 3025 dicit:

154 3059 361 3129 temperantiam
377 3073 452 3114 suam
466 3058 512 3125 sit,
525 3057 612 3113 uirtus
625 3064 665 3115 est
677 3073 685 3125 ;
697 3055 721 3112 si
733 3055 822 3112 miuus
835 3052 942 3119 babeat,
998 3051 1073 3108 Sicut
1085 3052 1154 3135 euim
1169 3051 1197 3108 irr
1212 3068 1264 3108 uuo
1277 3068 1385 3125 corpore
1406 3051 1490 3110 multa
1512 3057 1629 3112 membro
1650 3056 1786 3126 holerum,

154 3150 300 3215 timiditas;
332 3149 353 3204 si
374 3148 501 3218 amplius,
525 3148 665 3203 temeritas
687 3147 852 3202 nominatur.
880 3143 942 3200 Pari
957 3125 979 3188 C
995 3145 1176 3200 ouroiouutem
1191 3145 1306 3200 membro
1319 3147 1498 3201 uoueumdem
1511 3157 1598 3203 actum
1618 3147 1731 3215 habeut,
1750 3150 1788 3204 ito

154 3240 234 3295 ruodo
247 3238 425 3310 elprudeutia
443 3239 467 3294 si
484 3240 510 3293 in
522 3253 572 3293 sua
590 3251 716 3293 mensura
728 3237 773 3304 sit,
786 3237 873 3292 virtus
885 3247 943 3303 est;
994 3234 1071 3289 multi
1093 3251 1175 3290 arrum
1197 3253 1291 3307 corpur
1309 3252 1400 3292 suatur
1415 3239 1440 3294 iu
1452 3235 1567 3306 Christo,
1587 3239 1684 3311 rrupuli
1700 3251 1788 3296 autem

154 3333 177 3388 si
193 3333 283 3389 minus
296 3331 404 3399 habeat,
414 3331 609 3402 imprudentia;
624 3329 646 3386 si
660 3330 721 3400 plus
733 3346 814 3401 quam
827 3337 946 3400 oportet,
994 3324 1788 3403 atteraturtmmemtm.Pertraecczmponensomnccorpur

154 3424 258 3479 malitia
268 3422 428 3495 appellatur.
442 3422 507 3478 lude
517 3430 582 3494 puto
595 3423 668 3494 quod
687 3431 716 3479 et
726 3438 839 3493 serpeus
853 3422 880 3478 in
891 3421 944 3478 Pa·
994 3415 1135 3483 Ecclesia,
1152 3429 1182 3472 ει
1196 3418 1266 3474 siout
1279 3419 1400 3475 membra
1416 3421 1537 3491 corporis
1556 3420 1661 3491 singola
1676 3438 1788 3493 quaeque

153 3515 248 3572 radiso
257 3513 416 3584 prudentior
430 3513 518 3568 dictus
530 3512 567 3568 sit
576 3512 683 3568 caeteris
703 3513 807 3579 bestiis,
820 3513 872 3570 hoc
891 3521 944 3579 est,
993 3506 1121 3578 proprios
1133 3506 1234 3563 babent
1245 3516 1332 3573 telus,
1349 3516 1378 3563 et
1398 3507 1494 3565 rrllmiis
1508 3509 1565 3565 suis
1578 3512 1788 3583 utrumquodque

153 3603 456 3662 excedeusmensuram
469 3602 629 3675 prudentiae,
642 3612 671 3659 et
683 3602 711 3657 in
728 3612 821 3673 partes
834 3603 946 3659 malitie
995 3599 1124 3665 deservit,
1141 3615 1191 3657 uec
1211 3610 1302 3656 tamea
1322 3602 1450 3672 possibile
1467 3610 1509 3658 est
1530 3612 1560 3658 ut
1581 3619 1635 3660 nou
1652 3620 1787 3663 oouserrsu

154 3695 308 3769 prolapsus.
334 3693 398 3748 iude
423 3701 449 3747 ot
474 3692 521 3746 lilii
544 3692 625 3763 hujus
643 3691 733 3747 saeculi
758 3691 947 3762 prudentiores
995 3692 1407 3760 mutuosibiinuiceurcedaut;
1421 3695 1469 3760 ita,
1483 3695 1790 3765 inquit,ctinErciesia

78 3800 84 3815 ·
155 3787 283 3842 dicuutur
297 3799 378 3854 quam
395 3781 441 3838 tilii
459 3781 527 3838 lucis
540 3780 615 3856 (Luc.
632 3781 688 3857 rur)
709 3782 795 3854 :pius
816 3784 889 3839 eninr
901 3799 947 3839 sa·
995 3789 1113 3852 quaeest
1134 3797 1233 3853 eorpus
1255 3782 1369 3849 Christi,
1392 3783 1514 3841 diuersos
1536 3787 1634 3859 singuli
1656 3790 1789 3851 habemus

155 3880 234 3951 pium
247 3892 328 3949 quam
348 3883 455 3947 oportet
476 3889 582 3944 sapere,
605 3874 686 3929 etsie
702 3874 728 3929 in
750 3873 863 3945 singulis
884 3874 944 3943 qui-
997 3882 1084 3938 actus,
1097 3872 1268 3944 uerbigratia
1281 3893 1288 3929 :
1300 3874 1371 3931 alios
1382 3891 1462 3932 omne
1474 3877 1593 3934 studium
1606 3896 1670 3954 erga
1681 3884 1789 3955 sapien·

156 3971 261 4040 busque
284 3968 430 4023 virtutibus
452 3972 543 4035 potest
562 3963 661 4034 aliquis
680 3962 740 4034 plus
755 3977 850 4034 sapere
864 3978 946 4033 quam
997 3966 1063 4021 tiam
1078 3966 1125 4022 Dei
1141 3975 1170 4021 et
1178 3967 1330 4023 doctrinam
1345 3968 1423 4025 verbi
1444 3970 1565 4038 adhibet,
1581 3982 1609 4030 et
1627 3974 1655 4030 io
1674 3977 1788 4033 medita·

156 4067 264 4131 oportet
282 4071 386 4129 sapere.
401 4055 496 4112 Potest
506 4055 589 4112 etiam
601 4054 627 4110 in
642 4054 767 4110 castitate
780 4053 877 4125 aliquis
887 4053 948 4124 plus
998 4056 1072 4112 tione
1083 4056 1151 4128 legis
1164 4057 1262 4114 divine
1274 4058 1318 4114 die
1328 4075 1361 4116 ae
1372 4069 1452 4118 nocte
1465 4063 1596 4133 persistit,
1608 4074 1636 4121 ει
1645 4076 1686 4124 εει
1698 4073 1788 4142 magui

157 4164 355 4220 superaquam
370 4156 476 4218 oportet
489 4154 636 4218 sapcrc,ut
652 4157 715 4202 suot
725 4146 762 4202 illi
779 4166 788 4199 r
805 4147 851 4216 qui
862 4156 948 4203 atten-
997 4146 1078 4218 hujus
1091 4150 1331 4220 corporisocrrlus;
1344 4152 1425 4217 alius,
1441 4162 1563 4225 utsupra
1582 4156 1711 4226 diximus,
1724 4176 1788 4234 erga

157 4242 224 4298 duut
244 4240 383 4310 spiritibus
402 4237 599 4305 seductoribus,
615 4244 643 4293 ει
662 4238 791 4294 doctrinis
803 4238 949 4295 daemonio·
998 4240 1179 4296 ministerium
1189 4239 1306 4297 fratrum
1322 4251 1349 4297 et
1362 4243 1539 4316 indigentium
1550 4262 1643 4303 curam
1656 4250 1746 4317 babet,
1761 4263 1790 4310 ct

159 4348 231 4397 ruur,
245 4331 271 4386 in
286 4329 422 4402 hypocrisi
434 4328 501 4385 laiso
516 4328 694 4399 loquentium,
709 4329 883 4384 cauteriatam
898 4329 948 4385 ha·
997 4336 1040 4385 est
1057 4329 1144 4385 sancti
1170 4328 1251 4401 huius
1271 4333 1395 4402 corporis
1417 4349 1532 4403 marrus;
1553 4316 1624 4393 alius
1647 4340 1787 4400 studiosus

157 4423 279 4478 beatium
306 4419 497 4476 conscientiam
518 4434 593 4474 suam
608 4459 617 4485 ,
634 4420 834 4489 prohibentium
848 4421 949 4476 nubere
999 4419 1159 4475 auditorest
1173 4419 1247 4476 uerbi
1262 4419 1321 4487 Dei,
1336 4430 1364 4478 et
1377 4424 1452 4480 auris
1464 4434 1506 4482 est
1519 4429 1658 4497 corporis;
1673 4430 1743 4488 alius
1755 4435 1790 4491 ad

159 4524 188 4569 et
201 4513 338 4569 abstinere
355 4526 370 4566 a
384 4509 453 4567 cibis
468 4525 537 4580 quos
546 4508 618 4566 Deus
627 4510 730 4565 creauit
743 4509 770 4585 (Ι
782 4510 803 4564 Τ
804 4512 849 4564 im.
862 4510 900 4583 ru)
914 4525 921 4564 :
934 4530 944 4564 r
1000 4510 1131 4568 ridendos
1152 4510 1356 4581 decumbentes,
1377 4523 1404 4571 et
1418 4517 1595 4587 requirendos
1618 4522 1788 4591 tribulantes,

159 4605 204 4661 isti
217 4603 277 4674 plus
289 4603 397 4673 sapiunt
409 4602 443 4657 dc
460 4601 598 4663 castitate,
609 4616 691 4670 quam
705 4609 812 4671 oportet
833 4616 945 4670 sapere;
999 4611 1027 4658 ει
1050 4604 1152 4673 positos
1176 4605 1203 4661 in
1221 4607 1427 4664 necessitatibus
1450 4611 1585 4668 eruendos
1602 4624 1645 4670 est
1656 4616 1788 4699 iurpiger;

161 4696 251 4752 uriuus
275 4702 364 4748 autem
390 4692 460 4763 sapit
486 4706 568 4762 quaro
600 4699 707 4762 oportet
740 4690 893 4746 luxuriosus
918 4701 946 4748 et
999 4693 1273 4765 quipessinedubio
1293 4697 1470 4756 ecelesiastici
1492 4706 1614 4775 corporis
1631 4708 1788 4777 appellatur,

161 4786 290 4841 iuccstrrs.
313 4782 368 4854 Ego
380 4791 468 4838 arrtcm
481 4781 541 4836 dico
554 4781 625 4850 quod
636 4780 754 4835 haeretici
768 4779 828 4851 plus
839 4782 948 4851 sapiunt
999 4786 1075 4840 etita
1091 4784 1212 4843 imenias
1225 4803 1444 4860 unumquemque
1457 4795 1616 4864 propensius
1629 4811 1693 4868 erga
1708 4815 1790 4854 unum

161 4875 194 4929 de
213 4874 331 4939 Christo,
349 4888 430 4943 quam
447 4878 552 4943 oportet
573 4886 680 4941 sapere,
703 4871 749 4942 qui
767 4882 865 4942 negant
885 4888 946 4927 eum
1000 4874 1109 4944 uriquod
1130 4874 1246 4932 odicium
1260 4887 1289 4933 et
1308 4879 1454 4950 specialius
1467 4896 1579 4953 operam
1602 4885 1790 4951 duracmum

162 4964 247 5019 lilium
265 4963 311 5018 lici
329 4963 543 5027 creatoriscsse,
567 4962 615 5017 sed
629 4961 740 5017 alterius
762 4962 950 5029 nesciocuius
1002 4977 1068 5018 rcro
1083 4966 1223 5035 sequeutia
1244 4966 1354 5023 babere.
1380 4969 1472 5041 Neque
1495 4972 1567 5027 cuim
1592 4972 1644 5029 boc
1666 4974 1791 5046 dicimus,

163 5055 284 5111 melioris
310 5053 368 5109 Dei.
393 5052 447 5109 Sed
469 5061 497 5109 et
517 5051 555 5107 iili
576 5051 636 5123 plus
660 5052 694 5108 de
712 5051 821 5108 Christo
842 5054 951 5124 sapiunt
1003 5053 1076 5124 quod
1090 5070 1173 5110 uuum
1192 5054 1314 5114 suliicere
1328 5059 1434 5124 debeat,
1450 5063 1499 5118 scd
1517 5064 1666 5126 secuudum
1679 5068 1792 5129 sormam

163 5160 244 5215 quam
260 5152 366 5214 oportet
381 5158 487 5214 sapere,
500 5142 545 5213 qui
566 5150 665 5213 negant
677 5157 738 5199 eum
763 5144 790 5198 in
805 5160 887 5199 carne
897 5162 952 5205 re·
1002 5147 1133 5217 propositi
1144 5149 1271 5220 exempli,
1287 5151 1357 5207 sicut
1370 5153 1447 5209 verbi
1463 5154 1551 5225 gratia
1570 5166 1663 5221 oculus
1676 5166 1795 5234 ⁸900}th

166 5236 239 5290 nisse
248 5244 276 5290 ει
290 5244 383 5291 natum
394 5249 455 5290 csse
471 5250 503 5288 er
519 5234 643 5305 uirgine:
662 5235 709 5289 scd
725 5234 835 5293 coeleste
849 5235 874 5290 ci
887 5251 949 5292 cor·
1003 5236 1121 5293 oilleiuur
1139 5237 1220 5294 babet
1236 5251 1265 5295 ut
1278 5240 1377 5309 rideat,
1395 5258 1478 5299 unum
1492 5252 1586 5309 tamen
1598 5264 1641 5310 ese
1659 5271 1693 5313 01
1708 5259 1796 5313 munt.

165 5341 217 5394 pus
229 5314 378 5399 assignant.
391 5325 419 5380 ln
434 5325 475 5381 his
492 5339 555 5396 crgo
572 5324 696 5380 omnibus
716 5325 814 5381 Paulus
834 5327 951 5382 unsuuit
1004 5327 1055 5385 bus
1077 5336 1105 5382 ct
1126 5328 1154 5383 iu
1174 5328 1298 5386 omnibus
1311 5333 1450 5401 membris,
1473 5353 1504 5397 et
1524 5358 1586 5400 cum
1606 5345 1721 5418 ,jugulis
1740 5349 1796 5419 agit

167 5432 219 5469 nou
238 5415 297 5487 plur
317 5432 407 5487 supere
421 5432 500 5486 quum
512 5423 609 5486 oportet
622 5430 711 5485 repere
726 5430 736 5469 .·
749 5416 900 5486 tedrrpere,
911 5417 953 5472 in·
1002 5419 1106 5484 omnia,
1119 5427 1147 5473 et
1167 5435 1229 5474 cum
1249 5419 1308 5490 ipso
1323 5422 1427 5494 singula
1451 5447 1566 5503 quaeque
1589 5446 1670 5506 agunt
1684 5440 1793 5492 omniq:

166 5506 235 5574 quit,
249 5505 542 5576 ‹rurotriemomquod
555 5503 786 5561 tudraecodirttm
798 5509 951 5582 capparim,
1003 5509 1042 5564 ita
1060 5519 1089 5567 et
1107 5511 1152 5580 qui
1175 5514 1353 5583 pergratiam
1379 5523 1443 5581 ndei
1458 5540 1542 5580 unum
1563 5526 1670 5596 aliquod
1696 5529 1795 5586 dmum,

167 5596 195 5650 iu
220 5597 320 5653 nostris
336 5598 483 5659 codicibus,
502 5597 617 5664 horest,
636 5599 662 5652 iu
677 5598 825 5668 Scripturis
844 5600 952 5665 diuinis,
1005 5602 1123 5670 speciale
1142 5605 1282 5672 meruerit,
1303 5605 1369 5664 illud
1385 5617 1494 5686 qrridem
1511 5617 1698 5688 principaliter
1710 5621 1796 5676 admi.

167 5688 325 5745 sobrietasa
341 5688 486 5758 majoribus
502 5691 707 5759 interpretatum
725 5699 777 5758 est,
795 5691 829 5745 ab
842 5691 901 5747 aliis
915 5704 953 5746 ta-
1007 5692 1114 5760 uistrrt,
1132 5694 1159 5748 iu
1173 5695 1297 5750 omuibus
1311 5719 1375 5761 cero
1391 5707 1496 5764 acribus
1513 5708 1602 5763 ,θείης
1617 5724 1678 5765 cum
1692 5709 1796 5769 weg.

349 5784 484 5843 Parum.
505 5782 587 5842 llxl.
1540 5802 1578 5863 tp
