4042 6200
192 321 248 382 Qib
514 325 545 383 B.
565 326 693 384 nunant
712 328 822 387 attunt
839 331 998 389 tuentur.
1019 333 1176 392 MOGUNT.
1194 336 1336 400 ornauit
1356 340 1445 399 utus
1463 342 1496 400 ll.
1770 354 1824 410 tto

192 437 360 495 baereditatis
380 445 503 506 nostrae,
530 455 613 511 quam
627 442 781 512 percepturi
805 441 906 498 erimus
924 444 1282 516 pertractandamque
1292 449 1449 519 mentium,
1472 452 1599 510 Pomm
1615 460 1647 514 in
1666 456 1719 514 illis
1735 456 1821 531 (Pral.

191 527 355 601 Babylonia,
375 530 467 598 idest,
493 532 574 604 hujus
588 534 680 588 mundi
694 534 888 605 captivitatem.
906 536 983 605 Quod
1035 534 1130 605 exuti).
1145 534 1304 598 &nomm
1326 556 1391 613 ergo
1405 543 1572 600 unanimitas
1594 545 1681 603 uirtus
1700 559 1743 605 est
1770 552 1822 609 Do·

191 629 283 676 antem
296 621 323 676 in
334 622 473 693 prophetis
486 623 602 696 legimus
616 624 691 695 bigas
702 633 731 680 et
739 626 895 697 quadrigas,
907 628 983 698 iuxta
1034 626 1111 691 mini,
1126 644 1207 700 quam
1221 631 1276 697 ille,
1292 633 1366 688 velut
1379 635 1473 708 auriga
1487 637 1596 704 braidet,
1610 641 1684 698 etad
1697 642 1822 700 volunta·

190 714 346 786 allegoriam
357 725 404 771 aut
419 725 539 789 tempora
553 735 717 788 rmnorum,
733 727 782 775 aut
801 721 983 792 principatum
1034 723 1135 777 tisanae
1155 722 1335 781 ministeriu·
1356 728 1523 785 moderatur.
1538 729 1593 786 Sed
1616 741 1647 789 ιι
1662 733 1743 790 istum
1758 751 1820 792 tarr·

189 807 336 864 relectum
356 810 474 880 ipsorum
488 812 616 866 ostendit.
633 811 700 866 Nam
723 813 802 885 bigas
818 814 845 868 in
866 813 984 869 lsaiale-
1033 826 1094 866 runt
1112 815 1266 871 ostenderet
1295 831 1350 872 nen
1374 818 1452 889 equis
1479 819 1611 888 deditum,
1633 822 1680 877 sed
1695 824 1822 882 humanis

189 898 289 969 gimus,
304 900 369 955 etin
380 901 511 957 Zacharia
522 903 676 974 quadrigas.
691 904 731 959 lta
744 921 851 976 quoque
862 905 900 962 ibi
915 906 983 962 seri·
1032 900 1239 972 cosslltlionibut
1248 903 1418 972 attributum,
1440 908 1489 975 til,
1514 908 1601 966 decem
1623 909 1708 967 millia
1731 914 1820 968 malti-

188 998 265 1058 ptum
278 997 338 1047 est:
352 989 446 1046 iamai
456 990 545 1046 oculor
556 1009 637 1059 meos,
654 1004 678 1048 et
690 996 754 1060 eidi,
768 1006 792 1049 et
803 1006 983 1069 eeceqsetaor
1031 991 1110 1062 plen:
1124 995 1194 1064 quod
1207 995 1275 1053 beno
1287 996 1319 1052 nd
1335 998 1490 1056 innumeros
1499 1000 1612 1072 populos
1624 1017 1679 1059 uon
1690 1004 1724 1059 ad
1735 1020 1819 1075 equos

187 1084 322 1153 quadrigae
335 1085 494 1155 egredientes
516 1085 549 1140 de
562 1087 648 1141 medio
660 1088 774 1143 deornm
794 1090 942 1144 montium:
956 1100 982 1145 rt
1031 1086 1152 1142 noscitur
1180 1088 1326 1156 pertinere.
1347 1088 1491 1159 Subiunxit
1515 1110 1522 1147 :
1549 1093 1636 1148 millia
1660 1093 1817 1162 letantiann,

187 1184 297 1241 menter,
309 1187 408 1230 montes
421 1178 491 1231 arei.
506 1176 539 1232 In
553 1178 684 1250 quadriga
694 1182 780 1249 prima
800 1181 860 1253 eqni
874 1183 937 1252 rufi,
956 1194 980 1238 er
1031 1177 1103 1247 quoti
1113 1179 1206 1250 illique
1221 1180 1256 1236 de
1268 1179 1392 1236 fidelibus
1404 1180 1485 1238 debet
1500 1182 1621 1255 intelligi.
1637 1183 1673 1240 Ei
1685 1193 1714 1240 lli
1727 1194 1817 1242 otiien«

185 1268 213 1322 in
225 1270 354 1341 quadriga
369 1270 483 1326 reconde
498 1272 558 1343 eqni
571 1273 650 1343 capri,
673 1283 697 1327 et
712 1275 740 1327 in
759 1274 889 1346 quadriga
902 1279 980 1332 tertia
1030 1270 1250 1329 deretttrlsetitiae
1261 1274 1411 1344 plenitudo,
1422 1274 1462 1329 ait
1475 1293 1482 1329 :
1496 1274 1626 1332 Dominae
1642 1277 1670 1332 in
1683 1276 1736 1333 illia
1749 1294 1760 1333 .·
1773 1280 1818 1351 qui

185 1365 245 1434 equi
255 1363 319 1430 albi,
334 1373 358 1419 et
369 1365 396 1419 in
405 1365 534 1436 qandripo
543 1374 638 1437 quarte
650 1368 709 1437 eqni
719 1368 786 1421 aurii
798 1368 978 1440 [antedoce.
1031 1378 1136 1434 mgni!
1150 1364 1339 1421 exsultationis
1364 1374 1407 1424 est
1421 1366 1555 1433 euniulus,
1569 1375 1597 1423 02
1610 1369 1743 1425 b⁰¹l⁰ll¹¹ss
1758 1385 1816 1427 ⁰¹11·

184 1453 233 1526 vr).
252 1454 292 1509 lle
303 1455 434 1526 quadriga
456 1457 543 1525 primo
554 1457 615 1526 equi
631 1457 681 1512 ruti
693 1466 773 1513 erant
784 1469 811 1514 et
824 1461 929 1516 cruenti
953 1468 980 1516 et
1031 1452 1233 1510 niuibtirloetlo
1243 1455 1464 1512 mirabilisltem
1482 1455 1509 1511 iu
1538 1455 1618 1512 eliam
1641 1466 1818 1528 partemclu-

183 1544 350 1616 sanguinarli
374 1555 402 1602 et
415 1545 569 1618 babyloniae
589 1545 750 1604 erudelitate
776 1549 931 1605 terribiles:
951 1550 978 1606 in
1030 1548 1205 1604 mrsaocietas
1219 1549 1381 1620 intelligitur
1398 1550 1543 1620 impiorum
1556 1550 1664 1606 uinculo
1691 1560 1817 1621 peccato

183 1636 314 1707 mtatblga
338 1639 455 1704 secunda
479 1639 542 1710 equi
565 1640 632 1713 nigri
652 1657 764 1712 reguum
788 1641 926 1697 Medorum
952 1652 980 1698 ot
1031 1652 1090 1693 nrm
1104 1639 1233 1710 allgata:
1250 1640 1283 1695 de
1297 1655 1349 1710 qno
1363 1641 1390 1695 ia
1405 1640 1488 1696 Exodi
1505 1642 1611 1697 cantico
1633 1641 1818 1713 scriptumest

184 1725 339 1792 Persarum,
362 1729 433 1797 quod
453 1727 522 1800 bigae
546 1731 644 1786 sedens
655 1739 683 1786 et
703 1730 844 1801 egrediens
864 1746 913 1802 per
926 1731 976 1787 bs·
1029 1727 1129 1797 (deod.
1155 1729 1215 1801 xv),
1243 1739 1273 1785 nt
1288 1743 1370 1801 supra
1398 1730 1577 1787 ostendimus.
1604 1729 1690 1788 Porro
1714 1733 1818 1803 equites

182 1817 255 1874 sueri
270 1818 342 1889 regis
354 1818 472 1874 edicturm
490 1827 605 1875 mortem
620 1820 743 1876 ominium
758 1818 913 1877 iudaeorum
926 1822 975 1876 tri-
992 1795 1015 1856 Β
1029 1818 1178 1888 singulares
1196 1820 1258 1876 ideo
1278 1835 1389 1876 currere
1402 1820 1539 1887 dimetitur,
1561 1823 1623 1891 quia
1646 1822 1818 1894 singulariter

182 1909 216 1963 sti
231 1909 325 1964 nuntio
339 1907 501 1979 praelerebat
517 1927 523 1964 :
547 1910 575 1965 in
591 1911 721 1983 qrrsdrign
737 1911 816 1967 tertia
837 1912 900 1983 equi
922 1911 975 1968 albi
1027 1911 1215 1982 unusquisque
1226 1926 1336 1967 cursum
1357 1912 1421 1968 ritae
1437 1909 1518 1981 buius
1538 1927 1618 1983 aeque
1631 1912 1738 1979 transit,
1749 1913 1817 1969 alius

181 2000 352 2065 llaoedunes,
366 2000 415 2056 sub
429 2011 545 2072 qnorum
559 2001 672 2073 imperio
685 2002 719 2058 de
730 2001 864 2059 Antiocho
873 2003 977 2060 lineba-
1027 2004 1079 2060 alio
1094 2013 1215 2075 tempore
1227 2022 1343 2077 sequeris
1358 2006 1453 2069 alium,
1475 2021 1524 2076 per
1541 2021 1623 2061 urtam
1640 2013 1729 2062 tamen
1746 2005 1816 2062 riam

180 2095 300 2149 lrreurum
315 2093 457 2149 uictoriam
467 2094 601 2165 legimus:
619 2095 647 2150 in
657 2095 788 2168 quadriga
803 2106 899 2167 quarta
913 2098 975 2167 equi
1026 2096 1202 2152 mortalitatis
1230 2113 1318 2169 usquc
1345 2098 1380 2153 ad
1409 2097 1548 2169 propriam
1577 2105 1677 2154 metam
1708 2098 1814 2154 mortis.

179 2183 247 2239 rarii
260 2182 353 2238 iortcs.
369 2182 476 2239 Scimus
490 2186 562 2238 enim
574 2185 757 2241 Romanorum
776 2201 854 2259 reges
867 2186 934 2242 alios
947 2186 974 2242 in
1026 2186 1139 2257 Equites
1149 2188 1223 2243 enim
1239 2188 1266 2243 in
1282 2188 1380 2243 mmm
1394 2197 1499 2258 partem
1509 2196 1537 2244 et
1551 2188 1578 2244 in
1591 2187 1690 2244 malam
1702 2197 1815 2259 possiunt

107 2313 110 2320 .
180 2282 259 2345 geute
268 2272 361 2331 iudaea
377 2273 459 2329 latine
482 2274 644 2342 clementes,
662 2283 694 2331 ut
708 2274 805 2332 Gaium
827 2276 973 2342 Caesarem,
1026 2277 1163 2349 aecipi.ln
1178 2278 1408 2348 bonam,qnando
1424 2280 1579 2335 domatores
1589 2276 1715 2333 vitiorum
1729 2277 1815 2350 signi·

177 2362 329 2434 Augustum
354 2373 383 2421 et
404 2363 565 2421 Claudium:
591 2376 781 2438 persecutores
804 2369 872 2425 alios
892 2379 974 2441 atquc
1025 2366 1126 2422 beant:
1144 2368 1283 2424 inmalam
1309 2377 1412 2434 auem,
1437 2368 1545 2437 quando
1563 2368 1672 2437 superbi
1690 2369 1812 2423 homines

179 2456 324 2522 terribiles,
339 2465 370 2512 ut
392 2456 489 2512 Gaium
504 2457 546 2514 rel
564 2457 708 2524 Neronem,
737 2457 974 2531 Vespasianumet
1024 2458 1052 2512 ln
1081 2459 1215 2514 mundana
1244 2459 1365 2530 putentia
1401 2458 1569 2516 mmdenns
1593 2457 1810 2529 praefigurantur.

177 2547 337 2603 Adrianum.
355 2547 491 2619 Propheta
513 2564 579 2620 ergo
597 2558 745 2620 quarente,
770 2551 835 2621 quid
855 2552 907 2607 sibi
922 2567 972 2607 an·
1024 2545 1111 2602 llulns
1131 2556 1268 2603 antemos
1287 2549 1382 2605 Graec
1406 2557 1521 2605 tractum
1534 2547 1694 2603 vocabulum
1720 2547 1810 2602 babet.

177 2640 263 2714 gelius,
281 2640 326 2711 qni
344 2641 513 2711 loquebator,
532 2642 612 2697 vellet
636 2642 799 2714 signillcare,
813 2658 895 2714 quem
913 2659 973 2700 eer-
1022 2639 1279 2697 crementorum
1301 2639 1583 2712 vocatur,quodjugo
1606 2640 1812 2710 pistommsub·

176 2739 274 2790 iteret:
296 2732 409 2805 angelus
434 2734 480 2804 qui
495 2733 656 2805 loquebatur
671 2736 699 2790 in
723 2749 766 2800 eo,
782 2735 921 2806 respondit
944 2744 973 2791 ec
1022 2739 1099 2786 aetus
1113 2731 1205 2788 tardas
1218 2725 1437 2788 molemloduent
1457 2733 1484 2786 in
1506 2746 1601 2802 gyrum
1617 2730 1713 2786 molus.
1726 2728 1811 2785 tadei

176 2825 299 2880 nanavit
312 2832 429 2896 quatuor
454 2834 549 2882 mutos
565 2839 627 2883 esse
640 2825 715 2894 eceli,
736 2826 763 2882 id
785 2836 837 2894 est,
854 2836 972 2898 quatuor
1022 2833 1148 2880 asserunt
1161 2825 1233 2896 quod
1256 2824 1316 2879 bna
1331 2826 1452 2896 abnepos
1476 2824 1547 2880 Esau
1566 2838 1697 2894 equarum
1718 2836 1813 2892 greges

175 2914 269 2988 plagas
291 2916 396 2984 mundi,
421 2930 483 2987 quae
500 2927 633 2974 uocantur
646 2917 741 2975 urere
762 2918 890 2974 elimatae
910 2932 971 2989 qne
1022 2917 1056 2973 ab
1070 2916 1156 2974 aunis
1167 2915 1195 2971 in
1208 2915 1318 2972 doseno
1329 2916 1388 2985 ipse
1408 2914 1503 2970 lecerit
1516 2915 1620 2986 primus
1634 2913 1741 2970 ascendi
1759 2932 1765 2966 :
1784 2921 1813 2967 ut

175 3008 450 3080 assistuntetparent
463 3008 568 3064 Domini
585 3009 727 3064 voluntati.
744 3009 816 3066 Nilril
830 3010 970 3067 enimdeo
1021 3008 1156 3064 mulorum
1174 3005 1237 3062 inde
1256 3021 1327 3063 nora
1355 3013 1451 3063 contra
1477 3013 1601 3061 naturam
1623 3002 1749 3060 animalia
1764 3018 1813 3057 na-

175 3106 292 3169 quatuor
305 3112 396 3170 regna,
409 3114 470 3170 quae
483 3099 611 3166 diximus,
631 3100 735 3172 absque
751 3100 856 3157 Domini
875 3102 970 3158 rohin—
1023 3109 1172 3157 seerentur.
1189 3097 1310 3170 Onagros
1331 3113 1440 3170 qnoque
1453 3096 1489 3154 ob
1512 3096 1565 3153 hoc
1589 3095 1688 3153 missos
1704 3110 1763 3151 csse
1775 3094 1808 3149 ad

176 3197 231 3244 tate
247 3187 379 3244 iecerunt
406 3187 531 3258 ltalnrta
547 3190 704 3262 allegoriam
719 3191 745 3245 in
760 3192 892 3263 quadriga
916 3193 970 3248 duo
1023 3194 1123 3258 asinas,
1138 3202 1166 3249 et
1186 3193 1274 3263 ipsum
1295 3191 1445 3247 istiusmodi
1471 3190 1605 3261 reperisse
1628 3187 1809 3247 concubitum,

174 3288 346 3349 testamenta,
360 3282 547 3353 sireipsorum
559 3285 971 3354 testamentonrminpneceptis
1020 3294 1051 3341 ut
1079 3285 1241 3342 velocissimi
1272 3300 1307 3340 cx
1337 3284 1379 3340 bis
1411 3283 1481 3339 asim
1508 3292 1694 3339 nascerentur.
1723 3279 1811 3334 Mutus

174 3371 316 3427 charitatis
337 3372 549 3443 praedicatores,
574 3387 623 3429 sen
646 3373 802 3429 etiamdum
823 3374 913 3445 populi
927 3374 969 3429 rel
1018 3374 1362 3445 enim,quodouerilorum
1377 3381 1419 3428 est
1437 3372 1549 3437 animal,
1574 3367 1811 3443 significatstulti·

174 3463 294 3534 ipsorum
309 3462 469 3534 populorum
493 3463 619 3520 doctores
636 3473 749 3534 possunt
763 3464 896 3533 intelligi,
918 3466 969 3520 boe
1020 3467 1065 3523 tice
1082 3474 1234 3524 secutores.
1249 3466 1336 3533 Quam
1353 3465 1471 3520 Absalon
1489 3463 1564 3519 mulo
1576 3463 1682 3525 sedens
1697 3469 1726 3517 et
1738 3460 1810 3515 sedi-

173 3563 224 3622 est,
242 3554 398 3612 iudeorum
418 3566 445 3611 ct
462 3558 594 3627 gentium,
618 3559 718 3627 quibus
732 3556 833 3614 Christi
847 3558 967 3629 potentia
1020 3558 1121 3614 tionem
1133 3566 1342 3627 contrapatrem
1354 3550 1809 3621 levans,secutus,moritointeriit

173 3648 322 3721 presidens
334 3647 452 3720 regimen
467 3663 614 3720 enngmum
629 3656 756 3719 prestat.
781 3648 846 3703 ltem
862 3649 888 3704 in
901 3665 969 3719 qna0
1019 3649 1135 3706 Proinde
1150 3649 1291 3704 Psalmista
1307 3647 1446 3704 auditores
1457 3661 1522 3703 siros
1538 3643 1686 3714 compescit
1696 3643 1807 3698 dicens:

173 3742 968 3815 driguquatuorevaugellstaesirequatuorernngclinpos·
1020 3741 1110 3798 Nolite
1131 3741 1271 3812 pensiero
1292 3749 1410 3814 eqnuaet
1426 3741 1524 3804 mules,
1547 3737 1683 3810 inquibus
1705 3741 1808 3791 nonest
1852 3782 1858 3789 .

173 3847 237 3892 sum
260 3838 355 3908 concipi,
374 3838 417 3894 vel
440 3846 557 3909 quatuor
570 3839 684 3895 virtutes
707 3840 887 3910 principales,
916 3839 969 3895 hoe
1017 3831 1173 3886 intellectus.
1195 3831 1228 3886 In
1249 3847 1324 3886 canto
1341 3838 1366 3885 et
1389 3828 1464 3901 freno
1485 3827 1607 3883 maxillas
1632 3843 1723 3882 eorum
1745 3840 1809 3879 eon·

173 3937 225 3994 est,
257 3930 419 4000 prudentia,
447 3929 571 3999 justitia,
599 3929 749 3994 lortitmlo,
777 3930 965 4000 temperantia.
1017 3918 1212 3994 nnnpett’nt.
1226 3920 1312 3989 rrxtl.
1331 3917 1459 3975 Prohibet
1474 3931 1538 3989 crgo
1560 3913 1745 3985 hujuscemodi
1757 3913 1809 3968 bn-

173 4019 239 4087 Quae
264 4020 356 4076 eugerii
385 4021 491 4076 Domini
518 4020 588 4077 bene
613 4021 797 4085 conveniunt,
828 4021 891 4091 quia
919 4036 968 4090 per
1017 4013 1103 4069 milles
1115 4013 1257 4069 diabolicis
1267 4010 1407 4067 fraudibus
1420 4008 1543 4074 insideri,
1559 4016 1586 4064 el
1603 4007 1729 4063 viliorum
1740 4019 1808 4060 one·

173 4108 246 4180 ipsas
266 4111 367 4170 eleetos
381 4129 446 4169 snos
464 4114 490 4168 in
504 4114 575 4170 riam
597 4115 710 4183 iustitiae
728 4116 847 4187 dirigens
870 4117 967 4188 perdu-
1017 4110 1092 4167 ribus
1117 4108 1279 4181 praegravari
1306 4124 1314 4160 t
1341 4122 1376 4162 ue
1401 4106 1472 4161 tutele
1496 4103 1647 4161 obddlissdll
1676 4099 1808 4172 snperbia

173 4208 211 4262 eit
221 4207 255 4261 nd
268 4223 381 4279 reguum
394 4217 563 4280 perpetuum.
579 4208 682 4265 Gaurus
695 4218 784 4263 aretem
798 4224 812 4263 a
826 4225 906 4264 errrsn
927 4210 967 4266 di·
1018 4204 1102 4273 ntngis
1117 4202 1239 4274 partibus
1254 4200 1424 4255 addicantur.
1443 4196 1542 4253 verum
1561 4194 1621 4250 istis
1634 4192 1731 4248 talibus
1743 4190 1807 4293 quid

173 4305 241 4359 etus,
263 4298 305 4353 rel
331 4300 394 4371 quin
418 4310 491 4355 rotas
504 4299 605 4356 habere
629 4300 745 4355 ridozur.
775 4299 877 4355 Currus
894 4301 965 4356 onim
1017 4293 1083 4348 ιῖἰιῑῑ
1095 4307 1155 4348 esse
1167 4290 1345 4347 laciendum?
1365 4288 1469 4345 Μῑῑῑθθῑ
1483 4286 1555 4358 ll¹¹0¹¹
1578 4283 1740 4341 iminium
1755 4296 1807 4337 ¹¹¹¹·

172 4398 329 4445 sanctorum
358 4390 516 4462 angelorum
543 4393 713 4457 societatem,
737 4400 783 4446 aut
808 4399 964 4448 sanctonum
1015 4382 1204 4454 prudentibus.
1220 4380 1268 4436 ffi³
1285 4380 1357 4436 ellim
1375 4377 1625 4466 ‘PPPiffillffllPPS
1648 4374 1808 4430 Slulwih‘*

172 4481 313 4536 luoruinum
326 4482 531 4538 unanimitatem
545 4483 659 4554 mystice
672 4482 806 4553 designat,
827 4483 853 4537 in
867 4482 965 4553 quibus
977 4493 1003 4554 1)
1017 4476 1104 4530 mittes
1116 4475 1225 4530 veritati
1250 4472 1369 4542 διῑῖιὶῑθῑῑ·
1384 4472 1451 4527 Nam
1466 4470 1538 4541 quod
1564 4469 1613 4535 ‘lib
1626 4469 1654 4521 Pl
1671 4466 1755 4536 immo
1774 4462 1807 4566 ad

172 4570 304 4627 Drerrriuus
320 4570 468 4628 uoluntatis
491 4589 548 4629 sune
566 4573 687 4646 regimen
702 4580 822 4629 exercet.
843 4570 919 4629 Unde
936 4574 963 4627 iu
1017 4580 1115 4636 equum
1137 4566 1266 4635 pertinet.
1286 4563 1405 4620 Pronum
1419 4562 1492 4617 enim
1509 4576 1525 4615 a
1541 4559 1599 4616 lero
1613 4556 1754 4615 retinendo
1768 4555 1808 4609 dr·

172 4678 255 4721 eurru
277 4664 357 4738 igneo
385 4665 484 4737 legitur
503 4665 576 4722 Elias
593 4666 716 4722 sublatus
744 4667 771 4721 in
787 4664 885 4722 coetum
909 4662 964 4737 (Ν
1016 4666 1090 4713 ctum
1100 4664 1152 4712 est.
1166 4656 1264 4712 Forum
1279 4656 1378 4727 quippo
1399 4654 1502 4724 antiqui
1523 4650 1656 4708 cabaliam
1669 4638 1804 4748 dixerunt.

173 4754 238 4829 Peg.
255 4757 285 4830 u)
301 4775 307 4813 :
322 4767 351 4813 ut
362 4757 486 4815 uidelicet
499 4767 593 4829 aperte
615 4766 823 4822 monstraretur,
839 4757 901 4828 quia
916 4759 964 4813 bo-
1017 4746 1050 4803 ln
1064 4764 1149 4812 cmv,
1163 4748 1197 4803 ld
1215 4745 1316 4802 mulum
1337 4746 1457 4817 resPlcss·
1473 4744 1545 4815 &8⁰
1557 4744 1616 4799 ¹¹³⁰
1638 4741 1692 4796 ‘¹¹¹⁰
1703 4753 1803 4795 ‘mma‘

172 4866 217 4905 tuo
227 4866 312 4922 purus
325 4847 458 4920 adjumrio
470 4849 568 4921 egebat
578 4849 676 4905 alieno.
689 4848 964 4921 Pernngrlosqnippo
1016 4837 1052 4893 lia
1066 4837 1221 4907 supradicta
1239 4837 1367 4892 collibeat
1392 4837 1443 4892 ista
1457 4830 1605 4890 retinacula
1617 4848 1626 4885 ι
1638 4840 1669 4886 ut
1683 4829 1718 4884 ad
1731 4826 1803 4883 arbi·

174 4938 245 4996 lucta
260 4939 345 4996 illact
371 4948 481 4994 ostenso
504 4947 567 4993 sunt
589 4938 745 5009 mljnmcnta
761 4956 767 4991 :
785 4937 847 5006 quin
865 4952 916 4991 nec
930 4937 964 4992 nd
1017 4929 1098 4984 trium
1115 4925 1237 4996 jubentis
1262 4926 1399 4991 incedant,
1423 4940 1458 4981 ne
1479 4924 1537 4980 suis
1549 4918 1731 4978 voluntatibus
1743 4913 1807 4971 ell'e-

171 5029 270 5086 coelum
289 5028 398 5102 quidem
428 5044 537 5085 nereum
555 5042 603 5100 per
632 5043 661 5083 se
689 5027 835 5084 ascendere
865 5028 962 5099 potuit,
1018 5029 1122 5075 rantur.
1140 5018 1248 5075 llasilla
1272 5034 1339 5074 vcro
1362 5015 1524 5073 adminicula
1549 5019 1613 5070 stant
1637 5008 1805 5072 animalium,

171 5130 371 5192 quemnaturce
388 5120 603 5177 sutrinllrmitas
626 5118 768 5192 gravabat,
800 5119 964 5190 Redemptor
1017 5112 1115 5183 quibus
1128 5125 1189 5166 esea
1203 5110 1352 5174 manditur,
1367 5117 1396 5162 ut
1407 5104 1532 5178 eorporis
1555 5104 1611 5158 rita
1635 5104 1804 5201 procuretur.

173 5221 262 5269 autem
282 5221 441 5269 nosternon
455 5227 547 5278 curru,
569 5227 623 5266 non
634 5209 739 5282 angelis
750 5207 906 5265 sublevatus
923 5208 962 5265 lo·
1016 5207 1090 5277 ipsas
1102 5218 1167 5275 ergo
1182 5203 1305 5258 maxillas
1328 5216 1377 5272 per
1389 5200 1504 5273 liguram
1527 5205 1554 5254 et
1569 5192 1725 5266 allegoriam
1742 5188 1807 5246 duent

171 5302 264 5375 gitur:
280 5302 342 5374 quia
358 5302 381 5359 is
403 5303 449 5373 qui
469 5300 571 5358 lecerat
598 5300 700 5364 omnia,
729 5298 856 5354 nimirum
880 5313 962 5370 super
1016 5298 1232 5356 inobedientibus
1255 5299 1354 5354 debere
1368 5295 1526 5367 constringi,
1542 5293 1570 5349 id
1590 5298 1644 5356 est,
1661 5288 1754 5360 copias
1769 5285 1805 5340 n·

170 5396 262 5452 omnia
275 5413 324 5454 sua
339 5396 441 5453 uirtute
458 5393 605 5452 serebatur.
629 5393 695 5450 illuc
709 5392 782 5449 enim
805 5392 962 5450 reverteba-
1015 5391 1118 5448 etuales
1131 5390 1240 5461 parcius
1250 5388 1309 5445 dari
1325 5407 1332 5442 ε
1348 5396 1379 5443 ut
1385 5386 1550 5459 ieiuniorum
1565 5381 1727 5439 necessitate
1738 5392 1804 5433 oru-

171 5494 217 5544 tur
229 5488 275 5544 ubi
296 5495 356 5545 erat
368 5505 376 5554 3
390 5497 419 5546 et
442 5489 504 5545 iude
523 5487 628 5544 redibat
642 5486 688 5543 ubi
706 5485 882 5541 remanebat:
898 5482 961 5554 quia
1014 5482 1081 5539 elusi
1094 5480 1390 5538 Creatorissubdautur
1412 5476 1536 5548 imperio.
1550 5472 1683 5529 industria
1707 5467 1806 5538 quippe

170 5577 217 5651 qui
228 5593 277 5650 per
300 5580 497 5635 humanitatem
512 5577 677 5636 ascendebat
691 5576 718 5632 in
733 5576 842 5643 eoelum,
858 5590 907 5646 per
921 5574 962 5631 di·
1013 5571 1131 5627 bumana
1160 5569 1298 5623 diversum
1325 5565 1426 5621 animal
1439 5565 1530 5636 coegit
1549 5564 1578 5618 in
1598 5560 1672 5617 coitu
1687 5575 1695 5612 ε
1711 5556 1807 5653 sieque

169 5668 309 5726 rinitntem
337 5677 365 5727 et
383 5680 484 5725 terram
511 5671 614 5741 pariter
628 5668 786 5724 continebat
801 5673 830 5721 et
851 5665 960 5722 eaelum.
996 5660 1167 5723 ,adulterina
1192 5658 1382 5716 commistione
1398 5670 1484 5730 genus
1510 5653 1583 5710 aliud
1610 5647 1720 5720 reperii.
1736 5650 1807 5700 ⁸¹⁰¹ll

169 5760 235 5818 item
260 5761 357 5831 legitur
373 5760 399 5816 in
414 5756 546 5815 Psalmo·
575 5757 675 5813 Carras
696 5756 745 5812 Pei
768 5757 855 5811 decem
879 5755 962 5810 millia
1017 5749 1522 5810 ctlacobcontranaturamcolorum
1537 5742 1728 5804 similitudines
1745 5748 1804 5806 pro·
