4042 6200
171 266 241 323 litDi
277 257 280 261 ’
617 264 799 323 excusatio
818 263 931 322 SUPER
948 264 1132 323 JENENth.
1152 299 1186 308 -
1205 266 1268 324 LlD.
1291 269 1358 325 xlt'.
1737 276 1805 333 tota

166 385 198 434 ct
212 375 353 448 Syriarum
369 383 397 431 et
409 376 529 446 gentium
542 374 741 448 AEgyptiarum
762 385 791 432 et
803 376 962 448 praecipiens
975 376 1000 439 Α
1012 378 1143 448 propheta
1156 379 1258 433 mistim
1274 382 1306 435 de
1321 379 1388 437 tuda
1405 388 1431 436 et
1452 380 1549 447 lsrael,
1575 391 1604 439 ct
1624 383 1658 440 de
1671 384 1805 447 Chaldaeis

166 467 331 540 quibusdam
349 466 455 531 amicis,
481 474 511 520 ut
523 481 584 521 curn
599 483 696 539 magna
717 469 827 534 virtute,
848 477 876 524 et
889 466 963 523 omui
1013 467 1316 540 atqneAEgyptiisprout
1327 472 1512 542 opportunitas
1525 473 1687 531 narrationis
1700 492 1729 533 se
1740 494 1806 535 con·

164 560 285 616 utilitate
302 557 337 613 ad
356 557 531 628 Babyloniam
546 545 642 613 cuncta
667 559 816 626 delerrcnt,
831 560 888 630 ipse
901 575 963 615 cum
1013 559 1074 614 tulit
1084 575 1237 616 sermonem
1248 560 1340 617 habuit
1355 582 1360 617 :
1374 563 1472 620 dehinc
1483 579 1547 620 cero
1558 567 1592 620 ad
1606 567 1728 625 diversas
1739 586 1805 641 gen·

163 652 262 725 paucis
272 666 322 722 per
335 649 472 705 desertum
485 649 560 705 verit
576 650 610 706 ad
624 651 809 723 Babyloniam,
820 660 848 708 et
860 653 963 724 potitus
1013 658 1053 707 tes
1065 667 1097 707 ac
1110 652 1274 722 provincias,
1290 653 1341 709 hoc
1362 666 1411 715 est.
1435 655 1468 711 ad
1483 654 1642 728 AEgyptum,
1663 658 1697 714 ad
1715 660 1802 717 Palae-

163 758 334 813 rerumquae
352 742 573 813 palernahantur
595 741 876 807 turrecrematae
893 759 960 814 quo·
1011 743 1107 809 seinos,
1123 743 1156 797 ad
1175 742 1315 803 Moabitas.
1332 753 1359 799 et
1374 742 1443 799 lilios
1461 745 1587 812 Aurunco,
1602 747 1802 819 admonerem,

162 836 228 890 darn
242 834 300 888 viro
322 832 424 902 optimo
449 847 560 902 reguum
579 841 760 895 reservaturo,
788 833 869 889 totius
884 834 960 905 regni
1011 832 1045 886 ad
1057 831 1154 898 Cedar,
1167 832 1200 885 ad
1215 832 1303 898 Elam,
1317 841 1344 887 et
1363 833 1396 887 ad
1415 843 1566 890 extremum
1580 838 1614 892 ad
1628 837 1803 910 Babylonem,

161 924 268 997 paterni
283 922 407 979 dominos
419 927 461 977 est
479 918 599 976 effectus.
1010 923 1043 978 ad
1058 931 1157 979 terraro
1167 922 1364 989 chrinnorum,
1381 925 1534 995 specialiter
1550 926 1674 998 singulis,
1688 931 1800 987 verbum

454 1032 568 1091 CApUT
586 1033 666 1091 xpp·
1011 1013 1134 1081 Domini,
1149 1015 1220 1084 quod
1234 1016 1284 1070 suh
1298 1016 1405 1085 trouriae
1418 1018 1509 1071 oneris
1527 1017 1609 1074 lsaias
1624 1024 1800 1090 nvrncupavit,

160 1125 322 1198 larrrrpatar
347 1123 456 1185 samer
490 1141 507 1176 o
531 1122 646 1178 ieremias
670 1124 703 1178 de
718 1123 934 1194 pusillanimitate
949 1137 958 1175 ,·
1009 1106 1173 1176 protervam
1188 1107 1276 1162 sciant
1290 1107 1400 1176 singulm
1411 1108 1474 1178 qrrid
1486 1120 1579 1164 eontra
1593 1112 1699 1166 Dorrrini
1711 1114 1802 1169 rolon-

364 1205 452 1248 tameo
465 1192 539 1247 saltas
552 1194 577 1247 ci
587 1195 758 1263 promittitur.
1009 1205 1092 1253 tatem
1106 1197 1230 1263 iecerint,
1246 1204 1273 1252 et
1298 1198 1403 1269 qualern
1421 1199 1568 1254 vindictam
1591 1202 1652 1256 inde
1674 1204 1729 1259 sint
1743 1220 1804 1275 pcr-

235 1286 353 1342 llerhum
366 1284 439 1356 quod
452 1285 557 1342 locutos
571 1293 613 1341 est
625 1284 758 1363 ieremias
778 1286 907 1357 propheta
924 1286 958 1341 ad
1008 1302 1137 1357 pessurae.
1152 1286 1271 1343 Primum
1295 1301 1359 1358 ergo
1380 1290 1413 1344 ad
1435 1288 1598 1361 AEgyptum‚
1611 1309 1671 1363 inm
1686 1297 1804 1350 manime

162 1397 174 1432 r
199 1379 316 1443 Darueh,
331 1377 415 1432 salium
438 1375 535 1441 Neriae,
557 1392 619 1432 cum
639 1377 793 1446 scripsisset
804 1376 885 1431 verba
900 1377 959 1431 haec
1008 1378 1166 1433 scandalum
1177 1377 1227 1433 luit
1236 1379 1309 1447 geniti
1320 1377 1484 1444 iudaeorum,
1496 1396 1649 1438 sermonem
1660 1387 1802 1449 convertit,

162 1488 174 1524 r
197 1471 224 1526 in
240 1470 309 1524 libro
323 1469 356 1524 de
370 1483 418 1523 ore
428 1466 562 1531 ieremias,
576 1482 648 1522 anuo
659 1477 756 1538 quartu
770 1466 895 1523 loachim
911 1466 957 1522 hlii
1008 1483 1226 1523 commemorans
1241 1477 1347 1539 tempus
1365 1471 1472 1539 quaudo
1495 1472 1554 1527 haec
1576 1472 1675 1544 legatio
1694 1486 1804 1545 peraeta

161 1581 174 1616 ι
195 1563 276 1620 lasiae
289 1561 360 1633 repis
373 1559 453 1624 luda,
464 1560 556 1615 dicens
570 1574 578 1613 a
593 1558 657 1615 llaec
666 1559 733 1614 dicit
746 1559 876 1614 Dominus
885 1558 957 1614 Deus
1007 1569 1060 1623 est,
1072 1559 1185 1625 horest,
1198 1560 1224 1613 in
1238 1568 1334 1629 quarto
1351 1576 1422 1617 anno
1435 1559 1558 1617 Joachim
1583 1562 1629 1617 lilii
1642 1563 1722 1620 Josiar
1732 1569 1804 1639 regis

159 1678 171 1710 r
195 1655 276 1713 lsrael
290 1655 323 1710 ad
346 1663 371 1709 te
393 1652 522 1707 Daruch:
548 1650 664 1708 Dixisti:
682 1649 729 1706 liae
753 1651 819 1705 mihi
845 1650 954 1717 misero,
1006 1646 1087 1715 luda,
1100 1651 1209 1721 quando
1234 1648 1340 1705 Pharao
1353 1649 1460 1707 Nechao
1477 1668 1524 1708 rex
1540 1651 1649 1726 AEgypti
1673 1656 1699 1710 in
1715 1656 1802 1713 Char-

161 1766 171 1799 r
195 1745 321 1817 quoniam
341 1742 446 1799 addidit
460 1741 591 1797 Dominus
611 1740 732 1796 dolorem
750 1740 837 1797 dolori
860 1755 920 1796 roeo
945 1730 1091 1797 :Bcamis
1106 1752 1200 1797 contra
1222 1740 1470 1811 Nabuchodonosor
1485 1760 1575 1816 regem
1595 1748 1739 1820 Babylonis
1753 1767 1804 1823 po-

160 1856 171 1890 r
195 1835 315 1892 laboravi
330 1850 391 1890 cunr
404 1833 593 1904 gemituum,
610 1842 639 1888 ct
649 1833 770 1903 requiem
785 1849 839 1890 non
850 1832 952 1890 inveni.
1005 1830 1110 1899 gravit,
1130 1841 1211 1902 atque
1225 1831 1259 1887 ab
1280 1846 1314 1888 eo
1334 1832 1468 1889 contritus
1480 1842 1507 1888 et
1526 1846 1668 1906 superatus
1681 1846 1732 1893 est.
1749 1838 1802 1894 Sed

159 1948 169 1980 v
195 1927 258 1982 llaec
279 1926 344 1981 dicit
367 1924 496 1980 Dominus
510 1941 517 1979 :
531 1922 578 1979 Sic
588 1923 663 1979 dices
672 1925 706 1980 ad
719 1939 781 1979 eum
799 1941 805 1978 :
822 1923 892 1980 Ecce
903 1938 953 1995 ego
1004 1921 1068 1991 quia
1087 1922 1185 1993 divinae
1209 1923 1331 1978 historiae
1349 1922 1401 1980 hoc
1416 1926 1550 1996 quomodo
1574 1926 1675 1984 lactum
1697 1931 1802 1987 sitnon

158 2038 169 2071 r
194 2033 262 2089 quos
274 2016 405 2074 aedificavi
415 2018 535 2082 destruo,
547 2024 652 2087 etquos
664 2016 783 2087 plantavi
793 2032 843 2089 ego
855 2016 952 2082 evello,
1003 2015 1093 2103 palam
1106 2016 1262 2082 ostendunt,
1277 2016 1462 2073 necessarium
1475 2020 1603 2089 putabam
1618 2022 1801 2078 narrationem

158 2135 168 2164 ι
193 2120 221 2169 et
234 2111 387 2167 universam
400 2118 500 2164 terram
511 2110 597 2175 hanc,
614 2118 642 2165 et
655 2118 683 2164 tu
695 2109 795 2181 quaeris
809 2110 857 2166 tibi
871 2124 953 2180 gran-
1003 2101 1113 2176 losephi
1131 2104 1193 2161 indc
1203 2106 1230 2160 in
1247 2105 1299 2162 hoc
1311 2104 1370 2162 ioco
1380 2121 1491 2178 ponere,
1510 2107 1556 2179 qui
1572 2109 1598 2163 iu
1610 2109 1680 2165 libro
1693 2110 1800 2167 decimo

157 2223 168 2257 r
192 2203 258 2259 dia?
273 2201 331 2259 Noli
341 2216 474 2274 quaerere,
493 2200 555 2271 quia
567 2215 630 2256 ecce
640 2215 691 2272 ego
703 2200 835 2256 adducam
850 2200 951 2255 malum
1002 2193 1201 2265 Antiquitatum
1212 2210 1322 2251 suarum
1334 2196 1370 2251 ita
1383 2204 1486 2262 narrat,
1499 2198 1631 2254 diceas:r
1649 2198 1707 2256 Rex
1721 2201 1803 2272 igitur

156 2314 167 2346 r
191 2308 273 2364 super
289 2281 396 2349 omnem
411 2305 533 2356 carnem,
548 2290 587 2346 ait
601 2290 741 2357 Dominus,
761 2299 789 2346 et
810 2290 879 2347 dabo
902 2290 950 2346 tihi
1002 2287 1204 2360 AEgvptiorum,
1219 2288 1282 2343 dum
1295 2287 1389 2345 inisset
1406 2304 1421 2343 a
1436 2305 1523 2362 pugna
1544 2306 1679 2357 reversus,
1694 2292 1802 2348 vocavit

156 2400 167 2434 c
190 2382 308 2437 animam
336 2389 409 2436 tuam
423 2380 452 2436 in
479 2381 604 2447 salutern,
620 2381 647 2435 in
670 2380 796 2437 omnihus
823 2381 891 2437 locis
916 2381 951 2437 ad
1001 2380 1125 2437 Joaehirn
1140 2382 1174 2436 ad
1187 2381 1361 2451 semetipsum
1381 2381 1415 2437 cle
1437 2382 1546 2438 civitate
1570 2382 1667 2454 Syrie,
1685 2401 1746 2455 ⁸1²¹ae
1759 2386 1802 2440 di-

156 2492 167 2524 r
191 2486 358 2544 numenque
374 2472 538 2542 perrexeris.
560 2490 570 2524 r
598 2470 684 2535 Rudis
704 2472 831 2527 adhucet
848 2472 950 2543 imper·
1001 2471 1072 2526 citur
1085 2468 1210 2525 liemath.
1227 2468 1279 2536 Qui
1297 2470 1360 2524 dom
1374 2470 1493 2526 veniisset
1505 2485 1568 2525 euru
1581 2481 1690 2543 repente
1703 2475 1801 2541 vincit,

152 2565 243 2620 lectus
267 2563 295 2618 in
320 2562 463 2618 tolerantia
489 2561 656 2632 passionum,
685 2576 753 2632 quas
777 2563 948 2633 postmodum
1001 2568 1030 2616 et
1045 2559 1146 2616 seriori
1159 2558 1218 2628 ejus
1228 2559 1316 2621 tratri,
1332 2576 1365 2616 cx
1379 2561 1473 2617 eodem
1488 2572 1565 2633 patre
1578 2566 1731 2636 progenito,
1750 2581 1799 2622 no-

152 2663 317 2725 experturus
330 2660 390 2709 erat
400 2651 517 2719 Darueh,
531 2652 641 2722 expavit
660 2650 841 2708 calamitatem
862 2649 951 2722 capti·
1001 2650 1075 2707 mine
1085 2651 1227 2715 Eliachim,
1240 2650 1352 2707 tradidit
1367 2666 1496 2724 regnrrnm
1518 2654 1663 2724 provinciae
1674 2670 1740 2711 vero
1751 2656 1802 2712 tri·

152 2745 258 2811 vitatis,
274 2744 401 2816 quaejam
416 2752 479 2800 tunc
492 2743 657 2814 temporibus
668 2742 791 2800 loachim
806 2743 853 2799 srlii
867 2740 949 2799 iosias
1000 2739 1094 2799 butum
1108 2742 1198 2813 posuit
1213 2751 1320 2798 centum
1343 2742 1442 2799 talenta
1465 2745 1570 2816 argenti
1589 2753 1617 2801 et
1631 2762 1714 2805 uurrrn
1728 2747 1799 2803 auri.

153 2835 311 2908 registoria
328 2836 389 2891 urbi
405 2835 572 2890 imminebat.
588 2834 665 2893 Unde
681 2838 856 2905 conqueritur
870 2832 947 2888 dolo·
1000 2829 1123 2889 inachim
1141 2833 1270 2913 ergohas
1280 2833 1410 2903 pecunias
1428 2834 1594 2891 exsolvebat.
1610 2834 1728 2891 loachaz
1748 2851 1800 2892 ao·

153 2946 212 2987 rern
226 2930 346 2986 additum
361 2927 447 2984 dolori
473 2942 533 2993 suo,
559 2927 607 2984 sed
623 2926 722 2999 accipit
746 2927 808 2983 iude
826 2926 949 2982 divinum
1000 2930 1055 2979 tero
1069 2922 1180 2979 deduxit
1192 2923 1218 2978 in
1238 2922 1386 2995 AEgyptum
1402 2923 1468 2994 ,qui
1483 2924 1566 2980 etiam
1580 2933 1704 2981 mortuus
1717 2934 1759 2982 est
1772 2926 1799 2982 irr

153 3034 325 3089 responsum,
337 3017 409 3090 quod
422 3016 555 3089 superflue
568 3027 672 3087 quaerat
684 3032 777 3090 pacem
787 3018 838 3074 sibi
854 3017 948 3087 tribui,
1000 3026 1044 3079 ea,
1061 3012 1125 3067 dum
1147 3020 1287 3082 regnasset
1308 3020 1363 3066 tres
1384 3027 1491 3068 mermes
1502 3022 1532 3068 et
1554 3014 1613 3070 dies
1633 3014 1737 3072 decem.
1755 3015 1802 3073 lo·

153 3119 295 3168 crrmtotus
305 3110 478 3181 populnssub
489 3108 735 3165 iasccdivcrsarum
746 3111 950 3167 tribulationum
965 3084 988 3147 C
1004 3102 1096 3160 achim
1122 3117 1187 3158 tero
1213 3113 1303 3159 mater
1320 3104 1469 3159 iocabatur
1490 3104 1605 3172 tanuen,
1634 3106 1667 3162 tic
1691 3107 1802 3163 civitate

153 3202 268 3261 laboret.
291 3199 330 3256 Er
351 3215 405 3271 quo
432 3200 500 3256 mihi
524 3199 631 3256 ridetur
654 3200 681 3254 in
705 3198 750 3255 iile
773 3208 864 3272 typum
892 3200 951 3256 lieri
1001 3197 1117 3255 Abuma.
1133 3197 1182 3253 llic
1194 3208 1284 3253 autem
1299 3199 1340 3253 vir
1358 3205 1417 3253 erat
1428 3205 1524 3253 natura
1540 3199 1665 3269 injustus,
1678 3209 1706 3256 et
1725 3199 1803 3256 valde

153 3307 249 3348 eorum
271 3290 318 3362 qui
329 3291 355 3345 io
367 3304 495 3361 pressura
506 3290 725 3361 persecutionum
735 3291 833 3361 quihus
845 3293 871 3345 in
883 3306 953 3362 prc-
1002 3286 1194 3359 nequissimus,
1215 3295 1243 3342 et
1265 3302 1353 3356 neque
1371 3286 1444 3342 circa
1465 3286 1693 3358 Deumsanctus,
1714 3305 1803 3361 neque

152 3387 225 3443 senti
250 3393 372 3454 tempore
400 3382 523 3439 Ecclesia
551 3389 704 3453 gravatur,
726 3381 951 3453 pusillanimitate
1002 3380 1075 3435 circa
1092 3379 1216 3435 homiues
1239 3387 1407 3435 nransuetus.
1437 3378 1561 3450 Dumque
1584 3391 1711 3450 quartum
1724 3381 1801 3453 regui

154 3478 282 3542 titubant,
293 3476 395 3532 hahere
407 3474 529 3531 volentes
540 3473 753 3530 consolationem
769 3473 950 3544 inpraesenti,
1002 3472 1238 3535 haberetaouum,
1254 3469 1407 3543 Dabylouim
1426 3471 1607 3543 principatum
1622 3471 1732 3543 quidam
1750 3486 1800 3526 no-

152 3586 215 3644 qnac
230 3571 257 3625 in
274 3569 365 3624 lotura
384 3568 440 3622 vita
453 3566 522 3623 bene
548 3564 716 3621 certantibus
742 3564 949 3635 repmmittitur.
1001 3562 1076 3616 minc
1087 3558 1336 3616 Nabuchodonosor
1348 3560 1463 3630 accepit.
1485 3559 1586 3617 Eodem
1604 3569 1725 3632 tempore
1737 3575 1800 3615 cum

155 3681 167 3717 r
190 3663 291 3718 Omnes
305 3660 387 3721 eninr,
406 3666 437 3714 ut
449 3658 487 3713 ait
500 3656 715 3728 apostolosque
739 3657 784 3728 pie
808 3655 901 3712 volunt
913 3656 951 3710 vi·
1001 3668 1101 3726 magno
1118 3662 1249 3725 apparatu
1260 3651 1294 3709 ad
1304 3653 1477 3709 archarmim
1492 3653 1632 3709 civitatem
1644 3654 1729 3719 venit,
1741 3669 1802 3723 qrrar

152 3770 219 3810 rere
240 3753 269 3808 iu
292 3752 410 3817 Christo,
431 3749 648 3820 persecutionem
661 3749 802 3821 patiuntur
817 3746 862 3820 (ll
881 3747 949 3802 Tim.
1001 3746 1127 3819 estjurta
1141 3746 1307 3818 Euphraten,
1319 3757 1488 3818 pugnaturus
1502 3754 1596 3802 eontra
1607 3762 1700 3817 regem
1714 3745 1800 3818 AEgy·

153 3843 208 3912 rvr).
225 3862 235 3895 r
250 3841 328 3898 Unde
342 3840 468 3895 Salvator
483 3838 623 3909 discipulis
637 3839 694 3893 suis
704 3839 761 3894 ait:
777 3857 787 3890 r
804 3837 833 3893 lo
850 3838 950 3893 muodo
1000 3838 1119 3908 ptiorum
1143 3837 1264 3903 Nechao,
1277 3838 1327 3894 suh
1350 3839 1403 3893 hoc
1413 3839 1485 3892 enim
1502 3837 1580 3909 Syria
1593 3845 1653 3893 erat
1663 3837 1799 3892 universa.

153 3947 311 4005 pressuram
347 3928 482 3986 babebitis
515 3927 617 4000 (lucr.
642 3928 708 4000 xv).
733 3947 742 3980 r
774 3928 808 3982 Et
839 3928 910 3982 idern
940 3943 947 3980 τ
1001 3930 1123 3997 Dumque
1151 3928 1322 4004 cognovisset
1350 3929 1423 3998 rogis
1451 3928 1603 3998 babyloniae
1628 3928 1795 3983 voluntatem

157 4022 276 4076 «limen
305 4034 395 4086 amco,
423 4018 522 4089 iuquit,
536 4017 597 4074 dico
613 4017 702 4082 vohis,
719 4017 783 4087 quia
808 4016 950 4087 plorabitis
1000 4018 1110 4074 Nechao
1128 4018 1560 4090 penitusoooexpavissedcunr
1574 4019 1799 4091 magnohrachio

153 4120 183 4166 et
204 4109 302 4166 ilchitis
323 4124 383 4175 vos,
397 4109 515 4163 mundus
529 4116 619 4163 autem
634 4108 773 4179 gaudebit,
788 4123 837 4163 vos
859 4117 949 4164 autem
1001 4125 1082 4182 super
1091 4109 1339 4167 Nabuchodonosor
1356 4113 1390 4166 ad
1404 4109 1557 4181 Euphraten
1571 4111 1653 4168 verrit.
1665 4111 1716 4180 Qoi
1728 4113 1801 4170 lacta

153 4200 394 4267 contristabimini,
408 4199 455 4256 sed
470 4200 581 4254 tristitia
592 4208 684 4257 vestra
699 4207 821 4255 vertetur
837 4200 863 4254 in
884 4216 949 4272 geru·
1001 4203 1193 4274 congressione
1203 4201 1325 4258 devictus
1336 4209 1424 4267 est,et
1435 4203 1518 4256 multa
1529 4202 1612 4257 millia
1623 4203 1707 4259 variis
1719 4204 1801 4261 rebus

153 4297 261 4353 dium:
278 4294 311 4349 Et
322 4295 438 4350 iterum«
449 4292 500 4360 Qui
513 4291 729 4361 perdiderit,ait,
741 4294 857 4350 animaru
871 4308 948 4348 suurn
1000 4291 1064 4349 belli
1081 4292 1180 4348 amisic
1196 4291 1342 4348 Transicos
1364 4301 1454 4348 autem
1467 4292 1621 4364 Euphraten
1645 4293 1799 4367 Babyloniae

153 4397 327 4461 propterrnc,
342 4387 460 4442 inveniet
474 4401 533 4441 earo
549 4385 646 4458 (diere.
661 4386 732 4458 vsu).
752 4407 762 4439 r
777 4387 810 4442 Et
819 4402 925 4443 rursum
940 4405 947 4442 ι
1001 4403 1050 4443 rer
1061 4401 1168 4442 ornnem
1184 4384 1289 4457 Syriam
1303 4401 1388 4456 usone
1402 4386 1435 4441 ad
1450 4383 1586 4441 Pelusium
1599 4388 1681 4458 cepit,
1699 4397 1801 4460 praeter

158 4476 335 4542 ‹Et-eritis,
356 4476 463 4545 inquit,
484 4475 546 4531 odio
560 4476 685 4531 omuibus
717 4484 828 4547 propter
850 4436 1132 4533 uomenDJudaezm.
1155 4477 1258 4544 erarto
1282 4476 1365 4548 igitur
1384 4492 1455 4532 auno
1477 4476 1734 4545 Nabuchodonosor,
1751 4479 1799 4551 qui

152 4569 258 4634 'rucum3
272 4569 316 4639 qui
328 4577 418 4623 auteur
433 4569 646 4638 perseveraverit
658 4584 744 4639 usquc
757 4569 785 4623 in
802 4567 893 4634 linem,
906 4570 950 4625 hic
1000 4564 1304 4625 eratcetavusloaclriru
1316 4566 1575 4636 regisllehraeorum,
1588 4580 1681 4625 contra
1692 4569 1802 4627 ludaeos

155 4662 249 4717 salvus
261 4659 313 4714 erit
327 4659 403 4731 (Eur.
417 4658 486 4730 rar).
503 4657 560 4714 »Et
572 4658 671 4713 iterum
690 4677 697 4713 ε
716 4676 725 4710 t
741 4659 815 4714 Beati
828 4660 874 4729 qui
887 4675 950 4730 per·
1001 4677 1064 4718 cum
1084 4675 1181 4731 magno
1194 4658 1316 4714 exercitu
1335 4666 1423 4713 eastra
1442 4667 1559 4715 metatus
1571 4669 1613 4715 est
1632 4659 1731 4715 tributa
1751 4676 1801 4716 ex·

155 4752 323 4807 secutionem
354 4749 494 4818 patiuntur
523 4755 635 4818 propter
655 4747 799 4817 justitiam,
819 4749 951 4819 quoniam
1002 4748 1293 4812 acturosaloachim,
1319 4759 1366 4803 aut
1379 4758 1453 4805 certe
1465 4749 1653 4806 dimicaturus.
1680 4749 1804 4807 illevero

156 4847 279 4915 ipsorum
288 4849 453 4913 estrcgnum
465 4840 596 4897 ciclorum
608 4839 714 4912 (llottir.
730 4840 796 4908 vl.»
1004 4852 1129 4899 metuens
1152 4841 1211 4913 ejus
1230 4841 1318 4896 minas
1340 4849 1369 4895 et
1392 4855 1487 4910 pacem
1510 4841 1611 4896 hahere
1634 4840 1801 4902 desiderans,

449 4947 563 5007 (propp
588 4947 681 5005 xm,
1003 4933 1121 5006 praebuit
1137 4933 1162 4990 ei
1185 4933 1294 4994 tributa,
1311 4945 1364 5002 qua
1387 4939 1554 5002 praeceperat
1576 4929 1653 4986 anrris
1677 4929 1800 4985 trihus.»

157 5042 251 5100 Sereno
264 5042 369 5098 Domini
377 5052 468 5098 contro
480 5039 624 5113 AEppptam
637 5052 661 5096 et
674 5044 792 5098 rinitores
804 5045 862 5113 ejas
875 5061 885 5100 .·
896 5061 956 5116 pro-
1006 5021 1532 5092 Til‘i‘fl'ei0i'l'10²¹¹1‘150115A‘3El'l‘lios
1544 5022 1735 5076 dess⁰⁰⁰⁰¹¹¹f³
1749 5017 1802 5073 ΒΕ·

371 5112 589 5167 mirriturlrroelt
598 5113 741 5166 miseracio.
1005 5117 1142 5188 byloniam
1156 5123 1333 5186 pugnaturos,
1352 5114 1452 5168 tributa
1468 5126 1521 5168 oon
1537 5108 1668 5173 reddidit,
1684 5109 1731 5164 sed
1744 5109 1803 5180 ipso

197 5221 206 5254 r
220 5201 339 5257 Verbum
349 5203 420 5273 quud
434 5202 532 5257 lactum
544 5210 585 5256 est
595 5200 629 5255 ad
640 5199 785 5255 teremian
799 5203 957 5273 pmphetam
1007 5207 1159 5280 AEgyptiaci
1173 5205 1235 5260 belli
1249 5204 1380 5278 [rumore]
1393 5204 1522 5273 deceptus
1534 5208 1586 5255 est.
1600 5197 1669 5253 Nam
1682 5214 1808 5270 pugnare

162 5311 172 5343 v
188 5299 283 5346 contra
294 5299 398 5362 gentes,
413 5291 448 5347 ad
464 5289 623 5361 AEgyptum,
645 5288 790 5345 adversum
805 5293 956 5348 exercitum
1007 5306 1168 5353 cortracum
1176 5287 1802 5365 AEgypvttnninimcpraesumpserunt(Eronos).

161 5400 171 5434 v
188 5380 338 5436 Pharaonis
350 5379 459 5437 Neehao
469 5381 541 5451 regis
551 5378 673 5451 AEgypti,
688 5380 805 5450 quierat
820 5380 895 5450 iuxta
909 5382 957 5439 tlu-
1008 5381 1307 5455 Scrnperenimlodaei,
1318 5391 1348 5436 dt
1358 5381 1498 5450 Scriptura
1508 5387 1631 5442 testatur,
1642 5379 1730 5436 aversi
1741 5389 1804 5435 sunt

162 5488 174 5524 c
193 5487 255 5526 ruer
267 5471 431 5542 Euphratem
444 5471 471 5525 io
482 5469 651 5535 charcamis,
665 5484 745 5540 quem
757 5471 890 5540 percussit
902 5472 957 5527 Na·
1009 5475 1136 5532 cordibus
1150 5473 1177 5528 in
1188 5471 1387 5546 Egyptuna,·ct
1405 5485 1458 5526 non
1474 5470 1501 5526 in
1514 5469 1561 5525 Dei
1575 5457 1744 5535 fortitudihe,
1755 5470 1804 5526 seu

164 5579 177 5614 ι
196 5562 406 5618 buchovluoosor
419 5578 465 5617 rex
481 5561 626 5633 Balvylonis
647 5562 674 5616 in
693 5570 790 5631 quarto
804 5577 876 5618 auno
893 5563 958 5620 loa·
1010 5567 1037 5621 in
1051 5564 1163 5620 brachio
1181 5575 1292 5628 carneo,
1304 5569 1330 5615 et
1345 5561 1373 5615 in
1385 5559 1481 5616 haculo
1496 5558 1647 5615 arundineo
1661 5557 1804 5615 contracto

164 5652 267 5709 «claim
286 5653 333 5708 lilii
350 5651 431 5708 losiae
455 5652 623 5723 registoria.
644 5652 802 5725 (llvrurs.)
823 5654 959 5711 llacteous
1009 5655 1173 5725 sperabant:
1195 5651 1268 5708 ande
1290 5650 1388 5707 merito
1411 5665 1502 5707 coram
1525 5649 1808 5707 lrostibuscadchaat.

387 5744 526 5802 Parnon.
545 5742 627 5801 ext.
1544 5741 1583 5804 33
