4042 6200
243 343 308 399 tutt
560 338 592 395 B.
612 338 739 394 RABANl
756 337 865 394 lthutu
884 336 1045 394 atictbut’.
1067 338 1221 396 tibuunt.
1241 336 1385 395 uuutttitt
1403 337 1494 392 PARS
1512 338 1555 393 ltt.
1810 337 1885 393 totu

174 476 183 495 ⁴
241 453 373 525 gloriari:
394 451 575 508 assentiamur
596 451 637 507 eis
660 450 733 521 quod
757 465 810 505 non
832 451 869 505 sit
890 448 1026 519 abjectum
1041 457 1064 513 Α
1078 465 1171 507 sumus
1188 452 1335 521 possidere,
1350 451 1434 507 sedin
1449 451 1547 522 angulo
1561 459 1674 516 stamus,
1687 450 1830 508 etiractis
1850 451 1886 505 li·

240 545 397 600 urriuersum
410 556 501 598 semen
523 540 616 596 lsrael.
631 539 725 611 Neque
736 540 809 596 enim
821 554 916 595 omnies
928 539 1027 609 abjecti
1079 545 1147 608 aeis,
1164 544 1274 614 euinque
1286 544 1355 598 ultra
1366 543 1501 599 luniculus
1510 534 1648 599 'mensurae
1657 552 1752 600 contra
1763 560 1844 607 enm,
1857 545 1887 598 id

238 647 313 701 sum,
326 636 373 692 scd
387 635 413 690 bi
428 642 532 689 tuntum
548 635 594 703 qni
608 632 715 688 luerunt
729 632 869 688 inereduli.
1078 641 1132 697 est,
1141 641 1248 703 portam
1261 634 1363 705 anguli,
1375 634 1560 705 supercollem
1571 632 1672 699 Gareb,
1683 635 1729 703 qui
1742 636 1771 689 in
1782 635 1886 705 lingua

275 724 367 783 «Eum
379 726 437 782 dies
449 724 570 789 ueniunt,
583 723 798 786 dicitliominus,
810 730 837 776 et
851 721 1029 778 aedificabitur
1077 732 1171 779 nostra
1197 724 1324 789 uertitur,
1345 734 1392 779 aut
1414 723 1556 789 incolatus,
1577 732 1624 779 aut
1642 726 1753 789 scabies,
1773 734 1808 780 ut
1833 730 1887 777 do-

239 838 249 871 ι
273 820 367 876 civitas
378 818 502 880 Doniino,
513 832 528 870 a
540 824 613 870 turre
622 811 761 867 hnanelrel
781 826 865 881 usque
877 810 910 866 ad
922 818 1027 881 portam
1078 824 1158 868 ceant
1171 828 1220 868 nos
1230 815 1348 869 advenas
1359 828 1420 869 esse
1431 823 1512 883 atque
1525 815 1694 884 peregrinos,
1706 824 1734 870 et
1747 831 1804 871 aon
1828 832 1885 870 au-

239 909 362 980 ranquli
386 926 393 963 z
417 915 445 964 et
474 906 559 964 exibit
591 905 662 960 ultra
701 918 796 959 norma
835 902 919 973 (sicu
948 902 1028 971 juxto
1079 906 1155 962 ribus
1167 907 1329 976 prurientes,
1345 917 1373 963 et
1387 907 1421 962 ad
1438 907 1588 962 novitatem
1609 906 1766 974 dogmatum
1784 908 1885 978 persi·

237 1022 249 1054 c
273 1000 459 1073 Symmachum
482 996 646 1067 lunieulusl
678 1009 810 1050 nmrrsurae
836 995 908 1065 eiras,
932 1000 1028 1048 cotnra
1079 1012 1194 1063 morum,
1209 996 1289 1052 facile
1308 1011 1362 1051 non
1382 998 1505 1066 praebere
1523 1011 1695 1052 oonseusnm.
1722 996 1835 1070 (διες.)
1852 998 1884 1053 la

237 1119 248 1150 ι
270 1112 330 1152 earu
345 1110 427 1165 super
441 1092 536 1149 collem
549 1087 651 1154 Gareb,
664 1096 691 1143 ει
705 1086 829 1144 circuibit
842 1085 949 1142 Goatlaa
964 1084 1028 1155 (aire
1079 1086 1178 1157 angulo
1199 1095 1289 1141 autem
1312 1086 1409 1157 duplex
1429 1087 1519 1156 paries
1536 1086 1671 1157 jungitur,
1690 1087 1787 1143 civius
1810 1103 1885 1159 erga

237 1209 247 1240 ι
267 1186 346 1257 jacto
360 1183 541 1256 Septouqlnta,
554 1183 588 1236 de
602 1179 696 1235 electis
705 1177 859 1249 lapidibus).
871 1176 906 1232 Et
918 1191 1027 1231 onmem
1079 1175 1185 1231 Domini
1202 1192 1218 1230 a
1234 1185 1309 1231 turre
1320 1175 1461 1231 huanehcl
1484 1192 1570 1246 usque
1591 1178 1626 1232 ad
1649 1186 1757 1248 portam
1780 1179 1883 1249 anguli

237 1309 246 1332 .
270 1278 366 1335 uallem
379 1278 518 1334 ruinarum
533 1275 590 1348 (pro
603 1273 695 1345 quihus
710 1272 852 1327 Theodosio
866 1272 953 1352 ipsum
968 1286 1027 1325 uer·
1078 1264 1212 1321 {edificare
1224 1264 1393 1334 perhibetur,
1405 1266 1469 1334 quia
1487 1273 1581 1321 sanctu
1594 1266 1712 1322 Ecclesia
1727 1282 1744 1321 a
1760 1266 1882 1323 eelsitu-

238 1393 247 1423 ι
271 1369 496 1426 hunrllchroicnm
506 1365 702 1437 poeniturus)
713 1372 741 1420 et
751 1364 867 1428 cineres,
879 1371 1026 1418 etomncm
1076 1355 1142 1411 dine
1155 1371 1278 1426 superna
1292 1355 1386 1426 gratia
1403 1356 1544 1418 inchoans,
1559 1372 1644 1426 usquc
1659 1359 1692 1413 ad
1718 1359 1882 1428 ingrussum

238 1480 247 1510 a
271 1458 430 1515 haeremotb
446 1455 526 1529 (qnod
536 1454 630 1509 acelina
652 1453 761 1526 teatinus
771 1462 900 1517 nimii,
912 1469 960 1522 uro
974 1468 1025 1523 quo
1078 1448 1688 1519 susceptionemquoconstruiturutrorumque
1698 1450 1880 1519 populorum,

236 1574 247 1601 a
271 1546 366 1621 Aquilo
381 1546 536 1603 suburbana
554 1547 741 1614 interpretatos
757 1542 806 1613 esti
821 1542 955 1611 usquead
972 1549 1027 1596 tor·
1077 1536 1182 1596 loduici
1199 1525 1322 1595 videlieet
1340 1547 1421 1609 atque
1435 1539 1553 1610 gentilis.
1579 1538 1632 1595 Sed
1641 1540 1710 1619 qnia
1725 1540 1753 1594 in
1767 1555 1800 1595 ea
1816 1555 1884 1595 ere·

237 1664 247 1694 ι
270 1650 376 1698 rentem
388 1639 505 1705 Cedrou,
517 1647 545 1693 ct
559 1653 646 1708 usque
658 1636 691 1692 nd
705 1636 831 1708 angulum
845 1642 930 1706 portae
944 1650 1027 1706 equo·
1078 1632 1174 1687 scente
1187 1629 1360 1685 multitudine
1378 1629 1461 1685 etiam
1487 1631 1595 1700 reprobi
1620 1630 1796 1701 colliguntur,
1813 1639 1883 1701 apte

239 1754 248 1787 ι
272 1752 331 1791 rum
343 1733 493 1791 orientalis.
510 1731 640 1789 Sanctum
654 1731 776 1795 Domini,
788 1745 842 1787 non
856 1729 987 1787 evelletur
998 1737 1026 1785 ct
1078 1722 1223 1779 subditur:
1239 1739 1249 1774 ι
1265 1729 1293 1775 ει
1305 1720 1391 1776 exivit
1405 1719 1475 1774 ultra
1494 1734 1589 1775 norma
1604 1734 1736 1774 mensura
1753 1737 1761 1773 :
1781 1740 1790 1773 ι
1809 1722 1882 1790 quia

240 1848 249 1877 r
271 1841 326 1882 aon
348 1824 503 1882 destructur
529 1838 615 1893 usque
635 1822 662 1876 in
681 1832 823 1877 aeternum.
841 1839 850 1873 ι
876 1818 928 1886 Qui
951 1819 1026 1875 mille
1041 1800 1064 1860 Β
1078 1827 1163 1883 usque
1176 1813 1212 1867 ad
1224 1826 1273 1867 eos
1284 1825 1392 1881 quoque
1410 1810 1576 1876 extenditur,
1590 1809 1638 1880 qui
1655 1824 1780 1865 normam
1791 1809 1882 1878 iusti-

234 1931 368 1972 auaomm
385 1916 411 1970 iu
425 1923 497 1970 terra
518 1912 610 1969 ludma
625 1927 736 1984 regnum
758 1910 860 1967 Christi
880 1908 1024 1981 recipiunt,
1077 1907 1122 1963 tice
1148 1913 1340 1969 transcuntes,
1372 1903 1444 1959 intra
1468 1918 1605 1958 mensurae
1629 1900 1748 1959 scelestis
1774 1920 1880 1960 nume

234 2006 319 2065 irruat
345 2007 490 2072 uidelicet,
518 2016 545 2062 et
571 2004 656 2061 nostri
686 2002 860 2060 iudaizantes
894 2009 1027 2058 conantur
1076 2012 1136 2052 rum
1150 2010 1204 2051 uon
1219 2002 1292 2051 sunt.
1308 1992 1443 2068 (llicron.)
1461 2010 1471 2045 ι
1486 1992 1520 2048 lit
1535 1992 1671 2057 circuibit,
1685 1993 1785 2063 iniquit,
1801 1991 1881 2048 Goa-

234 2100 378 2155 nstaudere
400 2107 501 2154 turrem
523 2095 684 2161 hnanehel,
705 2104 733 2150 ει
751 2103 857 2165 portam
882 2094 983 2165 anguli,
999 2099 1027 2148 et
1077 2088 1133 2154 tha,
1152 2101 1228 2158 »pro
1250 2100 1304 2157 qno
1318 2085 1488 2155 interpretati
1505 2092 1569 2139 sunt
1582 2082 1772 2154 Septuaginta,
1797 2102 1806 2135 ι
1824 2100 1881 2154 per

234 2191 331 2247 collem
355 2188 445 2246 Gareh
463 2196 491 2244 et
515 2186 631 2252 Goatha,
647 2196 675 2242 et
698 2185 794 2241 uallem
815 2183 976 2255 phagarim,
998 2191 1027 2238 et
1076 2192 1210 2250 gyrum»
1238 2176 1333 2231 0¹00<ss
1349 2174 1493 2244 lapidibus.
1510 2174 1556 2243 uui
1570 2174 1717 2229 uoluuntur
1734 2190 1818 2245 super
1836 2174 1879 2229 ia-

234 2297 343 2338 omnem
357 2279 534 2346 dsedemoth,
554 2288 583 2335 et
594 2288 743 2335 torrentem
758 2277 875 2342 cedron,
893 2286 920 2333 et
938 2277 1027 2331 locum
1076 2269 1145 2325 ciem
1166 2277 1257 2332 terrm
1272 2275 1300 2322 et
1314 2263 1435 2336 angulari
1455 2264 1545 2334 lapido
1577 2265 1815 2335 committuntur,
1832 2265 1879 2320 di·

235 2371 326 2444 anguli
353 2379 438 2441 porte
462 2385 593 2440 equorum
619 2368 757 2425 orientalis
778 2383 786 2422 :
809 2376 837 2423 et
860 2367 897 2422 ibi
922 2366 1026 2431 dicunt,
1077 2368 1155 2418 cente
1171 2359 1294 2431 apostolo
1305 2359 1401 2414 Petro:
1416 2375 1426 2409 ι
1441 2357 1475 2413 Et
1488 2358 1539 2428 ipsi
1553 2367 1681 2430 tanquam
1694 2359 1800 2430 lapides
1816 2361 1878 2417 riri

235 2460 422 2520 sanctuarium
438 2459 556 2525 liomini,
570 2459 599 2516 id
614 2469 667 2526 est,
683 2459 813 2530 templum
834 2472 895 2513 esse
909 2457 1028 2513 conden-
1077 2452 1328 2524 suporndtnmmtnt
1341 2450 1437 2506 domos
1449 2450 1594 2520 spiritales,
1612 2451 1796 2505 sacerdotium
1810 2467 1879 2507 san-

234 2552 301 2607 dum
323 2566 537 2620 mansurumque
562 2549 589 2604 in
612 2556 781 2620 perpetuum.
798 2546 876 2615 Quod
889 2547 1028 2618 qniapost
1077 2553 1162 2610 ctum,
1181 2542 1325 2599 ollcrentes
1345 2541 1480 2613 spiritales
1500 2543 1619 2607 hostias,
1640 2550 1668 2597 ct
1689 2544 1877 2612 accrpmbiles

235 2636 419 2712 captiuitatem
444 2639 609 2711 temporibus
634 2638 782 2695 zorobabel
816 2647 843 2693 et
877 2638 953 2693 Erras
973 2652 1027 2694 non
1077 2633 1298 2707 Deoperlesum
1310 2634 1448 2690 Christum
1473 2632 1499 2689 tl
1514 2631 1572 2686 Pet.
1587 2632 1657 2703 11).»
1688 2630 1751 2687 «lit
1760 2648 1877 2688 omnem

234 2739 349 2802 possum
360 2736 511 2786 monstrare
529 2729 704 2800 completum,
720 2737 863 2785 transeunt
877 2729 911 2783 ad
924 2727 1027 2785 Christi
1076 2725 1185 2791 vallem,
1197 2713 1296 2795 iuquit,
1309 2724 1465 2796 phagarim,
1482 2743 1491 2776 ι
1510 2723 1584 2794 quod
1598 2723 1794 2792 iuterpretatur
1812 2724 1873 2775 rar·-

233 2831 367 2892 temporu,
379 2838 459 2893 quem
470 2823 497 2877 iu
510 2822 742 2878 consummatione
756 2820 847 2875 mundi
865 2820 956 2876 dicunt
967 2835 1028 2876 esse
1077 2834 1188 2884 aarum·
1213 2825 1242 2873 et
1263 2818 1379 2881 cineres,
1391 2815 1552 2872 subauditur
1572 2814 1707 2870 circuibit.
1733 2815 1768 2871 llt
1783 2830 1875 2886 quan·

232 2924 386 2976 uenturum.
409 2923 440 2970 ut
461 2929 542 2970 aurea
559 2923 639 2985 atquc
659 2919 791 2985 gemmata
807 2911 883 2982 juxta
897 2911 1028 2982 Apocaly·
1077 2922 1157 2978 quam
1183 2905 1263 2962 nobis
1283 2906 1425 2961 uideamur
1447 2905 1474 2958 in
1499 2904 1624 2970 collibus,
1648 2912 1739 2958 tamen
1762 2918 1874 2974 sculpet

233 3007 304 3078 pslm
324 3005 436 3061 lourmis
459 3005 604 3061 descendat
622 3002 809 3059 Hierusalem:
828 3011 856 3057 ct
876 3003 928 3057 hoc
947 3009 1028 3056 terne
1076 2998 1220 3052 timeamus
1243 2996 1336 3051 minas
1347 3004 1375 3050 ει
1391 2993 1594 3050 eorrsideremus
1611 2994 1728 3058 cineres,
1744 3001 1771 3047 ει
1783 2994 1874 3063 puni-

233 3096 333 3167 spatio,
350 3096 401 3152 inm
421 3106 473 3163 est,
493 3076 590 3152 abillo
609 3094 668 3152 loco
686 3108 772 3165 usqne
791 3095 825 3149 ad
844 3091 917 3148 illum
937 3090 1025 3148 locum
1078 3077 1166 3144 tentes
1187 3087 1309 3143 tlic'amus
1324 3102 1384 3142 cnm
1397 3084 1481 3141 Dauid
1503 3103 1511 3142 :
1534 3105 1544 3137 ι
1567 3082 1636 3152 Quia
1656 3084 1774 3140 cinerem
1790 3085 1872 3155 qnasi

233 3183 445 3252 redidocturper
462 3165 711 3254 circuitum'blpoc.
726 3183 794 3252 xxc).
812 3180 1025 3252 suspicationis·
1078 3196 1176 3253 punem
1191 3178 1349 3233 manducaui
1363 3185 1391 3232 ει
1402 3177 1528 3247 poculum
1550 3192 1641 3231 mcum
1660 3192 1722 3231 cum
1737 3173 1801 3230 lletu
1820 3177 1873 3230 mi·

232 3287 287 3341 qum
318 3287 374 3327 cuce
402 3273 473 3326 banc
508 3271 629 3325 aurulam
663 3271 794 3342 cuprinum,
815 3270 886 3340 quod
913 3285 928 3322 a
952 3277 1027 3324 turm
1077 3272 1186 3327 scebam
1209 3268 1295 3337 (Paul.
1319 3268 1368 3340 cr).
1390 3288 1399 3322 ι
1424 3268 1499 3325 tinne
1524 3276 1552 3322 et
1571 3268 1726 3339 jacentibus
1754 3268 1870 3323 dicture:

233 3362 363 3427 Arrathot,
379 3378 439 3431 quae
459 3362 539 3417 hodie
553 3361 703 3432 appellatur
723 3360 857 3426 leremiae,
885 3362 972 3417 tribus
992 3361 1027 3416 ab
1081 3379 1090 3412 ι
1112 3359 1293 3430 Nunqnidqui
1304 3360 1388 3423 cadit,
1402 3374 1456 3413 nou
1469 3358 1595 3428 resurgit,
1612 3357 1679 3412 dicit
1693 3358 1869 3412 Dominusir

234 3451 404 3508 Hierusalem
431 3450 549 3506 millibus
566 3459 690 3521 separata
715 3467 799 3522 usque
820 3452 855 3507 ad
879 3459 1027 3507 torrentem
1078 3449 1217 3522 (lusan)
1241 3467 1250 3501 ι
1269 3449 1301 3504 Ει
1320 3448 1487 3512 urriversum,
1508 3447 1605 3516 iuquit,
1621 3446 1781 3513 sademoth,
1798 3448 1872 3517 qnod

235 3543 352 3607 Codrum
367 3542 414 3613 qui
428 3541 558 3597 scribitur
581 3542 608 3597 in
623 3541 769 3611 Evangelio
787 3542 878 3613 (loon.
894 3542 985 3614 ruric),
1000 3543 1026 3598 id
1077 3559 1127 3599 nos
1141 3544 1271 3598 vertimus
1293 3542 1320 3596 in
1343 3542 1473 3612 reqionum
1493 3541 1594 3605 mortis,
1616 3556 1698 3595 unum
1720 3555 1819 3595 nornen
1842 3539 1871 3594 iu

233 3638 288 3696 ῶῑ,
311 3630 338 3685 iu
364 3629 433 3685 lille
453 3627 597 3700 Ῐῡιθιιῑιιῑ,
618 3629 663 3684 uhi
687 3631 782 3687 billius
802 3637 871 3695 etot,
893 3631 921 3685 in
935 3647 988 3702 quo
1000 3639 1028 3685 et
1077 3638 1130 3691 dno
1144 3634 1224 3691 verba
1238 3634 1388 3690 dividentes
1400 3642 1444 3691 'tm
1462 3632 1533 3701 quod
1546 3631 1646 3686 dicitur
1665 3630 1750 3702 regio,
1765 3638 1793 3686 et
1811 3640 1873 3690 mn

234 3724 320 3780 ludus
337 3721 460 3793 proditor
476 3722 588 3778 tradidit
601 3721 780 3789 Saloatnrem,
794 3722 914 3780 civitatis
931 3722 1028 3777 lunda·
1077 3730 1150 3800 qnod
1172 3728 1365 3795 interpretatur
1389 3724 1503 3786 mortis,
1526 3739 1575 3793 pro
1594 3739 1648 3792 qun
1669 3721 1766 3794 Aquila
1788 3723 1872 3777 uertit

236 3821 325 3871 ¹⁰⁸ssss
337 3814 485 3883 jaciantur·
507 3812 632 3879 Lesslurlr
648 3812 790 3882 inquiunt,
806 3828 900 3869 sumus
918 3813 945 3867 ῑιι
963 3828 1028 3868 0⁰¹¹·
1078 3815 1243 3882 suburbana,
1262 3816 1319 3871 sire
1335 3830 1401 3869 arua
1419 3823 1447 3869 et
1463 3829 1536 3868 rura.
1562 3813 1646 3884 liegio
1659 3822 1750 3868 nutem
1763 3813 1869 3878 mortis,

235 3914 410 3984 corruentibus
420 3910 569 3968 hnamehel
580 3909 663 3965 lilium
678 3908 768 3966 Salam
782 3909 930 3990 patruelem
945 3908 1028 3964 luisse
1078 3908 1153 3978 rugio
1168 3912 1340 3979 peecatorum
1355 3914 1408 3969 est,
1424 3911 1453 3959 et
1474 3905 1641 3968 suburbana,
1658 3906 1732 3974 regio
1746 3906 1870 3976 uolupta-

233 4002 369 4067 Jeremiae,
382 4001 459 4074 cuius
476 4001 543 4058 emit
558 4016 663 4071 ugrum.
679 4000 712 4055 lit
725 4000 783 4056 hac
794 4008 837 4058 est
861 3999 944 4057 turris
955 3998 1028 4054 hua-
1078 4009 1146 4066 tum,
1160 4017 1220 4071 quae
1242 3999 1330 4071 pergit
1348 4013 1435 4067 usque
1458 3997 1492 4052 ad
1514 4005 1663 4052 torrentem
1684 3997 1801 4059 Cedros,
1825 3998 1871 4052 uhi

235 4094 326 4162 nebel,
351 4095 507 4166 ignorantes
531 4090 692 4147 liebraicam
708 4092 859 4148 veritatem.
881 4091 931 4147 llic
953 4088 1026 4145 enim
1078 4093 1195 4148 traditus
1220 4100 1262 4146 est
1286 4090 1434 4154 Dominus,
1456 4089 1502 4159 qui
1525 4089 1722 4158 interpretatur
1741 4088 1869 4143 aomina.

231 4190 311 4259 jurata
330 4186 493 4243 hebraicum
511 4185 640 4241 scribitur
662 4200 677 4239 a
702 4193 778 4240 turre
795 4183 933 4238 dnanebcl
951 4196 1025 4252 pera
1078 4181 1145 4236 lide
1158 4189 1258 4250 quantu
1270 4180 1369 4235 habeat
1381 4178 1440 4234 loca
1449 4177 1570 4234 Ecclesia
1589 4194 1596 4230 :
1615 4185 1643 4232 ct
1656 4179 1792 4247 quomado
1806 4177 1871 4234 iilud

234 4279 361 4335 uidelicet
375 4278 490 4333 mediam
512 4276 640 4340 litterum,
658 4276 695 4332 ibi
718 4285 809 4331 autem
825 4292 831 4329 :
847 4293 856 4326 ι
870 4273 940 4329 Εεεε
952 4271 1022 4328 hna-
1077 4272 1275 4342 Apostolicum,
1291 4290 1300 4323 ι
1315 4280 1345 4325 ut
1358 4272 1394 4326 sit
1406 4271 1465 4326 sine
1478 4270 1599 4334 macula,
1612 4278 1640 4326 et
1654 4286 1738 4342 ruga,
1762 4291 1771 4325 ι
1789 4272 1815 4327 ia
1829 4272 1871 4327 lu·

234 4369 322 4425 rnehel
349 4367 419 4423 lilius
441 4367 543 4423 sellum
562 4366 694 4437 patruelis
715 4373 777 4421 tuus
792 4366 883 4421 ueniat
907 4366 941 4420 ad
956 4374 1021 4430 te‚›
1078 4370 1153 4425 turo,
1170 4369 1198 4416 ct
1219 4362 1247 4416 in
1270 4360 1426 4417 coehstibus
1449 4369 1615 4416 reservetur.
1638 4361 1724 4418 Audis
1744 4366 1869 4436 angulos,

233 4475 283 4529 per
305 4459 421 4516 modium
450 4469 477 4518 n
499 4456 626 4512 litteram.
650 4457 809 4513 inuocantes
829 4458 912 4528 igitur
931 4457 1023 4513 liomi-
1039 4451 1153 4540 „nudis
1167 4452 1297 4518 scabiem,
1309 4451 1386 4507 audis
1402 4452 1504 4515 ruinas.
1519 4459 1546 4507 et
1561 4452 1677 4519 eineres,
1692 4463 1721 4510 et
1732 4456 1869 4527 regionem

235 4561 299 4601 num
328 4547 508 4610 saluatorem,
535 4546 580 4615 qui
611 4545 691 4600 babet
721 4545 823 4601 clarem
849 4545 950 4610 Dauid,
976 4547 1022 4615 qui
1077 4541 1869 4617 mortis,ettenehras,etdetuavirtute,etimpeecantia

235 4637 362 4707 aperitet
377 4651 456 4692 nemo
469 4636 579 4701 claudit,
595 4645 622 4692 et
636 4636 682 4707 qui
696 4637 806 4704 claudit,
822 4646 849 4692 ει
864 4652 941 4693 neum
961 4651 1024 4707 ape-
1077 4631 1222 4703 gloriaris?
1238 4631 1359 4701 lienique
1372 4630 1514 4701 sequitur:
1530 4648 1540 4685 r
1553 4632 1588 4687 tn
1597 4650 1682 4705 usqne
1694 4637 1729 4691 ad
1740 4638 1867 4708 angulum

235 4728 271 4783 rit
290 4726 382 4798 (hooc.
398 4727 452 4798 ιιι),
479 4728 525 4797 qui
545 4729 681 4799 signatum
704 4743 811 4798 quoque
831 4727 906 4783 isaim
925 4728 1024 4782 librum
1076 4734 1176 4795 portae:
1189 4743 1198 4776 r
1211 4723 1292 4779 ethic
1304 4722 1427 4795 angulus,
1437 4738 1471 4779 ne
1482 4723 1535 4779 ulla
1547 4726 1734 4796 rerajustitia,
1751 4745 1786 4785 ne
1797 4741 1868 4787 certa

234 4828 262 4873 ct
275 4817 395 4874 omnium
408 4818 600 4888 prophetarum
615 4819 732 4888 aperuit,
745 4827 773 4872 ct
793 4819 973 4872 acforauorunt
986 4818 1025 4871 ri·
1077 4817 1190 4871 uictoria
1215 4816 1242 4870 in
1264 4816 1317 4870 isto
1339 4814 1437 4871 saeculo
1450 4815 1659 4873 demonstretur.
1680 4819 1741 4891 lpse
1761 4838 1867 4892 quoque

235 4912 302 4984 giruli
314 4918 431 4982 quatuor
440 4909 570 4976 seniores,
585 4917 707 4965 terrentes
718 4911 857 4981 cytharas,
868 4909 939 4979 quod
952 4909 1025 4965 solus
1079 4907 1193 4976 angulus
1210 4915 1295 4977 portae
1307 4921 1461 4980 quanquam
1478 4907 1514 4963 sit
1526 4908 1676 4975 orientalis,
1691 4911 1763 4966 unde
1778 4913 1866 4969 lumen

235 4999 455 5076 potueritdivina
467 5014 592 5056 reserare
605 4999 746 5071 mysteria,
763 4999 951 5070 aggrediamur
963 5000 1025 5055 aetli-
1077 4997 1222 5066 egreditur,
1246 5004 1335 5052 tamen
1354 5011 1485 5066 equorum
1509 4996 1668 5066 appellatur,
1694 5007 1725 5053 ut
1748 5001 1866 5074 indigere

236 5092 326 5148 ttciuru
344 5090 471 5156 civitatis,
485 5089 611 5160 adquam
634 5089 807 5160 propheticus
822 5104 912 5144 sermo
932 5089 1025 5163 dirigi·
1077 5103 1127 5144 nos
1147 5089 1242 5144 docem
1262 5105 1342 5144 cursu
1365 5098 1447 5160 atque
1461 5089 1609 5145 certamine
1622 5108 1629 5143 :
1642 5098 1668 5145 et
1684 5085 1793 5148 undem
1806 5110 1863 5149 cum

233 5190 296 5238 tur:
312 5200 322 5234 ι
338 5179 460 5238 Gloriosa
481 5179 552 5235 dieta
575 5171 642 5235 sunt*
652 5179 686 5235 de
701 5187 737 5244 ιε,
753 5177 849 5235 civitas
863 5180 909 5235 Dei
935 5178 1022 5252 (Psoi.
1077 5177 1189 5233 Domino
1209 5178 1302 5233 audire
1315 5191 1487 5232 mereamur:
1503 5178 1678 5235 ‹Ascardisti
1695 5193 1780 5250 equos
1796 5192 1863 5248 tuos,

235 5273 361 5345 iarun);
379 5290 389 5325 ι
404 5273 455 5328 Et:
469 5291 478 5325 ι
492 5270 610 5327 huminis
627 5271 742 5343 impetus
756 5269 873 5327 laetilrcat
887 5271 1024 5326 civitatem
1074 5279 1102 5324 ει
1110 5270 1290 5339 equitatlotua
1301 5267 1436 5324 salustio
1444 5279 1522 5339 porta
1532 5270 1668 5339 orientali,
1676 5273 1702 5327 in
1711 5283 1791 5344 porta
1801 5290 1863 5345 qua·

235 5364 281 5418 liei
297 5361 383 5436 (rm.
395 5363 468 5436 ιιι).
484 5359 669 5417 rAEdihcatur‘
683 5362 773 5434 itaque
784 5362 903 5418 Ecclesia
918 5377 933 5416 a
950 5370 1025 5417 turre
1078 5358 1213 5429 drigamm
1236 5359 1414 5415 sarnctidcatio
1428 5359 1534 5415 Domini
1552 5369 1605 5427 cst,
1620 5369 1650 5417 ut
1661 5371 1726 5418 tunc
1742 5379 1790 5420 uos
1803 5380 1861 5435 per·

234 5443 387 5509 ohedientia
399 5454 455 5509 sire
469 5453 751 5525 nordmannorum
775 5453 837 5527 (boe
852 5455 923 5509 enim
939 5455 1023 5508 inter·
1077 5448 1162 5504 lectos
1175 5448 1355 5514 smirnam,
1365 5450 1474 5520 mundo
1486 5441 1635 5507 diberimus
1648 5451 1683 5507 ad
1701 5449 1860 5511 Dominum:

234 5551 356 5615 pretatur
368 5541 528 5616 nnuman),
549 5559 635 5616 usque
652 5545 686 5602 ad
699 5553 809 5617 portant
827 5544 916 5615 angmi
934 5563 941 5595 :
962 5559 1022 5614 quse
1079 5539 1254 5595 «Currusllei
1266 5540 1357 5595 decem
1365 5538 1447 5594 millia
1459 5540 1596 5612 multiplex
1608 5542 1689 5598 millia
1701 5544 1859 5608 laetantium

234 5640 298 5687 treet
309 5633 433 5689 rideatur
443 5633 549 5690 initiam
558 5631 659 5692 habero
670 5636 918 5708 sublimc,quundiu
929 5635 955 5688 in
969 5635 1020 5690 ista
1075 5629 1206 5685 Dominus
1219 5629 1246 5685 in
1262 5629 1302 5684 eis
1314 5627 1399 5700 (Psoi.
1413 5629 1507 5693 cartul.
1523 5651 1531 5682 ι
1546 5631 1698 5688 istiusmodi
1722 5632 1860 5689 notando

234 5735 318 5776 carue
328 5721 510 5808 consistimus,
524 5732 627 5779 rectam
639 5726 764 5783 veritatis
780 5726 877 5781 lineam
891 5739 943 5779 nun
958 5739 1021 5794 pos·
1074 5737 1134 5792 quae
1152 5735 1233 5789 supcr
1254 5719 1456 5776 solidamentum
1473 5721 1571 5778 Christi
1592 5724 1678 5794 posita
1694 5733 1746 5790 est,
1762 5726 1794 5781 de
1807 5740 1857 5795 «qua
