4042 6200
199 333 247 389 'ribi
516 332 547 388 tt.
565 332 692 388 uastat
712 331 821 390 haurit
839 329 999 389 tuentur.
1018 331 1174 390 dosunt.
1193 330 1335 390 orentii
1356 333 1447 391 PARS
1467 333 1498 389 tt.
1771 338 1821 398 att

199 463 279 503 amne
288 446 374 502 iberia
384 453 536 515 nuncupata
545 454 600 521 est.
612 444 708 500 Postea
718 444 871 515 abilispaio
885 443 982 515 Mispa·
996 450 1021 509 Α
1034 454 1222 501 renascantur.
1237 447 1349 517 zeugis,
1364 446 1410 502 ubi
1425 447 1561 518 Carthago
1575 463 1681 521 magna,
1701 453 1760 521 ipsa
1782 465 1823 509 est

199 534 677 609 niacogneminataestlpsaestvera
685 532 984 605 liesperiaabiiespero
1034 540 1062 588 ει
1084 549 1148 589 rera
1168 534 1260 591 Airica
1284 538 1355 594 inter
1367 535 1529 608 bizancium
1545 548 1574 593 et
1587 537 1739 595 Numidiam
1757 540 1822 608 sita,

198 631 276 687 stella
286 627 442 685 occidentali
454 627 524 683 dicta
539 645 546 681 :
560 628 611 683 sita
623 636 666 683 est
677 637 767 683 autem
781 626 852 682 inter
864 626 984 682 Africam
1034 640 1050 678 a
1062 626 1244 694 septentrione
1254 627 1321 680 mari
1332 625 1424 681 Siculo
1433 624 1538 695 iuncta,
1549 635 1575 682 et
1585 643 1601 681 a
1611 629 1724 685 meridie
1737 645 1823 701 osque

198 731 227 778 et
238 719 575 790 Galliam,aseptentrione
586 717 722 791 Pyrenaeis
734 719 869 774 montibus
882 718 982 784 clausa,
1034 715 1067 770 ad
1091 714 1247 771 Getulorum
1272 716 1409 787 regionem
1433 724 1573 787 porrecta,
1597 715 1673 786 cuius
1699 720 1824 789 proxima

198 809 339 879 areiiquis
351 808 472 880 partibus
486 807 605 877 undique
623 807 691 862 mari
711 806 853 873 conclusa,
867 806 983 862 salubri·
1033 820 1146 877 quaque
1169 805 1299 877 frugifera
1324 814 1397 870 suut,
1420 806 1548 862 ulteriora
1571 816 1661 863 autem
1681 809 1775 865 bestiis
1796 820 1827 866 et

199 907 255 955 tatc
271 898 333 955 cmii
357 896 477 967 aqualis,
490 896 611 953 omnium
635 895 772 951 iructuum
785 896 928 966 generibus
942 895 983 952 ie·
1034 894 1204 964 serpentibus
1221 893 1315 964 plena,
1330 903 1411 964 atque
1428 896 1536 965 onagris
1559 897 1663 968 magnis
1678 898 1705 952 in
1717 900 1826 956 deserte

198 990 296 1055 eundo,
310 1003 476 1060 gemmarum
491 986 715 1057 metallorumque
735 987 821 1057 copiis
839 986 982 1042 ditissima.
1033 984 1202 1055 vagantibus.
1226 982 1331 1039 Getullu
1354 992 1444 1038 auem
1467 982 1566 1039 siricae
1586 1000 1650 1054 pars
1671 984 1826 1043 Mediterra-

197 1077 355 1136 interfluunt
365 1076 543 1134 cambumina
553 1092 659 1147 magna,
669 1075 764 1140 Bmtis,
773 1075 880 1141 Minius,
892 1075 984 1131 iberus
1034 1090 1085 1130 nea
1108 1083 1159 1129 est.
1174 1073 1296 1129 Numidia
1319 1078 1354 1131 ab
1374 1076 1470 1132 incolis
1489 1078 1590 1149 passim
1612 1081 1771 1152 vagantibus
1784 1083 1826 1138 aie

198 1176 226 1223 et
245 1166 351 1238 Tagus,
365 1180 459 1220 aumm
476 1164 598 1231 trahens,
611 1172 642 1220 ut
656 1162 793 1219 Pactolus.
816 1162 904 1218 ilabet
923 1178 985 1233 pro·
1034 1173 1139 1229 uocata,
1154 1166 1226 1234 qnod
1238 1166 1336 1220 nullam
1361 1174 1463 1221 certam
1485 1167 1617 1224 baberent
1630 1171 1731 1226 sedem
1756 1172 1825 1229 Nam

198 1260 300 1315 vincias
323 1274 370 1314 ser
384 1257 513 1312 z'ierram
532 1271 675 1313 conensem
700 1255 950 1329 [Tarraconensem
960 1253 982 1327 i,
1034 1255 1125 1327 lingua
1136 1269 1229 1310 corum
1243 1256 1352 1311 incerte
1365 1257 1442 1311 sedes
1452 1265 1571 1328 stragas,
1585 1258 1713 1315 Numidia
1726 1262 1825 1318 dicun·

197 1346 444 1417 Carthaginensem,
455 1345 630 1408 Lusitaniam,
642 1344 799 1409 Galieciam,
810 1343 986 1409 nostramet
1035 1355 1089 1402 tur.
1112 1348 1208 1417 incipit
1229 1356 1319 1402 aumm
1342 1364 1357 1401 a
1385 1348 1495 1405 domine
1509 1350 1661 1422 Ampsaga,
1680 1353 1707 1407 in
1729 1354 1827 1426 Zeugi-

199 1448 273 1491 trans
287 1436 354 1491 freta
368 1436 396 1491 in
409 1436 517 1506 regione
526 1434 626 1490 hiricae
637 1433 828 1505 'tingitaniam
845 1432 909 1488 boae
921 1440 985 1489 sunt
1036 1445 1127 1493 unuin
1142 1438 1254 1494 iimitem
1268 1439 1378 1504 desinit,
1395 1438 1498 1494 habam
1508 1441 1542 1495 ab
1552 1450 1612 1495 ortu
1625 1442 1722 1513 Syrtes
1735 1444 1827 1499 mino·

197 1527 332 1598 ilispaniae
356 1545 363 1581 ε
386 1525 511 1590 citerior,
528 1541 588 1595 quac
611 1526 638 1580 in
660 1524 851 1594 septentrionis
870 1524 949 1596 plaga
968 1539 985 1579 a
1036 1542 1118 1593 res,a
1138 1529 1321 1598 septentrione
1335 1543 1425 1593 mare,
1441 1528 1512 1599 quod
1527 1530 1641 1586 intendit
1656 1531 1826 1600 Sardiniam,

197 1618 327 1689 Pyrenaeo
341 1631 425 1685 usquc
438 1615 473 1670 ad
487 1614 677 1685 Carthaginem
688 1614 850 1685 porrigitnr;
863 1612 984 1678 ulterior,
1036 1616 1071 1672 ab
1081 1631 1180 1673 occasu
1191 1616 1380 1672 Mauritaniam
1392 1616 1557 1686 Sitifensem,
1568 1634 1584 1673 a
1597 1621 1709 1677 meridie
1722 1622 1830 1676 AEtirio-

198 1723 258 1775 riute
277 1707 303 1762 in
325 1705 491 1762 meridiema
505 1704 647 1761 Celtiberis
667 1718 752 1776 usque
771 1703 804 1759 ad
822 1703 985 1760 Gaditanum
1036 1721 1101 1776 punt
1125 1708 1326 1777 gentcszregin
1348 1706 1449 1776 campis
1468 1710 1647 1779 praepinguis,
1671 1711 1717 1766 obi
1736 1721 1829 1768 autem

197 1799 297 1853 fretum
319 1795 471 1852 extenditur
482 1813 490 1849 r
501 1795 612 1851 citerior
631 1804 660 1850 et
678 1794 791 1850 ulterior
811 1794 892 1861 dieta,
907 1792 985 1865 quasi
998 1785 1023 1845 B
1037 1796 1169 1853 siluestris
1185 1805 1237 1862 est,
1250 1797 1322 1854 ieras
1340 1797 1455 1863 educat3
1477 1799 1522 1854 obi
1541 1797 1615 1870 iugis
1634 1801 1728 1867 ardua,
1742 1817 1830 1872 equos

197 1890 265 1944 citra
278 1895 306 1943 et
320 1887 406 1954 ultra;
420 1887 467 1942 sed
478 1886 562 1953 eirca,
576 1886 653 1957 quasi
666 1886 735 1942 citra
749 1895 850 1951 terras,
863 1893 892 1941 et
903 1884 986 1953 oltra,
1036 1894 1064 1943 et
1076 1902 1193 1958 onagros
1211 1895 1345 1959 procreat.
1361 1888 1464 1943 Eximio
1476 1889 1557 1943 etiarn
1581 1905 1716 1946 marmore
1730 1890 1830 1962 praedi·

197 1979 239 2034 rel
253 1978 438 2050 qrroduitimn,
450 1978 492 2033 vel
504 1977 576 2048 qood
590 1993 643 2033 non
656 1978 843 2049 sitpostbanc
855 1976 924 2043 ulla·,
935 1978 988 2035 boc
1037 1985 1119 2043 tatur,
1133 1977 1205 2047 qnod
1222 1976 1392 2031 Numidicum
1408 1976 1517 2032 dicitur.
1538 1975 1625 2032 liabet
1641 1986 1731 2033 autem
1744 1978 1830 2034 urbes

197 2080 240 2125 est
252 2070 304 2123 alia
322 2078 404 2124 terra.
421 2068 484 2124 lime
495 2068 528 2123 de
541 2067 653 2138 Europe
666 2068 820 2139 regionibus
829 2068 901 2125 dieta
914 2067 989 2124 suffi-
1037 2069 1196 2139 precipuas,
1205 2067 1353 2138 iiipponem
1364 2067 1467 2138 ιεςίιιιιι
1478 2066 1685 2124 etilusicadam.
1695 2069 1829 2124 Maurita-

198 2162 280 2225 niant,
296 2175 368 2215 nune
379 2158 413 2216 de
427 2160 548 2230 partibus
559 2159 658 2215 iliricae
670 2161 789 2216 breuiter
802 2159 932 2217 dicamus.
946 2160 990 2216 Li·
1037 2159 1082 2214 nia
1095 2167 1216 2214 soeataa
1231 2159 1322 2215 colore
1340 2157 1517 2229 populorum
1530 2159 1617 2216 Graeci
1630 2161 1703 2216 enim
1717 2162 1827 2233 nigrum

197 2251 249 2322 byn
259 2259 301 2307 est
314 2250 397 2316 dicta,
409 2250 481 2320 quud
507 2250 569 2306 inde
581 2248 645 2306 libs
658 2248 714 2315 dat,
733 2249 785 2305 boc
800 2256 842 2306 est
857 2249 986 2306 diricui:
1037 2264 1150 2304 mauron
1164 2256 1271 2304 vocant.
1287 2246 1448 2304 sicutenim
1462 2247 1547 2304 Gallia
1560 2249 1704 2305 acandore
1724 2253 1828 2322 popuii,

197 2340 244 2396 alii
259 2340 334 2395 aiunt
355 2339 494 2411 Epaphum
514 2339 588 2395 loris
611 2339 706 2406 illium,
722 2339 769 2410 qui
795 2338 939 2410 Memphim
959 2340 987 2395 in
1038 2339 1076 2394 ita
1088 2338 1272 2393 Mauritaniaa
1283 2338 1361 2408 nigro
1369 2353 1468 2393 nomen
1478 2339 1572 2394 sortita
1581 2345 1633 2394 εει.
1646 2336 1728 2409 Cuius
1739 2341 1829 2410 priroa

198 2428 314 2501 AEgypto
327 2428 455 2494 condidit,
466 2444 499 2483 er
509 2427 637 2499 Cassiopa
646 2444 730 2485 uxore
738 2444 895 2500 procreasse
906 2429 988 2485 liliam
1038 2430 1178 2501 provincia
1204 2429 1363 2484 Mauritania
1383 2428 1521 2485 Sitifensis
1538 2437 1596 2497 est,
1609 2446 1671 2500 qaae
1687 2431 1757 2488 Sititi
1778 2433 1830 2487 lsa-

197 2518 320 2590 iibynm,
332 2533 392 2588 qum
402 2526 494 2587 postea
506 2518 533 2572 in
546 2518 638 2574 Airiea
651 2533 762 2589 regnum
773 2520 901 2589 possedit,
912 2519 989 2590 cuius
1038 2524 1084 2579 bet
1102 2521 1240 2593 oppidum,
1255 2536 1270 2575 a
1282 2526 1373 2590 quaet
1384 2520 1541 2576 vocabulum
1553 2521 1667 2576 traxisse
1680 2522 1754 2592 regio
1765 2536 1830 2591 pcr-

198 2623 232 2661 cx
245 2607 353 2662 nomine
363 2615 435 2661 terra
449 2615 492 2661 est
503 2606 547 2660 illa
556 2606 638 2678 Libya
650 2607 798 2678 appellnta;
809 2607 927 2663 Africam
938 2623 987 2663 au·
1038 2612 1155 2667 hibetur.
1167 2610 1326 2666 Mauritania
1340 2625 1405 2667 vern
1416 2610 1590 2667 cesariensis
1602 2611 1717 2677 colonia,
1736 2612 1831 2667 Gaesa-

199 2706 253 2752 tcm
266 2697 432 2753 nominatam
451 2697 558 2767 quidam
571 2698 634 2753 inde
646 2698 816 2765 existimant,
828 2699 905 2769 quiesi
918 2699 989 2769 upri-
1039 2702 1079 2757 ria
1098 2701 1194 2757 eines
1210 2701 1271 2767 luit,
1291 2711 1319 2757 et
1336 2716 1434 2756 nomen
1452 2700 1598 2770 provinciae
1611 2716 1645 2755 ex
1663 2716 1695 2757 ea
1711 2701 1827 2757 dictum.

200 2804 267 2851 cem,
279 2787 394 2859 ortedsit
405 2797 497 2860 aperta
508 2788 576 2845 coelo
587 2788 628 2845 vel
639 2789 700 2855 soli,
713 2790 806 2845 etsine
816 2792 928 2846 horrore
938 2788 986 2844 iri·
1038 2790 1165 2863 Utraque
1184 2791 1266 2861 igitur
1279 2792 1424 2861 provincie
1443 2792 1495 2847 sibi
1509 2791 1658 2864 senionem
1671 2792 1704 2847 ab
1720 2792 1830 2848 oriente

200 2879 288 2950 geris:
300 2879 444 2935 aliidieunt
455 2879 572 2960 hiricant
585 2879 713 2951 appellari
724 2881 819 2937 abuno
829 2895 862 2936 er
873 2881 989 2952 posteris
1039 2880 1191 2938 Numidiam
1205 2883 1315 2948 babent,
1330 2884 1539 2954 aseptentrione
1552 2898 1627 2938 mare
1638 2883 1775 2955 Magnum,
1792 2885 1829 2940 ab

198 2972 314 3033 tibicine
335 2972 369 3029 de
392 2972 526 3039 (lethum,
540 2974 586 3045 qui
607 2981 719 3030 uocatus
735 2971 865 3039 cethim,
880 2972 912 3028 de
934 2986 989 3043 quo
1038 2986 1137 3028 occasu
1150 2970 1249 3028 iiumen
1264 2973 1412 3040 iiairam‚a
1427 2973 1539 3029 meridie
1550 2983 1668 3029 montem
1681 2974 1828 3040 Astrixim,

198 3078 279 3134 supra
301 3065 481 3122 meminimus.
507 3064 604 3137 incipit
619 3074 738 3122 autema
753 3065 851 3123 tinibus
864 3064 984 3138 AEgypti,
1039 3062 1086 3135 qni
1098 3062 1227 3120 discernit
1238 3064 1309 3119 inter
1323 3062 1464 3119 secundam
1476 3070 1577 3120 terram
1586 3070 1615 3118 et
1623 3077 1720 3120 arenas
1728 3061 1832 3134 iacen-

197 3171 313 3227 pergens
331 3154 408 3226 iuxta
434 3157 572 3212 meridiem
593 3171 642 3227 per
663 3154 830 3225 AEthiopiam
851 3170 936 3228 usquc
951 3155 985 3211 ad
999 3128 1022 3191 C
1038 3162 1079 3210 tes
1093 3168 1178 3223 usque
1188 3153 1221 3208 ad
1234 3152 1383 3209 Oceanum.
1397 3152 1558 3208 Mauritania
1568 3154 1747 3225 Tingitanae
1761 3154 1833 3210 Tin—

198 3244 333 3298 Atlantem
350 3254 480 3311 montem,
501 3260 517 3298 a
538 3244 741 3314 septentrionali
759 3259 824 3299 vero
842 3253 919 3314 parte
932 3243 987 3300 Me-
1037 3244 1064 3317 gi
1087 3243 1227 3315 metropoli
1250 3243 1330 3314 huius
1353 3243 1500 3315 provincie
1526 3242 1635 3298 civitate
1658 3252 1752 3300 vocata
1773 3253 1829 3300 est.

199 3333 354 3391 ‹literraneo
376 3332 443 3387 ntari
466 3333 610 3403 conjuncta
632 3332 780 3400 clauditur,
805 3342 833 3388 et
853 3331 986 3389 Gaditano
1038 3333 1101 3389 lime
1125 3331 1218 3388 ultima
1241 3332 1340 3390 Africae
1356 3332 1477 3405 exsurgit
1501 3348 1517 3387 a
1539 3332 1675 3390 montibus
1703 3347 1830 3404 septem,

201 3424 270 3476 ireto
282 3421 382 3485 iirritur,
391 3422 494 3477 habens
506 3423 660 3493 provincias
671 3422 783 3495 Libyam
792 3421 984 3494 cyrenensem,
1037 3423 1141 3480 babens
1161 3426 1196 3481 ab
1216 3428 1321 3481 oriente
1343 3422 1442 3480 flumen
1465 3423 1625 3489 Maiiam,a
1644 3426 1832 3495 septentrione

198 3509 375 3580 Pentapolim,
387 3509 527 3580 Tripolim,
537 3511 710 3582 byzancium,
722 3510 921 3583 Carthaginem,
933 3511 988 3567 Nu·
1036 3512 1136 3570 fretum
1144 3512 1316 3581 Gaditanum,
1330 3515 1364 3570 ab
1377 3513 1490 3570 ooeiduo
1503 3529 1634 3570 oceanum
1643 3514 1830 3582 Atlanticum,

201 3598 323 3663 inuidiam,
335 3599 523 3655 Mauritaniam
537 3598 907 3668 Sitifensem,Mauritaniam
920 3599 986 3657 'iin-
1039 3605 1181 3661 ameridie
1195 3604 1335 3660 Gaulalnm
1353 3614 1449 3677 gentes
1467 3619 1554 3676 usque
1575 3603 1610 3659 ad
1623 3619 1754 3661 oceanum
1773 3604 1830 3662 iic·

200 3688 332 3759 gitanam,
352 3697 381 3745 et
394 3689 467 3746 circa
485 3690 549 3745 solis
571 3690 694 3746 ardorem
709 3688 885 3761 AEthiopiam.
903 3689 987 3760 libia
1037 3694 1156 3764 sperium
1168 3701 1349 3763 pererrantes,
1360 3693 1434 3764 regio
1446 3693 1559 3765 gignens
1570 3693 1751 3750 ferocissimos
1763 3694 1832 3749 dra·

200 3777 362 3848 Cyrenensis
374 3780 402 3834 in
415 3789 492 3851 parte
502 3779 601 3835 diriore
618 3780 703 3851 prima
716 3790 757 3836 est
773 3796 789 3835 a
802 3779 906 3851 Cyrene
920 3779 988 3836 urbe
1037 3798 1119 3839 eones
1131 3784 1341 3845 etstruthiones,
1352 3783 1415 3838 olim
1424 3785 1506 3838 etiam
1516 3794 1545 3840 et
1553 3785 1741 3856 elephantibus
1748 3785 1830 3855 plena

201 3869 350 3940 metropoli,
362 3885 422 3940 quae
431 3871 511 3936 estin
521 3872 579 3942 cius
590 3871 688 3927 fluibus
698 3879 861 3942 nuncupata.
875 3869 944 3927 iiuic
952 3870 987 3927 ab
1037 3872 1097 3938 init,
1112 3890 1179 3945 quos
1196 3873 1252 3929 sola
1268 3888 1339 3930 nunc
1358 3873 1433 3934 ludia
1450 3875 1575 3944 parturit
1590 3873 1763 3930 Garamantis
1781 3891 1830 3930 re-

198 3960 304 4017 oriente
325 3959 459 4032 AEgyptus
475 3970 524 4025 ⁰⁸1,
544 3962 578 4016 ab
599 3976 696 4016 occasu
715 3960 810 4033 Siriet
832 3959 947 4030 mitiores
959 3969 988 4017 οἱ
1037 3969 1123 4040 gionis
1136 3976 1217 4037 caput
1229 3967 1365 4022 Garaman
1377 3966 1503 4036 oppidum
1516 3966 1575 4020 iuit.
1591 3965 1639 4020 Est
1650 3974 1740 4021 antem
1754 3966 1831 4022 inter

200 4048 378 4120 ngiodytae,
390 4065 404 4103 a
414 4050 596 4119 septentrione
609 4064 684 4105 mare
694 4049 832 4122 libycum,
847 4067 862 4106 a
875 4051 988 4106 meridie
1036 4058 1216 4130 cyrenensem
1227 4067 1254 4114 et
1263 4055 1438 4127 AEthiopiam,
1448 4055 1494 4111 ubi
1507 4066 1549 4113 est
1560 4056 1630 4122 lons,
1641 4058 1687 4126 riui
1699 4058 1829 4114 etcalore

199 4138 336 4210 AEtiriopin
349 4148 376 4195 et
385 4140 562 4196 harbarorum
569 4140 652 4195 variae
660 4140 782 4197 nationes
792 4148 820 4197 et
828 4141 987 4197 solitudines
1037 4148 1090 4204 diei
1108 4145 1236 4219 frigescit,
1250 4155 1278 4201 et
1288 4143 1357 4202 calet
1371 4144 1472 4217 frigore
1484 4146 1581 4201 noctis.
1598 4144 1737 4215 AEthiopia
1752 4145 1828 4201 dieta

200 4229 410 4294 inaccessibiles,
422 4245 482 4301 qltae
492 4231 574 4285 etiam
586 4230 725 4286 basiliscos
733 4240 872 4303 serpentes
883 4237 985 4287 creant.
1037 4255 1053 4293 a
1069 4238 1160 4294 colore
1174 4235 1346 4308 populorum,
1360 4251 1428 4306 quos
1440 4237 1506 4293 solis
1520 4236 1644 4291 vicinitas
1664 4244 1757 4290 torret,
1773 4235 1832 4292 De.

201 4316 353 4388 Pentapolis
369 4317 463 4373 Graeca
483 4320 601 4390 liuguaa
623 4321 742 4390 quinque
755 4320 866 4376 urbibus
885 4336 988 4376 nornen·
1038 4332 1118 4400 nique
1137 4331 1190 4385 uim
1211 4329 1308 4385 sideris
1324 4329 1412 4400 prodit
1427 4327 1501 4384 color
1520 4327 1669 4382 hominum.
1690 4326 1739 4381 Est
1752 4329 1830 4384 enim

200 4417 272 4478 pata,
288 4409 315 4463 id
329 4417 371 4465 cst
383 4408 497 4480 Cyrene,
513 4409 642 4467 Berenice
658 4412 691 4467 de
705 4412 823 4479 Geutria,
836 4411 985 4482 Apollonia,
1039 4419 1076 4476 ihi
1095 4418 1169 4491 jugis
1188 4428 1278 4474 aesius,
1299 4418 1367 4472 itam
1386 4416 1516 4487 quidquid
1536 4417 1595 4487 ejus
1611 4425 1663 4481 esi,
1678 4417 1728 4471 sub
1743 4417 1830 4472 mesi.

200 4497 353 4562 Ptolomais,
378 4513 410 4554 cx
431 4499 529 4569 quibus
550 4500 696 4557 Ptolomais
715 4512 743 4558 et
761 4501 891 4558 Berenice
909 4518 925 4556 a
944 4517 988 4557 re-
1000 4477 1026 4537 Ῑ)
1038 4510 1117 4566 (tiano
1130 4510 1241 4564 cardine
1254 4515 1304 4573 est,
1316 4509 1388 4563 eirca
1401 4507 1542 4563 occiduum
1564 4514 1656 4560 autem
1678 4513 1829 4561 montuosa

199 4591 277 4659 gibus
299 4594 443 4648 norninatm
461 4603 533 4646 sunt.
555 4593 603 4648 Εει
617 4601 705 4648 autem
723 4591 877 4666 Pentapolis
897 4593 987 4665 Libyae
1037 4606 1090 4664 est,
1102 4612 1216 4653 arenosa
1236 4597 1263 4651 in
1278 4596 1378 4660 medio,
1392 4594 1426 4650 ad
1448 4594 1608 4650 orientalem
1628 4609 1694 4649 vero
1716 4593 1828 4665 plagam

199 4682 348 4753 Cyrenensi
367 4682 491 4752 seiuncta
505 4684 572 4738 etin
588 4685 647 4754 cius
661 4684 759 4740 bulbus
772 4685 907 4757 deputata.
928 4685 988 4740 Tri·
1037 4690 1153 4757 deserta,
1171 4690 1248 4759 euius
1260 4688 1328 4743 situs
1351 4688 1386 4742 ab
1398 4687 1512 4743 occiduo
1525 4686 1643 4742 ditantis
1668 4686 1767 4741 montis
1790 4685 1828 4740 ad

200 4772 346 4843 politanam
368 4786 475 4842 quoque
494 4772 659 4841 provinciam
676 4772 762 4829 Graeei
777 4774 865 4846 lingua
881 4790 930 4831 sua
950 4775 987 4830 si·
1036 4780 1168 4835 orientem
1182 4793 1268 4849 usque
1281 4779 1307 4833 in
1318 4776 1427 4848 AEgypti
1440 4776 1508 4832 lines
1516 4774 1701 4846 porrigitur.h
1713 4776 1829 4832 meridie

199 4871 284 4936 gnant
295 4862 329 4919 de
342 4875 455 4917 numero
469 4862 549 4916 trium
562 4877 719 4934 magnarum
733 4864 848 4932 urbium,
859 4862 923 4930 Oea,
937 4863 987 4920 Sa-
1037 4865 1154 4934 Gceano,
1167 4881 1184 4921 a
1196 4866 1378 4936 septentrione
1388 4863 1450 4921 Nilo
1463 4863 1572 4920 numine
1583 4863 1725 4928 clauditur,
1738 4863 1828 4933 pluri·

199 4958 290 5024 brate,
311 4954 401 5026 Leptis
419 4954 609 5026 magnanime
623 4956 704 5012 habet
722 4959 757 5014 ab
769 4959 873 5015 oriente
893 4957 986 5030 Syrtes
1038 4972 1098 5013 mas
1111 4956 1214 5012 habent
1223 4963 1316 5027 gentes
1328 4956 1434 5011 diverso
1445 4954 1518 5008 ruitu
1532 4960 1560 5008 et
1580 4961 1750 5008 monmmosa
1767 4969 1830 5023 spe-

199 5046 316 5117 maiores
333 5054 361 5103 et
377 5045 563 5118 Troglodytas,
580 5061 595 5100 a
613 5049 795 5118 septentrione
806 5064 882 5105 mare
892 5049 986 5107 Adria·
1037 5045 1244 5117 ciehorribiles,
1258 5044 1374 5100 terarum
1388 5050 1532 5115 quoquest
1547 5043 1713 5113 serpentium
1725 5040 1828 5100 referta

200 5136 293 5202 ticum,
305 5137 339 5192 ab
348 5150 446 5193 occasu
456 5135 772 5207 Byzantium‚ameridie
780 5138 891 5196 Getuins
899 5138 987 5196 etGa·
1037 5136 1598 5209 estmultitudine.lNicquipperhinoceros
1606 5136 1826 5193 bestiaetcame-

200 5236 336 5285 ramanms
348 5245 433 5299 usque
445 5230 479 5285 ad
491 5243 620 5286 oceanum
632 5228 814 5301 AEtbiopicum
826 5231 985 5300 pertenden-
1037 5228 1176 5299 lepardus,
1192 5227 1344 5293 basiliscus,
1360 5227 1491 5283 dracones
1508 5224 1646 5297 ingentes,
1659 5240 1693 5279 en
1708 5240 1828 5296 qirorum

201 5326 251 5376 tes.
260 5319 397 5393 iiysaeena
409 5321 483 5392 regie
493 5337 526 5377 er
535 5320 639 5377 duobus
646 5319 817 5376 nobilissimis
823 5321 927 5391 oppidis
937 5337 986 5377 uo
1038 5318 1150 5375 cerebro
1161 5333 1274 5390 gemmae
1288 5317 1479 5381 esnahuncun
1501 5315 1662 5386 hyacinthus
1679 5329 1788 5385 quoque
1799 5324 1830 5369 et

96 5411 100 5416 '
200 5425 263 5465 men
274 5412 368 5467 sortita
377 5421 430 5478 est,
441 5427 475 5467 ex
487 5412 585 5483 quibus
595 5425 678 5466 tinum
692 5411 854 5466 Adrumetos
863 5422 985 5468 uocatur.
1036 5408 1273 5480 chrisopraanstht
1286 5405 1463 5477 reperiuntur,
1474 5404 1675 5460 cinnamomum
1687 5403 1828 5459 illicoolii-

202 5503 429 5576 limcsub'iripoli
438 5507 479 5560 est
488 5514 584 5576 patens
595 5519 722 5576 passuum
732 5502 985 5559 ducentamiliiarcl
1036 5503 1118 5572 gitur.
1127 5501 1191 5557 liure
1202 5509 1265 5557 sunt
1274 5495 1587 5565 autcmAEthiopiae,una
1598 5495 1670 5550 cirea
1681 5504 1828 5550 ortumso-

201 5595 326 5666 anplius,
342 5594 454 5651 iucunda
476 5596 558 5662 oleis,
573 5604 601 5650 et
614 5595 699 5667 glebis
716 5595 753 5650 ita
769 5593 942 5665 praepinguis,
957 5601 987 5649 ut
1036 5590 1080 5656 lis,
1095 5589 1257 5646 alteracirca
1269 5602 1394 5645 oceasum
1402 5586 1428 5641 in
1436 5584 1606 5652 Mauritania.
1618 5583 1701 5638 Extra
1710 5589 1765 5636 tres
1775 5598 1829 5636 au-

198 5684 270 5755 iccta
285 5685 320 5742 ibi
337 5686 437 5741 semim
460 5685 625 5742 incremento
649 5701 716 5756 pene
736 5685 881 5742 centesimo
902 5682 986 5754 frugis
1038 5694 1090 5740 tcm
1108 5692 1198 5754 [turries
1209 5683 1283 5740 orbis
1297 5689 1392 5751 quincta
1405 5694 1467 5749 pars
1479 5688 1553 5732 trans
1565 5677 1701 5733 Oceanum
1714 5674 1827 5729 interior
