<?xml version="1.0" encoding="UTF-8"?>
<!DOCTYPE html PUBLIC "-//W3C//DTD XHTML 1.0 Transitional//EN"
    "http://www.w3.org/TR/xhtml1/DTD/xhtml1-transitional.dtd">
<html xmlns="http://www.w3.org/1999/xhtml" xml:lang="en" lang="en">
 <head>
  <title>
</title>
<meta http-equiv="Content-Type" content="text/html;charset=utf-8" />
  <meta name='ocr-system' content='tesseract 3.04.00' />
  <meta name='ocr-capabilities' content='ocr_page ocr_carea ocr_par ocr_line ocrx_word'/>
</head>
<body>
  <div class='ocr_page' id='page_1' title='image "./lta-11000/patrologiaecurs164unkngoog/patrologiaecurs164unkngoog_0214.png"; bbox 0 0 4042 6200; ppageno 0'>
   <div class='ocr_carea' id='block_1_1' title="bbox 208 300 1845 392">
    <p class='ocr_par' dir='ltr' id='par_1_1' title="bbox 208 300 1845 392">
     <span class='ocr_line' id='line_1_1' title="bbox 208 300 1845 392; baseline -0.021 0"><span class='ocrx_word' id='word_1_1' title='bbox 208 334 262 392; x_wconf 64' lang='lat' dir='ltr'><strong>lli</strong></span> <span class='ocrx_word' id='word_1_2' title='bbox 527 326 559 382; x_wconf 87' lang='lat' dir='ltr'><strong>B.</strong></span> <span class='ocrx_word' id='word_1_3' title='bbox 578 322 707 380; x_wconf 73' lang='lat' dir='ltr'><strong>RAth&#39;l</strong></span> <span class='ocrx_word' id='word_1_4' title='bbox 725 318 837 378; x_wconf 77' lang='lat' dir='ltr'><strong>haunt</strong></span> <span class='ocrx_word' id='word_1_5' title='bbox 854 313 1015 373; x_wconf 79' lang='lat' dir='ltr'><strong>thlllEP.</strong></span> <span class='ocrx_word' id='word_1_6' title='bbox 1036 308 1191 369; x_wconf 69' lang='lat' dir='ltr'><strong>nonulli.</strong></span> <span class='ocrx_word' id='word_1_7' title='bbox 1211 307 1355 367; x_wconf 73' lang='lat' dir='ltr'><strong>OPERUM</strong></span> <span class='ocrx_word' id='word_1_8' title='bbox 1372 307 1463 364; x_wconf 75' lang='lat' dir='ltr'>PARS</span> <span class='ocrx_word' id='word_1_9' title='bbox 1481 306 1513 363; x_wconf 90' lang='lat' dir='ltr'><strong>lt.</strong></span> <span class='ocrx_word' id='word_1_10' title='bbox 1788 300 1845 358; x_wconf 77' lang='lat' dir='ltr'><strong>tue</strong></span> 
     </span>
    </p>
   </div>
   <div class='ocr_carea' id='block_1_2' title="bbox 207 415 1853 974">
    <p class='ocr_par' dir='ltr' id='par_1_2' title="bbox 207 415 1853 974">
     <span class='ocr_line' id='line_1_2' title="bbox 207 415 1848 521; baseline -0.021 -17"><span class='ocrx_word' id='word_1_11' title='bbox 207 464 268 504; x_wconf 89' lang='lat' dir='ltr'><strong>snm</strong></span> <span class='ocrx_word' id='word_1_12' title='bbox 284 443 420 517; x_wconf 85' lang='lat' dir='ltr'><strong>sapientes</strong></span> <span class='ocrx_word' id='word_1_13' title='bbox 429 440 556 497; x_wconf 82' lang='lat' dir='ltr'><strong>dicuntur</strong></span> <span class='ocrx_word' id='word_1_14' title='bbox 566 434 728 509; x_wconf 77' lang='lat' dir='ltr'><strong>philosophi,</strong></span> <span class='ocrx_word' id='word_1_15' title='bbox 741 431 827 487; x_wconf 72' lang='lat' dir='ltr'><strong>ludaei</strong></span> <span class='ocrx_word' id='word_1_16' title='bbox 842 431 900 485; x_wconf 83' lang='lat' dir='ltr'><strong>sire</strong></span> <span class='ocrx_word' id='word_1_17' title='bbox 913 428 999 482; x_wconf 76' lang='lat' dir='ltr'><strong>hare·</strong></span> <span class='ocrx_word' id='word_1_18' title='bbox 1013 429 1038 489; x_wconf 72' lang='grc' dir='ltr'><strong>Α</strong></span> <span class='ocrx_word' id='word_1_19' title='bbox 1051 440 1104 479; x_wconf 91' lang='lat' dir='ltr'><strong>uon</strong></span> <span class='ocrx_word' id='word_1_20' title='bbox 1116 424 1144 479; x_wconf 92' lang='lat' dir='ltr'><strong>iu</strong></span> <span class='ocrx_word' id='word_1_21' title='bbox 1155 425 1208 479; x_wconf 88' lang='lat' dir='ltr'><strong>hoc</strong></span> <span class='ocrx_word' id='word_1_22' title='bbox 1220 423 1418 492; x_wconf 76' lang='lat' dir='ltr'><strong>interloquente</strong></span> <span class='ocrx_word' id='word_1_23' title='bbox 1432 416 1575 490; x_wconf 77' lang='lat' dir='ltr'><strong>scriptore)</strong></span> <span class='ocrx_word' id='word_1_24' title='bbox 1599 415 1746 521; x_wconf 76' lang='lat' dir='ltr'><strong>manifeste</strong></span> <span class='ocrx_word' id='word_1_25' title='bbox 1765 430 1848 486; x_wconf 86' lang='lat' dir='ltr'><strong>repc-</strong></span> 
     </span>
     <span class='ocr_line' id='line_1_3' title="bbox 210 510 1848 614; baseline -0.021 -17"><span class='ocrx_word' id='word_1_26' title='bbox 210 539 314 600; x_wconf 72' lang='lat' dir='ltr'><strong>liuida</strong></span> <span class='ocrx_word' id='word_1_27' title='bbox 328 537 426 607; x_wconf 87' lang='lat' dir='ltr'><strong>quihus</strong></span> <span class='ocrx_word' id='word_1_28' title='bbox 449 530 595 602; x_wconf 74' lang='lat' dir='ltr'><strong>Apostolus</strong></span> <span class='ocrx_word' id='word_1_29' title='bbox 614 529 675 582; x_wconf 84' lang='lat' dir='ltr'><strong>ait:</strong></span> <span class='ocrx_word' id='word_1_30' title='bbox 694 522 893 579; x_wconf 85' lang='lat' dir='ltr'><strong>Dicentetem&#39;m</strong></span> <span class='ocrx_word' id='word_1_31' title='bbox 907 532 1001 573; x_wconf 73' lang='lat' dir='ltr'><strong>messe</strong></span> <span class='ocrx_word' id='word_1_32' title='bbox 1053 516 1132 570; x_wconf 87' lang='lat' dir='ltr'><strong>ritur.</strong></span> <span class='ocrx_word' id='word_1_33' title='bbox 1154 513 1362 585; x_wconf 80' lang='lat' dir='ltr'><strong>Eregcmaticon</strong></span> <span class='ocrx_word' id='word_1_34' title='bbox 1386 521 1429 567; x_wconf 89' lang='lat' dir='ltr'><strong>est</strong></span> <span class='ocrx_word' id='word_1_35' title='bbox 1446 510 1489 614; x_wconf 76' lang='lat' dir='ltr'><strong>rel</strong></span> <span class='ocrx_word' id='word_1_36' title='bbox 1513 518 1720 613; x_wconf 78' lang='lat' dir='ltr'><strong>enarrativum,</strong></span> <span class='ocrx_word' id='word_1_37' title='bbox 1739 523 1767 562; x_wconf 91' lang='lat' dir='ltr'><strong>m</strong></span> <span class='ocrx_word' id='word_1_38' title='bbox 1791 523 1848 571; x_wconf 69' lang='lat' dir='ltr'><strong>tarro</strong></span> 
     </span>
     <span class='ocr_line' id='line_1_4' title="bbox 209 602 1850 704; baseline -0.015 -27"><span class='ocrx_word' id='word_1_39' title='bbox 209 632 350 702; x_wconf 56' lang='lat' dir='ltr'><strong>gamenare,</strong></span> <span class='ocrx_word' id='word_1_40' title='bbox 370 625 445 682; x_wconf 77' lang='lat' dir='ltr'><strong>stulti</strong></span> <span class='ocrx_word' id='word_1_41' title='bbox 468 624 532 694; x_wconf 73' lang='lat' dir='ltr'><strong>{acti</strong></span> <span class='ocrx_word' id='word_1_42' title='bbox 546 630 607 676; x_wconf 84' lang='lat' dir='ltr'><strong>runt</strong></span> <span class='ocrx_word' id='word_1_43' title='bbox 622 617 712 691; x_wconf 81' lang='lat' dir='ltr'><strong>(Rom.</strong></span> <span class='ocrx_word' id='word_1_44' title='bbox 729 616 761 688; x_wconf 89' lang='lat' dir='ltr'><strong>r).</strong></span> <span class='ocrx_word' id='word_1_45' title='bbox 779 613 860 670; x_wconf 89' lang='lat' dir='ltr'><strong>Stulti</strong></span> <span class='ocrx_word' id='word_1_46' title='bbox 876 624 940 680; x_wconf 90' lang='lat' dir='ltr'><strong>ergo</strong></span> <span class='ocrx_word' id='word_1_47' title='bbox 959 623 1002 664; x_wconf 91' lang='lat' dir='ltr'><strong>se·</strong></span> <span class='ocrx_word' id='word_1_48' title='bbox 1051 612 1131 675; x_wconf 90' lang='lat' dir='ltr'><strong>poeta</strong></span> <span class='ocrx_word' id='word_1_49' title='bbox 1146 603 1205 673; x_wconf 89' lang='lat' dir='ltr'><strong>ipse</strong></span> <span class='ocrx_word' id='word_1_50' title='bbox 1219 602 1340 673; x_wconf 91' lang='lat' dir='ltr'><strong>loquitur</strong></span> <span class='ocrx_word' id='word_1_51' title='bbox 1354 603 1414 657; x_wconf 87' lang='lat' dir='ltr'><strong>sine</strong></span> <span class='ocrx_word' id='word_1_52' title='bbox 1427 602 1509 656; x_wconf 94' lang='lat' dir='ltr'><strong>ullms</strong></span> <span class='ocrx_word' id='word_1_53' title='bbox 1533 607 1739 704; x_wconf 73' lang='lat' dir='ltr'><strong>interpositione</strong></span> <span class='ocrx_word' id='word_1_54' title='bbox 1753 612 1850 703; x_wconf 77' lang='lat' dir='ltr'><strong>perso-</strong></span> 
     </span>
     <span class='ocr_line' id='line_1_5' title="bbox 211 692 1850 795; baseline -0.021 -16"><span class='ocrx_word' id='word_1_55' title='bbox 211 724 327 779; x_wconf 91' lang='lat' dir='ltr'><strong>cnndnm</strong></span> <span class='ocrx_word' id='word_1_56' title='bbox 345 717 472 774; x_wconf 80' lang='lat' dir='ltr'><strong>saeelum</strong></span> <span class='ocrx_word' id='word_1_57' title='bbox 494 723 557 769; x_wconf 92' lang='lat' dir='ltr'><strong>sunt</strong></span> <span class='ocrx_word' id='word_1_58' title='bbox 569 710 667 768; x_wconf 88' lang='lat' dir='ltr'><strong>sancti.</strong></span> <span class='ocrx_word' id='word_1_59' title='bbox 683 709 758 764; x_wconf 84' lang='lat' dir='ltr'>Unde</span> <span class='ocrx_word' id='word_1_60' title='bbox 778 702 922 776; x_wconf 73' lang='lat' dir='ltr'><strong>Apostolus</strong></span> <span class='ocrx_word' id='word_1_61' title='bbox 941 702 1001 756; x_wconf 89' lang='lat' dir='ltr'><strong>ait:</strong></span> <span class='ocrx_word' id='word_1_62' title='bbox 1053 711 1104 760; x_wconf 79' lang='lat' dir='ltr'><strong>aa,</strong></span> <span class='ocrx_word' id='word_1_63' title='bbox 1123 704 1154 751; x_wconf 94' lang='lat' dir='ltr'><strong>ut</strong></span> <span class='ocrx_word' id='word_1_64' title='bbox 1174 695 1203 751; x_wconf 82' lang='lat' dir='ltr'><strong>se</strong></span> <span class='ocrx_word' id='word_1_65' title='bbox 1219 694 1320 749; x_wconf 89' lang='lat' dir='ltr'><strong>habent</strong></span> <span class='ocrx_word' id='word_1_66' title='bbox 1335 702 1391 751; x_wconf 89' lang='lat' dir='ltr'><strong>tres</strong></span> <span class='ocrx_word' id='word_1_67' title='bbox 1403 693 1464 749; x_wconf 82' lang='lat' dir='ltr'>libri</span> <span class='ocrx_word' id='word_1_68' title='bbox 1482 692 1607 764; x_wconf 83' lang='lat' dir='ltr'><strong>Georgicr</strong></span> <span class='ocrx_word' id='word_1_69' title='bbox 1632 700 1693 795; x_wconf 71' lang='lat' dir='ltr'><strong>ton,</strong></span> <span class='ocrx_word' id='word_1_70' title='bbox 1708 701 1744 795; x_wconf 69' lang='lat' dir='ltr'><strong>et⁸</strong></span> <span class='ocrx_word' id='word_1_71' title='bbox 1757 705 1850 795; x_wconf 68' lang='lat' dir='ltr'><strong>pmrrra</strong></span> 
     </span>
     <span class='ocr_line' id='line_1_6' title="bbox 213 782 1848 874; baseline -0.019 -6"><span class='ocrx_word' id='word_1_72' title='bbox 213 813 302 869; x_wconf 84' lang='lat' dir='ltr'><strong>Stulte</strong></span> <span class='ocrx_word' id='word_1_73' title='bbox 326 809 417 865; x_wconf 83' lang='lat' dir='ltr'><strong>mundi</strong></span> <span class='ocrx_word' id='word_1_74' title='bbox 440 817 464 861; x_wconf 81' lang='lat' dir='ltr'><strong>et</strong></span> <span class='ocrx_word' id='word_1_75' title='bbox 492 805 599 874; x_wconf 74' lang='lat' dir='ltr'><strong>infirme</strong></span> <span class='ocrx_word' id='word_1_76' title='bbox 622 800 698 871; x_wconf 81' lang='lat' dir='ltr'><strong>clepit</strong></span> <span class='ocrx_word' id='word_1_77' title='bbox 716 798 787 852; x_wconf 80' lang='lat' dir='ltr'><strong>liena</strong></span> <span class='ocrx_word' id='word_1_78' title='bbox 798 838 805 861; x_wconf 95' lang='lat'><strong>,</strong></span> <span class='ocrx_word' id='word_1_79' title='bbox 818 806 845 849; x_wconf 86' lang='lat' dir='ltr'><strong>nt</strong></span> <span class='ocrx_word' id='word_1_80' title='bbox 859 790 1003 861; x_wconf 70' lang='lat' dir='ltr'><strong>confundat</strong></span> <span class='ocrx_word' id='word_1_81' title='bbox 1052 802 1116 857; x_wconf 92' lang='lat' dir='ltr'><strong>pars</strong></span> <span class='ocrx_word' id='word_1_82' title='bbox 1129 786 1230 856; x_wconf 88' lang='lat' dir='ltr'><strong>quarti.</strong></span> <span class='ocrx_word' id='word_1_83' title='bbox 1247 785 1315 840; x_wconf 91' lang='lat' dir='ltr'><strong>ltem</strong></span> <span class='ocrx_word' id='word_1_84' title='bbox 1330 785 1449 841; x_wconf 85' lang='lat' dir='ltr'><strong>Lucretii</strong></span> <span class='ocrx_word' id='word_1_85' title='bbox 1462 785 1582 840; x_wconf 88' lang='lat' dir='ltr'><strong>carmina</strong></span> <span class='ocrx_word' id='word_1_86' title='bbox 1595 824 1603 849; x_wconf 94' lang='lat'>‚</span> <span class='ocrx_word' id='word_1_87' title='bbox 1617 793 1646 839; x_wconf 91' lang='lat' dir='ltr'><strong>et</strong></span> <span class='ocrx_word' id='word_1_88' title='bbox 1660 785 1703 838; x_wconf 90' lang='lat' dir='ltr'><strong>hts</strong></span> <span class='ocrx_word' id='word_1_89' title='bbox 1723 782 1822 838; x_wconf 87' lang='lat' dir='ltr'><strong>srmrha</strong></span> <span class='ocrx_word' id='word_1_90' title='bbox 1838 798 1848 837; x_wconf 72' lang='grc' dir='ltr'><strong>ε</strong></span> 
     </span>
     <span class='ocr_line' id='line_1_7' title="bbox 213 875 1853 974; baseline -0.015 -20"><span class='ocrx_word' id='word_1_91' title='bbox 213 904 291 974; x_wconf 76' lang='lat' dir='ltr'><strong>[arrio</strong></span> <span class='ocrx_word' id='word_1_92' title='bbox 318 900 344 973; x_wconf 79' lang='lat' dir='ltr'><strong>(l</strong></span> <span class='ocrx_word' id='word_1_93' title='bbox 371 898 432 953; x_wconf 88' lang='lat' dir='ltr'><strong>Cor.</strong></span> <span class='ocrx_word' id='word_1_94' title='bbox 454 901 496 969; x_wconf 87' lang='lat' dir='ltr'><strong>r).</strong></span> <span class='ocrx_word' id='word_1_95' title='bbox 523 893 667 962; x_wconf 84' lang='lat' dir='ltr'><strong>Sapientes</strong></span> <span class='ocrx_word' id='word_1_96' title='bbox 688 898 779 942; x_wconf 88' lang='lat' dir='ltr'><strong>autern</strong></span> <span class='ocrx_word' id='word_1_97' title='bbox 804 881 884 952; x_wconf 86' lang='lat' dir='ltr'><strong>hujus</strong></span> <span class='ocrx_word' id='word_1_98' title='bbox 911 879 1003 935; x_wconf 83' lang='lat' dir='ltr'><strong>nrtrrtdi</strong></span> <span class='ocrx_word' id='word_1_99' title='bbox 1053 893 1108 948; x_wconf 93' lang='lat' dir='ltr'><strong>quo</strong></span> <span class='ocrx_word' id='word_1_100' title='bbox 1122 892 1221 950; x_wconf 90' lang='lat' dir='ltr'><strong>genere</strong></span> <span class='ocrx_word' id='word_1_101' title='bbox 1236 877 1307 948; x_wconf 86' lang='lat' dir='ltr'><strong>apud</strong></span> <span class='ocrx_word' id='word_1_102' title='bbox 1322 892 1373 932; x_wconf 92' lang='lat' dir='ltr'><strong>nos</strong></span> <span class='ocrx_word' id='word_1_103' title='bbox 1385 879 1493 947; x_wconf 83' lang='lat' dir='ltr'><strong>scriptae</strong></span> <span class='ocrx_word' id='word_1_104' title='bbox 1507 886 1569 932; x_wconf 90' lang='lat' dir='ltr'><strong>sunt</strong></span> <span class='ocrx_word' id='word_1_105' title='bbox 1581 876 1735 947; x_wconf 76' lang='lat' dir='ltr'><strong>parabolae,</strong></span> <span class='ocrx_word' id='word_1_106' title='bbox 1751 884 1779 930; x_wconf 89' lang='lat' dir='ltr'><strong>et</strong></span> <span class='ocrx_word' id='word_1_107' title='bbox 1799 875 1853 930; x_wconf 84' lang='lat' dir='ltr'><strong>Ec·</strong></span> 
     </span>
    </p>
   </div>
   <div class='ocr_carea' id='block_1_3' title="bbox 213 965 1855 1664">
    <p class='ocr_par' dir='ltr' id='par_1_3' title="bbox 213 965 1855 1664">
     <span class='ocr_line' id='line_1_8' title="bbox 213 965 1853 1058; baseline -0.016 -10"><span class='ocrx_word' id='word_1_108' title='bbox 213 993 287 1049; x_wconf 89' lang='lat' dir='ltr'><strong>stulti</strong></span> <span class='ocrx_word' id='word_1_109' title='bbox 304 998 367 1046; x_wconf 91' lang='lat' dir='ltr'><strong>sunt</strong></span> <span class='ocrx_word' id='word_1_110' title='bbox 382 989 452 1058; x_wconf 91' lang='lat' dir='ltr'><strong>apud</strong></span> <span class='ocrx_word' id='word_1_111' title='bbox 470 987 564 1041; x_wconf 85' lang='lat' dir='ltr'><strong>Deum.</strong></span> <span class='ocrx_word' id='word_1_112' title='bbox 581 981 658 1039; x_wconf 88' lang='lat' dir='ltr'><strong>lltrde</strong></span> <span class='ocrx_word' id='word_1_113' title='bbox 683 980 709 1033; x_wconf 92' lang='lat' dir='ltr'><strong>in</strong></span> <span class='ocrx_word' id='word_1_114' title='bbox 739 975 846 1031; x_wconf 79' lang='lat' dir='ltr'><strong>Psalmo</strong></span> <span class='ocrx_word' id='word_1_115' title='bbox 872 971 1003 1040; x_wconf 85' lang='lat' dir='ltr'><strong>seriptum</strong></span> <span class='ocrx_word' id='word_1_116' title='bbox 1054 965 1194 1021; x_wconf 88' lang='lat' dir='ltr'><strong>clesiastes</strong></span> <span class='ocrx_word' id='word_1_117' title='bbox 1208 979 1217 1021; x_wconf 74' lang='lat' dir='ltr'><strong>a</strong></span> <span class='ocrx_word' id='word_1_118' title='bbox 1229 982 1291 1036; x_wconf 82' lang='lat' dir='ltr'><strong>qnae</strong></span> <span class='ocrx_word' id='word_1_119' title='bbox 1305 982 1355 1022; x_wconf 90' lang='lat' dir='ltr'><strong>sua</strong></span> <span class='ocrx_word' id='word_1_120' title='bbox 1370 966 1472 1038; x_wconf 85' lang='lat' dir='ltr'><strong>lingna,</strong></span> <span class='ocrx_word' id='word_1_121' title='bbox 1487 966 1557 1022; x_wconf 89' lang='lat' dir='ltr'><strong>sient</strong></span> <span class='ocrx_word' id='word_1_122' title='bbox 1567 975 1595 1021; x_wconf 91' lang='lat' dir='ltr'><strong>et</strong></span> <span class='ocrx_word' id='word_1_123' title='bbox 1605 965 1778 1031; x_wconf 86' lang='lat' dir='ltr'><strong>Psalterium,</strong></span> <span class='ocrx_word' id='word_1_124' title='bbox 1790 982 1853 1021; x_wconf 89' lang='lat' dir='ltr'><strong>mc·</strong></span> 
     </span>
     <span class='ocr_line' id='line_1_9' title="bbox 1056 1057 1853 1129; baseline -0.003 -17"><span class='ocrx_word' id='word_1_125' title='bbox 1056 1067 1099 1113; x_wconf 93' lang='lat' dir='ltr'><strong>tro</strong></span> <span class='ocrx_word' id='word_1_126' title='bbox 1111 1067 1218 1114; x_wconf 74' lang='lat' dir='ltr'><strong>consmt</strong></span> <span class='ocrx_word' id='word_1_127' title='bbox 1232 1074 1296 1115; x_wconf 87' lang='lat' dir='ltr'><strong>csse</strong></span> <span class='ocrx_word' id='word_1_128' title='bbox 1311 1060 1477 1129; x_wconf 83' lang='lat' dir='ltr'><strong>conscripta.</strong></span> <span class='ocrx_word' id='word_1_129' title='bbox 1491 1057 1595 1115; x_wconf 88' lang='lat' dir='ltr'><strong>Coenon</strong></span> <span class='ocrx_word' id='word_1_130' title='bbox 1612 1057 1654 1113; x_wconf 90' lang='lat' dir='ltr'><strong>rel</strong></span> <span class='ocrx_word' id='word_1_131' title='bbox 1669 1058 1769 1115; x_wconf 89' lang='lat' dir='ltr'><strong>mictua</strong></span> <span class='ocrx_word' id='word_1_132' title='bbox 1784 1067 1827 1111; x_wconf 84' lang='lat' dir='ltr'><strong>est</strong></span> <span class='ocrx_word' id='word_1_133' title='bbox 1844 1097 1853 1120; x_wconf 95' lang='lat'><strong>,</strong></span> 
     </span>
     <span class='ocr_line' id='line_1_10' title="bbox 1056 1148 1854 1222; baseline -0.004 -18"><span class='ocrx_word' id='word_1_134' title='bbox 1056 1151 1084 1204; x_wconf 89' lang='lat' dir='ltr'><strong>in</strong></span> <span class='ocrx_word' id='word_1_135' title='bbox 1098 1166 1152 1220; x_wconf 91' lang='lat' dir='ltr'><strong>quo</strong></span> <span class='ocrx_word' id='word_1_136' title='bbox 1174 1158 1253 1221; x_wconf 87' lang='lat' dir='ltr'><strong>poeta</strong></span> <span class='ocrx_word' id='word_1_137' title='bbox 1278 1151 1337 1222; x_wconf 88' lang='lat' dir='ltr'><strong>ipse</strong></span> <span class='ocrx_word' id='word_1_138' title='bbox 1359 1149 1493 1220; x_wconf 91' lang='lat' dir='ltr'><strong>loquitur,</strong></span> <span class='ocrx_word' id='word_1_139' title='bbox 1518 1158 1545 1204; x_wconf 85' lang='lat' dir='ltr'><strong>et</strong></span> <span class='ocrx_word' id='word_1_140' title='bbox 1564 1164 1688 1220; x_wconf 84' lang='lat' dir='ltr'><strong>personae</strong></span> <span class='ocrx_word' id='word_1_141' title='bbox 1708 1148 1854 1218; x_wconf 84' lang='lat' dir='ltr'><strong>loquentes</strong></span> 
     </span>
     <span class='ocr_line' id='line_1_11' title="bbox 1057 1237 1854 1312; baseline -0.004 -17"><span class='ocrx_word' id='word_1_142' title='bbox 1057 1241 1282 1306; x_wconf 88' lang='lat' dir='ltr'><strong>introducuntur,</strong></span> <span class='ocrx_word' id='word_1_143' title='bbox 1303 1249 1332 1296; x_wconf 90' lang='lat' dir='ltr'><strong>ut</strong></span> <span class='ocrx_word' id='word_1_144' title='bbox 1344 1248 1407 1296; x_wconf 92' lang='lat' dir='ltr'><strong>sunt</strong></span> <span class='ocrx_word' id='word_1_145' title='bbox 1422 1241 1523 1312; x_wconf 86' lang='lat' dir='ltr'><strong>scripta</strong></span> <span class='ocrx_word' id='word_1_146' title='bbox 1543 1240 1606 1294; x_wconf 89' lang='lat' dir='ltr'><strong>llias</strong></span> <span class='ocrx_word' id='word_1_147' title='bbox 1620 1246 1647 1293; x_wconf 88' lang='lat' dir='ltr'><strong>et</strong></span> <span class='ocrx_word' id='word_1_148' title='bbox 1659 1238 1779 1309; x_wconf 82' lang='lat' dir='ltr'><strong>Odyssea</strong></span> <span class='ocrx_word' id='word_1_149' title='bbox 1794 1237 1854 1292; x_wconf 91' lang='lat' dir='ltr'><strong>llo·</strong></span> 
     </span>
     <span class='ocr_line' id='line_1_12' title="bbox 1057 1332 1854 1405; baseline -0.004 -18"><span class='ocrx_word' id='word_1_150' title='bbox 1057 1333 1126 1388; x_wconf 90' lang='lat' dir='ltr'><strong>meri</strong></span> <span class='ocrx_word' id='word_1_151' title='bbox 1142 1342 1170 1388; x_wconf 94' lang='lat' dir='ltr'><strong>et</strong></span> <span class='ocrx_word' id='word_1_152' title='bbox 1182 1332 1314 1389; x_wconf 80' lang='lat' dir='ltr'><strong>AEneidcs</strong></span> <span class='ocrx_word' id='word_1_153' title='bbox 1330 1333 1445 1405; x_wconf 79' lang='lat' dir='ltr'><strong>Virgilii,</strong></span> <span class='ocrx_word' id='word_1_154' title='bbox 1461 1342 1489 1389; x_wconf 89' lang='lat' dir='ltr'><strong>et</strong></span> <span class='ocrx_word' id='word_1_155' title='bbox 1500 1334 1571 1403; x_wconf 86' lang='lat' dir='ltr'><strong>apud</strong></span> <span class='ocrx_word' id='word_1_156' title='bbox 1585 1348 1635 1388; x_wconf 92' lang='lat' dir='ltr'><strong>nos</strong></span> <span class='ocrx_word' id='word_1_157' title='bbox 1649 1333 1763 1388; x_wconf 88' lang='lat' dir='ltr'><strong>historia</strong></span> <span class='ocrx_word' id='word_1_158' title='bbox 1779 1333 1854 1387; x_wconf 84' lang='lat' dir='ltr'><strong>beati</strong></span> 
     </span>
     <span class='ocr_line' id='line_1_13' title="bbox 1057 1420 1854 1494; baseline 0.003 -19"><span class='ocrx_word' id='word_1_159' title='bbox 1057 1420 1108 1477; x_wconf 82' lang='lat' dir='ltr'><strong>lob</strong></span> <span class='ocrx_word' id='word_1_160' title='bbox 1121 1437 1129 1475; x_wconf 79' lang='lat' dir='ltr'><strong>a</strong></span> <span class='ocrx_word' id='word_1_161' title='bbox 1143 1423 1268 1493; x_wconf 91' lang='lat' dir='ltr'><strong>quamvis</strong></span> <span class='ocrx_word' id='word_1_162' title='bbox 1284 1423 1342 1478; x_wconf 78' lang='lat' dir='ltr'><strong>haec</strong></span> <span class='ocrx_word' id='word_1_163' title='bbox 1357 1423 1384 1476; x_wconf 91' lang='lat' dir='ltr'><strong>in</strong></span> <span class='ocrx_word' id='word_1_164' title='bbox 1397 1438 1445 1477; x_wconf 87' lang='lat' dir='ltr'><strong>sua</strong></span> <span class='ocrx_word' id='word_1_165' title='bbox 1465 1422 1556 1493; x_wconf 85' lang='lat' dir='ltr'><strong>lingua</strong></span> <span class='ocrx_word' id='word_1_166' title='bbox 1584 1438 1638 1477; x_wconf 90' lang='lat' dir='ltr'><strong>nun</strong></span> <span class='ocrx_word' id='word_1_167' title='bbox 1663 1431 1718 1477; x_wconf 90' lang='lat' dir='ltr'><strong>tuta</strong></span> <span class='ocrx_word' id='word_1_168' title='bbox 1734 1422 1854 1494; x_wconf 86' lang='lat' dir='ltr'><strong>poetica.</strong></span> 
     </span>
     <span class='ocr_line' id='line_1_14' title="bbox 1058 1515 1855 1588; baseline 0.001 -17"><span class='ocrx_word' id='word_1_169' title='bbox 1058 1516 1105 1571; x_wconf 88' lang='lat' dir='ltr'><strong>sed</strong></span> <span class='ocrx_word' id='word_1_170' title='bbox 1124 1516 1224 1586; x_wconf 90' lang='lat' dir='ltr'><strong>partim</strong></span> <span class='ocrx_word' id='word_1_171' title='bbox 1240 1516 1276 1571; x_wconf 92' lang='lat' dir='ltr'><strong>sit</strong></span> <span class='ocrx_word' id='word_1_172' title='bbox 1297 1516 1411 1572; x_wconf 89' lang='lat' dir='ltr'><strong>metrico</strong></span> <span class='ocrx_word' id='word_1_173' title='bbox 1437 1515 1479 1571; x_wconf 84' lang='lat' dir='ltr'><strong>rel</strong></span> <span class='ocrx_word' id='word_1_174' title='bbox 1506 1516 1642 1587; x_wconf 80' lang='lat' dir='ltr'><strong>rythmico</strong></span> <span class='ocrx_word' id='word_1_175' title='bbox 1667 1519 1769 1588; x_wconf 87' lang='lat' dir='ltr'><strong>scripta</strong></span> <span class='ocrx_word' id='word_1_176' title='bbox 1793 1534 1855 1572; x_wconf 86' lang='lat' dir='ltr'><strong>ser-</strong></span> 
     </span>
     <span class='ocr_line' id='line_1_15' title="bbox 1058 1622 1149 1664; baseline -0.022 -2"><span class='ocrx_word' id='word_1_177' title='bbox 1058 1622 1149 1664; x_wconf 88' lang='lat' dir='ltr'><strong>moue.</strong></span> 
     </span>
    </p>
   </div>
   <div class='ocr_carea' id='block_1_4' title="bbox 213 1057 1003 1146">
    <p class='ocr_par' dir='ltr' id='par_1_4' title="bbox 213 1057 1003 1146">
     <span class='ocr_line' id='line_1_16' title="bbox 213 1057 1003 1146; baseline -0.035 -8"><span class='ocrx_word' id='word_1_178' title='bbox 213 1092 255 1138; x_wconf 82' lang='lat' dir='ltr'><strong>est</strong></span> <span class='ocrx_word' id='word_1_179' title='bbox 270 1101 276 1135; x_wconf 77' lang='grc' dir='ltr'>ι</span> <span class='ocrx_word' id='word_1_180' title='bbox 294 1077 378 1136; x_wconf 84' lang='lat' dir='ltr'><strong>Sirrtrtl</strong></span> <span class='ocrx_word' id='word_1_181' title='bbox 389 1077 513 1146; x_wconf 83' lang='lat' dir='ltr'><strong>insipient</strong></span> <span class='ocrx_word' id='word_1_182' title='bbox 522 1083 546 1128; x_wconf 88' lang='grc' dir='ltr'><strong>ει</strong></span> <span class='ocrx_word' id='word_1_183' title='bbox 559 1071 654 1127; x_wconf 83' lang='lat' dir='ltr'><strong>stultns</strong></span> <span class='ocrx_word' id='word_1_184' title='bbox 666 1066 785 1140; x_wconf 82' lang='lat' dir='ltr'><strong>peribant</strong></span> <span class='ocrx_word' id='word_1_185' title='bbox 798 1061 886 1135; x_wconf 80' lang='lat' dir='ltr'><strong>(Pani.</strong></span> <span class='ocrx_word' id='word_1_186' title='bbox 897 1057 1003 1129; x_wconf 70' lang='lat' dir='ltr'><strong>suurn).</strong></span> 
     </span>
    </p>
   </div>
   <div class='ocr_carea' id='block_1_5' title="bbox 526 1202 690 1260">
    <p class='ocr_par' dir='ltr' id='par_1_5' title="bbox 526 1202 690 1260">
     <span class='ocr_line' id='line_1_17' title="bbox 526 1202 690 1260; baseline -0.03 0"><span class='ocrx_word' id='word_1_187' title='bbox 526 1203 640 1260; x_wconf 69' lang='lat' dir='ltr'><strong>carui</strong></span> <span class='ocrx_word' id='word_1_188' title='bbox 660 1202 690 1256; x_wconf 93' lang='lat' dir='ltr'><strong>ll.</strong></span> 
     </span>
    </p>
   </div>
   <div class='ocr_carea' id='block_1_6' title="bbox 223 1314 1009 1576">
    <p class='ocr_par' dir='ltr' id='par_1_6' title="bbox 223 1314 1009 1576">
     <span class='ocr_line' id='line_1_18' title="bbox 532 1314 674 1369; baseline -0.021 0"><span class='ocrx_word' id='word_1_189' title='bbox 532 1316 569 1369; x_wconf 84' lang='lat' dir='ltr'><strong>De</strong></span> <span class='ocrx_word' id='word_1_190' title='bbox 600 1314 674 1368; x_wconf 87' lang='lat' dir='ltr'><strong>oetir.</strong></span> 
     </span>
     <span class='ocr_line' id='line_1_19' title="bbox 250 1333 1008 1469; baseline -0.016 -7"><span class='ocrx_word' id='word_1_191' title='bbox 250 1409 340 1462; x_wconf 80' lang='lat' dir='ltr'><strong>Poetae</strong></span> <span class='ocrx_word' id='word_1_192' title='bbox 356 1409 427 1464; x_wconf 93' lang='lat' dir='ltr'><strong>undc</strong></span> <span class='ocrx_word' id='word_1_193' title='bbox 446 1409 500 1464; x_wconf 91' lang='lat' dir='ltr'><strong>sint</strong></span> <span class='ocrx_word' id='word_1_194' title='bbox 522 1333 598 1469; x_wconf 55' lang='lat' dir='ltr'><strong>dicti:</strong></span> <span class='ocrx_word' id='word_1_195' title='bbox 613 1404 654 1459; x_wconf 88' lang='lat' dir='ltr'><strong>sic</strong></span> <span class='ocrx_word' id='word_1_196' title='bbox 676 1403 716 1458; x_wconf 92' lang='lat' dir='ltr'><strong>ait</strong></span> <span class='ocrx_word' id='word_1_197' title='bbox 727 1398 900 1469; x_wconf 83' lang='lat' dir='ltr'><strong>Tranquillus</strong></span> <span class='ocrx_word' id='word_1_198' title='bbox 915 1416 922 1451; x_wconf 77' lang='grc' dir='ltr'>ι</span> <span class='ocrx_word' id='word_1_199' title='bbox 939 1396 1008 1452; x_wconf 86' lang='lat' dir='ltr'><strong>Com</strong></span> 
     </span>
     <span class='ocr_line' id='line_1_20' title="bbox 223 1494 1009 1576; baseline -0.015 -17"><span class='ocrx_word' id='word_1_200' title='bbox 223 1504 340 1576; x_wconf 90' lang='lat' dir='ltr'><strong>primum</strong></span> <span class='ocrx_word' id='word_1_201' title='bbox 353 1503 477 1558; x_wconf 89' lang='lat' dir='ltr'><strong>homines</strong></span> <span class='ocrx_word' id='word_1_202' title='bbox 487 1500 564 1568; x_wconf 85' lang='lat' dir='ltr'><strong>juxta</strong></span> <span class='ocrx_word' id='word_1_203' title='bbox 579 1500 685 1554; x_wconf 88' lang='lat' dir='ltr'><strong>initium</strong></span> <span class='ocrx_word' id='word_1_204' title='bbox 697 1494 915 1560; x_wconf 78' lang='lat' dir='ltr'><strong>christianitatis,</strong></span> <span class='ocrx_word' id='word_1_205' title='bbox 926 1500 1009 1548; x_wconf 79' lang='lat' dir='ltr'><strong>exuta</strong></span> 
     </span>
    </p>
   </div>
   <div class='ocr_carea' id='block_1_7' title="bbox 222 1588 1011 1741">
    <p class='ocr_par' dir='ltr' id='par_1_7' title="bbox 222 1588 1011 1741">
     <span class='ocr_line' id='line_1_21' title="bbox 222 1588 1011 1663; baseline -0.016 -11"><span class='ocrx_word' id='word_1_206' title='bbox 222 1595 343 1663; x_wconf 74' lang='lat' dir='ltr'><strong>feritate,</strong></span> <span class='ocrx_word' id='word_1_207' title='bbox 361 1594 496 1649; x_wconf 86' lang='lat' dir='ltr'><strong>rationem</strong></span> <span class='ocrx_word' id='word_1_208' title='bbox 517 1592 578 1645; x_wconf 78' lang='lat' dir='ltr'><strong>ritae</strong></span> <span class='ocrx_word' id='word_1_209' title='bbox 594 1592 694 1646; x_wconf 88' lang='lat' dir='ltr'><strong>hahere</strong></span> <span class='ocrx_word' id='word_1_210' title='bbox 709 1588 869 1659; x_wconf 79' lang='lat' dir='ltr'><strong>cepissent,</strong></span> <span class='ocrx_word' id='word_1_211' title='bbox 880 1600 963 1654; x_wconf 90' lang='lat' dir='ltr'><strong>seque</strong></span> <span class='ocrx_word' id='word_1_212' title='bbox 980 1598 1011 1639; x_wconf 86' lang='lat' dir='ltr'><strong>ac</strong></span> 
     </span>
     <span class='ocr_line' id='line_1_22' title="bbox 224 1671 1009 1741; baseline -0.013 -10"><span class='ocrx_word' id='word_1_213' title='bbox 224 1676 294 1734; x_wconf 86' lang='lat' dir='ltr'><strong>[leus</strong></span> <span class='ocrx_word' id='word_1_214' title='bbox 311 1693 375 1733; x_wconf 87' lang='lat' dir='ltr'><strong>suos</strong></span> <span class='ocrx_word' id='word_1_215' title='bbox 391 1693 494 1741; x_wconf 85' lang='lat' dir='ltr'><strong>nosse,</strong></span> <span class='ocrx_word' id='word_1_216' title='bbox 517 1676 620 1729; x_wconf 90' lang='lat' dir='ltr'><strong>cultum</strong></span> <span class='ocrx_word' id='word_1_217' title='bbox 637 1671 781 1727; x_wconf 84' lang='lat' dir='ltr'><strong>:erlllitium</strong></span> <span class='ocrx_word' id='word_1_218' title='bbox 802 1685 834 1724; x_wconf 89' lang='lat' dir='ltr'><strong>ac</strong></span> <span class='ocrx_word' id='word_1_219' title='bbox 854 1682 1009 1723; x_wconf 88' lang='lat' dir='ltr'><strong>sermonem</strong></span> 
     </span>
    </p>
   </div>
   <div class='ocr_carea' id='block_1_8' title="bbox 217 1759 1012 3195">
    <p class='ocr_par' dir='ltr' id='par_1_8' title="bbox 217 1759 1012 3195">
     <span class='ocr_line' id='line_1_23' title="bbox 225 1759 1010 1834; baseline -0.018 -9"><span class='ocrx_word' id='word_1_220' title='bbox 225 1768 370 1825; x_wconf 80' lang='lat' dir='ltr'><strong>commenti</strong></span> <span class='ocrx_word' id='word_1_221' title='bbox 383 1767 435 1823; x_wconf 87' lang='lat' dir='ltr'><strong>sihi</strong></span> <span class='ocrx_word' id='word_1_222' title='bbox 447 1766 589 1834; x_wconf 80' lang='lat' dir='ltr'><strong>turiusque</strong></span> <span class='ocrx_word' id='word_1_223' title='bbox 602 1762 799 1818; x_wconf 86' lang='lat' dir='ltr'><strong>necessarium.</strong></span> <span class='ocrx_word' id='word_1_224' title='bbox 808 1762 840 1815; x_wconf 87' lang='lat' dir='ltr'><strong>ad</strong></span> <span class='ocrx_word' id='word_1_225' title='bbox 852 1759 1010 1830; x_wconf 70' lang='lat' dir='ltr'><strong>religionem</strong></span> 
     </span>
     <span class='ocr_line' id='line_1_24' title="bbox 225 1851 1012 1927; baseline -0.014 -12"><span class='ocrx_word' id='word_1_226' title='bbox 225 1868 251 1915; x_wconf 92' lang='lat' dir='ltr'><strong>et</strong></span> <span class='ocrx_word' id='word_1_227' title='bbox 260 1857 488 1927; x_wconf 80' lang='lat' dir='ltr'><strong>rnagnilrcentiam</strong></span> <span class='ocrx_word' id='word_1_228' title='bbox 503 1857 619 1912; x_wconf 81' lang='lat' dir='ltr'><strong>Deorum</strong></span> <span class='ocrx_word' id='word_1_229' title='bbox 631 1855 868 1924; x_wconf 80' lang='lat' dir='ltr'><strong>excogitaverunt.</strong></span> <span class='ocrx_word' id='word_1_230' title='bbox 882 1851 968 1919; x_wconf 89' lang='lat' dir='ltr'><strong>lgitur</strong></span> <span class='ocrx_word' id='word_1_231' title='bbox 981 1858 1012 1906; x_wconf 91' lang='lat' dir='ltr'><strong>ut</strong></span> 
     </span>
     <span class='ocr_line' id='line_1_25' title="bbox 217 1948 1010 2026; baseline -0.015 -12"><span class='ocrx_word' id='word_1_232' title='bbox 217 1956 316 2026; x_wconf 85' lang='lat' dir='ltr'><strong>terrrpla</strong></span> <span class='ocrx_word' id='word_1_233' title='bbox 331 1955 405 2018; x_wconf 89' lang='lat' dir='ltr'><strong>illis,</strong></span> <span class='ocrx_word' id='word_1_234' title='bbox 425 1953 549 2009; x_wconf 78' lang='lat' dir='ltr'><strong>durarihns</strong></span> <span class='ocrx_word' id='word_1_235' title='bbox 562 1952 729 2022; x_wconf 81' lang='lat' dir='ltr'><strong>pulchriora,</strong></span> <span class='ocrx_word' id='word_1_236' title='bbox 741 1959 769 2006; x_wconf 91' lang='lat' dir='ltr'><strong>et</strong></span> <span class='ocrx_word' id='word_1_237' title='bbox 783 1948 928 2006; x_wconf 88' lang='lat' dir='ltr'><strong>simulacra</strong></span> <span class='ocrx_word' id='word_1_238' title='bbox 948 1963 1010 2004; x_wconf 89' lang='lat' dir='ltr'><strong>cor-</strong></span> 
     </span>
     <span class='ocr_line' id='line_1_26' title="bbox 217 2039 1009 2118; baseline -0.011 -15"><span class='ocrx_word' id='word_1_239' title='bbox 217 2048 329 2118; x_wconf 81' lang='lat' dir='ltr'><strong>poribus</strong></span> <span class='ocrx_word' id='word_1_240' title='bbox 340 2045 469 2115; x_wconf 89' lang='lat' dir='ltr'><strong>ampliora</strong></span> <span class='ocrx_word' id='word_1_241' title='bbox 487 2043 624 2098; x_wconf 83' lang='lat' dir='ltr'><strong>iaciebant</strong></span> <span class='ocrx_word' id='word_1_242' title='bbox 642 2060 649 2095; x_wconf 91' lang='lat'><strong>:</strong></span> <span class='ocrx_word' id='word_1_243' title='bbox 665 2043 702 2097; x_wconf 90' lang='lat' dir='ltr'><strong>ita</strong></span> <span class='ocrx_word' id='word_1_244' title='bbox 716 2041 823 2113; x_wconf 91' lang='lat' dir='ltr'><strong>eloquio</strong></span> <span class='ocrx_word' id='word_1_245' title='bbox 835 2041 918 2096; x_wconf 89' lang='lat' dir='ltr'><strong>ctiam</strong></span> <span class='ocrx_word' id='word_1_246' title='bbox 931 2039 1009 2110; x_wconf 91' lang='lat' dir='ltr'><strong>quasi</strong></span> 
     </span>
     <span class='ocr_line' id='line_1_27' title="bbox 218 2135 1008 2212; baseline -0.005 -18"><span class='ocrx_word' id='word_1_247' title='bbox 218 2138 366 2212; x_wconf 79' lang='lat' dir='ltr'><strong>augustiori</strong></span> <span class='ocrx_word' id='word_1_248' title='bbox 393 2138 566 2193; x_wconf 87' lang='lat' dir='ltr'><strong>honorandos</strong></span> <span class='ocrx_word' id='word_1_249' title='bbox 579 2144 709 2207; x_wconf 85' lang='lat' dir='ltr'><strong>putavere</strong></span> <span class='ocrx_word' id='word_1_250' title='bbox 725 2135 894 2207; x_wconf 90' lang='lat' dir='ltr'><strong>:laudesque</strong></span> <span class='ocrx_word' id='word_1_251' title='bbox 915 2152 1008 2191; x_wconf 91' lang='lat' dir='ltr'><strong>eornm</strong></span> 
     </span>
     <span class='ocr_line' id='line_1_28' title="bbox 218 2228 1010 2299; baseline -0.006 -12"><span class='ocrx_word' id='word_1_252' title='bbox 218 2239 247 2287; x_wconf 87' lang='lat' dir='ltr'><strong>et</strong></span> <span class='ocrx_word' id='word_1_253' title='bbox 269 2230 361 2285; x_wconf 87' lang='lat' dir='ltr'><strong>rcrhis</strong></span> <span class='ocrx_word' id='word_1_254' title='bbox 387 2228 578 2284; x_wconf 85' lang='lat' dir='ltr'><strong>illustrioribus</strong></span> <span class='ocrx_word' id='word_1_255' title='bbox 605 2236 633 2284; x_wconf 88' lang='lat' dir='ltr'><strong>el</strong></span> <span class='ocrx_word' id='word_1_256' title='bbox 659 2228 864 2299; x_wconf 84' lang='lat' dir='ltr'><strong>jucundioribus</strong></span> <span class='ocrx_word' id='word_1_257' title='bbox 889 2228 1010 2283; x_wconf 86' lang='lat' dir='ltr'><strong>numeris</strong></span> 
     </span>
     <span class='ocr_line' id='line_1_29' title="bbox 218 2318 1008 2389; baseline -0.003 -14"><span class='ocrx_word' id='word_1_258' title='bbox 218 2321 381 2377; x_wconf 82' lang='lat' dir='ltr'><strong>extulerunt.</strong></span> <span class='ocrx_word' id='word_1_259' title='bbox 407 2319 436 2374; x_wconf 91' lang='lat' dir='ltr'><strong>ld</strong></span> <span class='ocrx_word' id='word_1_260' title='bbox 462 2329 552 2374; x_wconf 89' lang='lat' dir='ltr'><strong>autem</strong></span> <span class='ocrx_word' id='word_1_261' title='bbox 567 2319 631 2389; x_wconf 90' lang='lat' dir='ltr'><strong>qula</strong></span> <span class='ocrx_word' id='word_1_262' title='bbox 646 2318 733 2374; x_wconf 80' lang='lat' dir='ltr'><strong>forma</strong></span> <span class='ocrx_word' id='word_1_263' title='bbox 744 2319 860 2388; x_wconf 89' lang='lat' dir='ltr'><strong>quadam</strong></span> <span class='ocrx_word' id='word_1_264' title='bbox 873 2318 1008 2386; x_wconf 82' lang='lat' dir='ltr'><strong>efficitur,</strong></span> 
     </span>
     <span class='ocr_line' id='line_1_30' title="bbox 219 2409 1010 2482; baseline 0 -16"><span class='ocrx_word' id='word_1_265' title='bbox 219 2426 279 2482; x_wconf 84' lang='lat' dir='ltr'><strong>quae</strong></span> <span class='ocrx_word' id='word_1_266' title='bbox 292 2412 383 2481; x_wconf 91' lang='lat' dir='ltr'><strong>poesis</strong></span> <span class='ocrx_word' id='word_1_267' title='bbox 397 2411 506 2475; x_wconf 92' lang='lat' dir='ltr'><strong>dicitur,</strong></span> <span class='ocrx_word' id='word_1_268' title='bbox 526 2426 623 2481; x_wconf 87' lang='lat' dir='ltr'><strong>poema</strong></span> <span class='ocrx_word' id='word_1_269' title='bbox 646 2411 795 2466; x_wconf 79' lang='lat' dir='ltr'><strong>uocitatum</strong></span> <span class='ocrx_word' id='word_1_270' title='bbox 815 2418 871 2478; x_wconf 90' lang='lat' dir='ltr'><strong>cst,</strong></span> <span class='ocrx_word' id='word_1_271' title='bbox 898 2409 1010 2481; x_wconf 83' lang='lat' dir='ltr'><strong>ejusque</strong></span> 
     </span>
     <span class='ocr_line' id='line_1_31' title="bbox 219 2501 1010 2573; baseline 0.001 -15"><span class='ocrx_word' id='word_1_272' title='bbox 219 2501 340 2558; x_wconf 84' lang='lat' dir='ltr'><strong>iactares</strong></span> <span class='ocrx_word' id='word_1_273' title='bbox 356 2510 451 2572; x_wconf 78' lang='lat' dir='ltr'><strong>poetae.</strong></span> <span class='ocrx_word' id='word_1_274' title='bbox 464 2501 547 2557; x_wconf 82' lang='lat' dir='ltr'><strong>Vates</strong></span> <span class='ocrx_word' id='word_1_275' title='bbox 560 2517 576 2555; x_wconf 86' lang='lat' dir='ltr'><strong>a</strong></span> <span class='ocrx_word' id='word_1_276' title='bbox 592 2501 618 2556; x_wconf 87' lang='lat' dir='ltr'><strong>ri</strong></span> <span class='ocrx_word' id='word_1_277' title='bbox 632 2503 730 2558; x_wconf 90' lang='lat' dir='ltr'><strong>mentis</strong></span> <span class='ocrx_word' id='word_1_278' title='bbox 743 2504 909 2573; x_wconf 88' lang='lat' dir='ltr'><strong>appellatos,</strong></span> <span class='ocrx_word' id='word_1_279' title='bbox 923 2502 1010 2560; x_wconf 80' lang='lat' dir='ltr'><strong>Varro</strong></span> 
     </span>
     <span class='ocr_line' id='line_1_32' title="bbox 220 2592 1011 2661; baseline 0.003 -12"><span class='ocrx_word' id='word_1_280' title='bbox 220 2603 316 2650; x_wconf 81' lang='lat' dir='ltr'><strong>auctor</strong></span> <span class='ocrx_word' id='word_1_281' title='bbox 332 2601 375 2647; x_wconf 89' lang='lat' dir='ltr'><strong>est</strong></span> <span class='ocrx_word' id='word_1_282' title='bbox 390 2610 396 2646; x_wconf 94' lang='lat'><strong>:</strong></span> <span class='ocrx_word' id='word_1_283' title='bbox 410 2592 480 2648; x_wconf 80' lang='lat' dir='ltr'><strong>vela</strong></span> <span class='ocrx_word' id='word_1_284' title='bbox 498 2593 603 2648; x_wconf 80' lang='lat' dir='ltr'><strong>viendis</strong></span> <span class='ocrx_word' id='word_1_285' title='bbox 616 2595 792 2659; x_wconf 85' lang='lat' dir='ltr'><strong>carminibus,</strong></span> <span class='ocrx_word' id='word_1_286' title='bbox 801 2596 827 2650; x_wconf 92' lang='lat' dir='ltr'><strong>id</strong></span> <span class='ocrx_word' id='word_1_287' title='bbox 843 2595 1011 2661; x_wconf 88' lang='lat' dir='ltr'><strong>cst‚lleeten·</strong></span> 
     </span>
     <span class='ocr_line' id='line_1_33' title="bbox 219 2684 1011 2757; baseline 0.005 -17"><span class='ocrx_word' id='word_1_288' title='bbox 219 2685 272 2751; x_wconf 87' lang='lat' dir='ltr'><strong>dis,</strong></span> <span class='ocrx_word' id='word_1_289' title='bbox 290 2685 342 2739; x_wconf 93' lang='lat' dir='ltr'><strong>hoc</strong></span> <span class='ocrx_word' id='word_1_290' title='bbox 356 2693 416 2749; x_wconf 88' lang='lat' dir='ltr'><strong>est,</strong></span> <span class='ocrx_word' id='word_1_291' title='bbox 439 2684 629 2740; x_wconf 83' lang='lat' dir='ltr'><strong>modulandis:</strong></span> <span class='ocrx_word' id='word_1_292' title='bbox 645 2693 672 2741; x_wconf 90' lang='lat' dir='ltr'><strong>et</strong></span> <span class='ocrx_word' id='word_1_293' title='bbox 689 2686 802 2756; x_wconf 89' lang='lat' dir='ltr'><strong>pmiude</strong></span> <span class='ocrx_word' id='word_1_294' title='bbox 814 2696 910 2757; x_wconf 82' lang='lat' dir='ltr'><strong>poetae,</strong></span> <span class='ocrx_word' id='word_1_295' title='bbox 928 2688 1011 2744; x_wconf 87' lang='lat' dir='ltr'><strong>latine</strong></span> 
     </span>
     <span class='ocr_line' id='line_1_34' title="bbox 217 2774 1011 2850; baseline 0.003 -20"><span class='ocrx_word' id='word_1_296' title='bbox 217 2782 293 2831; x_wconf 86' lang='lat' dir='ltr'><strong>vates</strong></span> <span class='ocrx_word' id='word_1_297' title='bbox 304 2774 379 2841; x_wconf 94' lang='lat' dir='ltr'><strong>olim,</strong></span> <span class='ocrx_word' id='word_1_298' title='bbox 387 2783 414 2830; x_wconf 89' lang='lat' dir='ltr'><strong>et</strong></span> <span class='ocrx_word' id='word_1_299' title='bbox 425 2774 524 2845; x_wconf 88' lang='lat' dir='ltr'><strong>scripta</strong></span> <span class='ocrx_word' id='word_1_300' title='bbox 536 2791 630 2831; x_wconf 88' lang='lat' dir='ltr'><strong>eorum</strong></span> <span class='ocrx_word' id='word_1_301' title='bbox 641 2777 767 2831; x_wconf 84' lang='lat' dir='ltr'><strong>vaticinia</strong></span> <span class='ocrx_word' id='word_1_302' title='bbox 777 2777 945 2832; x_wconf 84' lang='lat' dir='ltr'><strong>dicebantur.</strong></span> <span class='ocrx_word' id='word_1_303' title='bbox 957 2777 1011 2850; x_wconf 82' lang='lat' dir='ltr'><strong>Ly-</strong></span> 
     </span>
     <span class='ocr_line' id='line_1_35' title="bbox 218 2866 1007 2940; baseline 0.006 -18"><span class='ocrx_word' id='word_1_304' title='bbox 218 2866 417 2938; x_wconf 83' lang='lat' dir='ltr'><strong>ricipoetaeapo</strong></span> <span class='ocrx_word' id='word_1_305' title='bbox 427 2866 1007 2940; x_wconf 76' lang='lat' dir='ltr'><strong>toulyrein,idest,avarietatecarminutn:</strong></span> 
     </span>
     <span class='ocr_line' id='line_1_36' title="bbox 218 2957 1010 3031; baseline 0.006 -19"><span class='ocrx_word' id='word_1_306' title='bbox 218 2958 290 3013; x_wconf 91' lang='lat' dir='ltr'><strong>unde</strong></span> <span class='ocrx_word' id='word_1_307' title='bbox 306 2967 335 3014; x_wconf 89' lang='lat' dir='ltr'><strong>et</strong></span> <span class='ocrx_word' id='word_1_308' title='bbox 351 2957 409 3029; x_wconf 73' lang='lat' dir='ltr'><strong>lyra</strong></span> <span class='ocrx_word' id='word_1_309' title='bbox 424 2958 506 3014; x_wconf 89' lang='lat' dir='ltr'><strong>dicta.</strong></span> <span class='ocrx_word' id='word_1_310' title='bbox 534 2957 641 3030; x_wconf 77' lang='lat' dir='ltr'><strong>Tragici</strong></span> <span class='ocrx_word' id='word_1_311' title='bbox 669 2958 755 3026; x_wconf 90' lang='lat' dir='ltr'><strong>dicti,</strong></span> <span class='ocrx_word' id='word_1_312' title='bbox 776 2961 848 3031; x_wconf 92' lang='lat' dir='ltr'><strong>quod</strong></span> <span class='ocrx_word' id='word_1_313' title='bbox 866 2960 944 3016; x_wconf 91' lang='lat' dir='ltr'><strong>initio</strong></span> <span class='ocrx_word' id='word_1_314' title='bbox 965 2978 1010 3017; x_wconf 90' lang='lat' dir='ltr'><strong>ca-</strong></span> 
     </span>
     <span class='ocr_line' id='line_1_37' title="bbox 218 3047 1009 3124; baseline 0.003 -19"><span class='ocrx_word' id='word_1_315' title='bbox 218 3047 345 3105; x_wconf 88' lang='lat' dir='ltr'><strong>nentibus</strong></span> <span class='ocrx_word' id='word_1_316' title='bbox 364 3049 504 3118; x_wconf 85' lang='lat' dir='ltr'><strong>praemium</strong></span> <span class='ocrx_word' id='word_1_317' title='bbox 522 3058 581 3104; x_wconf 88' lang='lat' dir='ltr'><strong>erat</strong></span> <span class='ocrx_word' id='word_1_318' title='bbox 596 3048 704 3115; x_wconf 89' lang='lat' dir='ltr'><strong>hircus,</strong></span> <span class='ocrx_word' id='word_1_319' title='bbox 719 3065 801 3122; x_wconf 88' lang='lat' dir='ltr'><strong>quem</strong></span> <span class='ocrx_word' id='word_1_320' title='bbox 814 3050 901 3108; x_wconf 69' lang='lat' dir='ltr'><strong>Graeci</strong></span> <span class='ocrx_word' id='word_1_321' title='bbox 914 3061 1009 3124; x_wconf 89' lang='lat' dir='ltr'><strong>tragon</strong></span> 
     </span>
     <span class='ocr_line' id='line_1_38' title="bbox 220 3138 622 3195; baseline 0.002 -2"><span class='ocrx_word' id='word_1_322' title='bbox 220 3147 329 3195; x_wconf 82' lang='lat' dir='ltr'><strong>vocant.</strong></span> <span class='ocrx_word' id='word_1_323' title='bbox 346 3138 423 3194; x_wconf 88' lang='lat' dir='ltr'><strong>Unde</strong></span> <span class='ocrx_word' id='word_1_324' title='bbox 436 3148 465 3195; x_wconf 92' lang='lat' dir='ltr'><strong>et</strong></span> <span class='ocrx_word' id='word_1_325' title='bbox 478 3138 622 3194; x_wconf 87' lang='lat' dir='ltr'><strong>Horatius:</strong></span> 
     </span>
    </p>
   </div>
   <div class='ocr_carea' id='block_1_9' title="bbox 283 3251 906 3314">
    <p class='ocr_par' dir='ltr' id='par_1_9' title="bbox 283 3251 906 3314">
     <span class='ocr_line' id='line_1_39' title="bbox 283 3251 906 3314; baseline 0.008 -13"><span class='ocrx_word' id='word_1_326' title='bbox 283 3251 396 3302; x_wconf 75' lang='lat' dir='ltr'><strong>Carmioe</strong></span> <span class='ocrx_word' id='word_1_327' title='bbox 407 3254 448 3313; x_wconf 91' lang='lat' dir='ltr'><strong>qul</strong></span> <span class='ocrx_word' id='word_1_328' title='bbox 459 3254 554 3314; x_wconf 84' lang='lat' dir='ltr'><strong>tragico</strong></span> <span class='ocrx_word' id='word_1_329' title='bbox 563 3254 638 3302; x_wconf 88' lang='lat' dir='ltr'><strong>vilem</strong></span> <span class='ocrx_word' id='word_1_330' title='bbox 650 3257 751 3304; x_wconf 84' lang='lat' dir='ltr'><strong>certarlt</strong></span> <span class='ocrx_word' id='word_1_331' title='bbox 761 3254 794 3304; x_wconf 93' lang='lat' dir='ltr'><strong>ob</strong></span> <span class='ocrx_word' id='word_1_332' title='bbox 805 3255 906 3306; x_wconf 85' lang='lat' dir='ltr'><strong>hircum.</strong></span> 
     </span>
    </p>
   </div>
   <div class='ocr_carea' id='block_1_10' title="bbox 213 3356 1014 5811">
    <p class='ocr_par' dir='ltr' id='par_1_10' title="bbox 213 3356 1014 5623">
     <span class='ocr_line' id='line_1_40' title="bbox 217 3356 1011 3433; baseline 0.009 -20"><span class='ocrx_word' id='word_1_333' title='bbox 217 3356 278 3414; x_wconf 81' lang='lat' dir='ltr'><strong>lam</strong></span> <span class='ocrx_word' id='word_1_334' title='bbox 305 3359 403 3415; x_wconf 90' lang='lat' dir='ltr'><strong>dehinc</strong></span> <span class='ocrx_word' id='word_1_335' title='bbox 433 3369 577 3429; x_wconf 85' lang='lat' dir='ltr'><strong>sequentes</strong></span> <span class='ocrx_word' id='word_1_336' title='bbox 613 3361 708 3433; x_wconf 80' lang='lat' dir='ltr'><strong>tragici</strong></span> <span class='ocrx_word' id='word_1_337' title='bbox 740 3361 854 3418; x_wconf 90' lang='lat' dir='ltr'><strong>multum</strong></span> <span class='ocrx_word' id='word_1_338' title='bbox 879 3363 1011 3420; x_wconf 88' lang='lat' dir='ltr'><strong>horrorem</strong></span> 
     </span>
     <span class='ocr_line' id='line_1_41' title="bbox 217 3449 1010 3524; baseline 0.005 -18"><span class='ocrx_word' id='word_1_339' title='bbox 217 3449 307 3520; x_wconf 89' lang='lat' dir='ltr'><strong>adepti</strong></span> <span class='ocrx_word' id='word_1_340' title='bbox 337 3459 410 3515; x_wconf 88' lang='lat' dir='ltr'><strong>sunt,</strong></span> <span class='ocrx_word' id='word_1_341' title='bbox 436 3450 600 3507; x_wconf 80' lang='lat' dir='ltr'><strong>excellentes</strong></span> <span class='ocrx_word' id='word_1_342' title='bbox 618 3451 645 3506; x_wconf 92' lang='lat' dir='ltr'><strong>in</strong></span> <span class='ocrx_word' id='word_1_343' title='bbox 664 3454 830 3524; x_wconf 85' lang='lat' dir='ltr'><strong>argumentis</strong></span> <span class='ocrx_word' id='word_1_344' title='bbox 857 3452 1010 3510; x_wconf 76' lang='lat' dir='ltr'><strong>fabularum</strong></span> 
     </span>
     <span class='ocr_line' id='line_1_42' title="bbox 217 3541 1010 3617; baseline 0.01 -21"><span class='ocrx_word' id='word_1_345' title='bbox 217 3542 251 3597; x_wconf 91' lang='lat' dir='ltr'><strong>ad</strong></span> <span class='ocrx_word' id='word_1_346' title='bbox 265 3541 389 3597; x_wconf 86' lang='lat' dir='ltr'><strong>veritatis</strong></span> <span class='ocrx_word' id='word_1_347' title='bbox 411 3543 557 3614; x_wconf 82' lang='lat' dir='ltr'><strong>imaginem</strong></span> <span class='ocrx_word' id='word_1_348' title='bbox 582 3541 661 3600; x_wconf 87' lang='lat' dir='ltr'><strong>lictis.</strong></span> <span class='ocrx_word' id='word_1_349' title='bbox 679 3544 782 3601; x_wconf 83' lang='lat' dir='ltr'><strong>Comici</strong></span> <span class='ocrx_word' id='word_1_350' title='bbox 801 3547 938 3617; x_wconf 89' lang='lat' dir='ltr'><strong>appellati,</strong></span> <span class='ocrx_word' id='word_1_351' title='bbox 951 3548 1010 3604; x_wconf 89' lang='lat' dir='ltr'><strong>sire</strong></span> 
     </span>
     <span class='ocr_line' id='line_1_43' title="bbox 218 3632 1009 3708; baseline 0.009 -20"><span class='ocrx_word' id='word_1_352' title='bbox 218 3632 314 3696; x_wconf 89' lang='lat' dir='ltr'><strong>aleco,</strong></span> <span class='ocrx_word' id='word_1_353' title='bbox 331 3634 394 3704; x_wconf 90' lang='lat' dir='ltr'><strong>quia</strong></span> <span class='ocrx_word' id='word_1_354' title='bbox 409 3635 510 3690; x_wconf 90' lang='lat' dir='ltr'><strong>circum</strong></span> <span class='ocrx_word' id='word_1_355' title='bbox 529 3649 613 3706; x_wconf 88' lang='lat' dir='ltr'><strong>pagos</strong></span> <span class='ocrx_word' id='word_1_356' title='bbox 633 3635 760 3705; x_wconf 86' lang='lat' dir='ltr'><strong>agebant,</strong></span> <span class='ocrx_word' id='word_1_357' title='bbox 776 3653 845 3708; x_wconf 88' lang='lat' dir='ltr'><strong>quos</strong></span> <span class='ocrx_word' id='word_1_358' title='bbox 857 3637 943 3694; x_wconf 85' lang='lat' dir='ltr'><strong>Graeci</strong></span> <span class='ocrx_word' id='word_1_359' title='bbox 963 3656 1009 3695; x_wconf 91' lang='lat' dir='ltr'><strong>co-</strong></span> 
     </span>
     <span class='ocr_line' id='line_1_44' title="bbox 218 3727 1009 3787; baseline 0.008 -6"><span class='ocrx_word' id='word_1_360' title='bbox 218 3742 278 3783; x_wconf 89' lang='lat' dir='ltr'><strong>mas</strong></span> <span class='ocrx_word' id='word_1_361' title='bbox 295 3735 416 3783; x_wconf 89' lang='lat' dir='ltr'><strong>vocant:</strong></span> <span class='ocrx_word' id='word_1_362' title='bbox 439 3742 486 3782; x_wconf 90' lang='lat' dir='ltr'><strong>seu</strong></span> <span class='ocrx_word' id='word_1_363' title='bbox 512 3743 528 3782; x_wconf 90' lang='lat' dir='ltr'><strong>a</strong></span> <span class='ocrx_word' id='word_1_364' title='bbox 552 3727 759 3784; x_wconf 89' lang='lat' dir='ltr'><strong>comessatione.</strong></span> <span class='ocrx_word' id='word_1_365' title='bbox 785 3728 915 3786; x_wconf 86' lang='lat' dir='ltr'><strong>Solebam</strong></span> <span class='ocrx_word' id='word_1_366' title='bbox 936 3732 1009 3787; x_wconf 88' lang='lat' dir='ltr'><strong>enim</strong></span> 
     </span>
     <span class='ocr_line' id='line_1_45' title="bbox 216 3817 1009 3887; baseline 0.009 -16"><span class='ocrx_word' id='word_1_367' title='bbox 216 3825 277 3887; x_wconf 78' lang='lat' dir='ltr'><strong>pmst</strong></span> <span class='ocrx_word' id='word_1_368' title='bbox 290 3817 380 3872; x_wconf 86' lang='lat' dir='ltr'><strong>cibum</strong></span> <span class='ocrx_word' id='word_1_369' title='bbox 395 3818 518 3873; x_wconf 87' lang='lat' dir='ltr'><strong>homines</strong></span> <span class='ocrx_word' id='word_1_370' title='bbox 533 3818 626 3873; x_wconf 89' lang='lat' dir='ltr'><strong>venire</strong></span> <span class='ocrx_word' id='word_1_371' title='bbox 650 3820 684 3874; x_wconf 88' lang='lat' dir='ltr'><strong>ad</strong></span> <span class='ocrx_word' id='word_1_372' title='bbox 703 3834 751 3875; x_wconf 92' lang='lat' dir='ltr'><strong>eos</strong></span> <span class='ocrx_word' id='word_1_373' title='bbox 769 3821 927 3878; x_wconf 88' lang='lat' dir='ltr'><strong>audiendos.</strong></span> <span class='ocrx_word' id='word_1_374' title='bbox 955 3823 1009 3880; x_wconf 87' lang='lat' dir='ltr'><strong>Sed</strong></span> 
     </span>
     <span class='ocr_line' id='line_1_46' title="bbox 217 3906 1014 3988; baseline 0.013 -27"><span class='ocrx_word' id='word_1_375' title='bbox 217 3906 313 3962; x_wconf 87' lang='lat' dir='ltr'><strong>corrrici</strong></span> <span class='ocrx_word' id='word_1_376' title='bbox 327 3907 494 3977; x_wconf 74' lang='lat' dir='ltr'><strong>privatorum</strong></span> <span class='ocrx_word' id='word_1_377' title='bbox 510 3908 648 3963; x_wconf 88' lang='lat' dir='ltr'><strong>bominum</strong></span> <span class='ocrx_word' id='word_1_378' title='bbox 662 3911 811 3981; x_wconf 76' lang='lat' dir='ltr'><strong>praedicant</strong></span> <span class='ocrx_word' id='word_1_379' title='bbox 821 3921 899 3968; x_wconf 84' lang='lat' dir='ltr'><strong>aeta:</strong></span> <span class='ocrx_word' id='word_1_380' title='bbox 914 3917 1014 3988; x_wconf 32' lang='lat' dir='ltr'><strong>tragici·</strong></span> 
     </span>
     <span class='ocr_line' id='line_1_47' title="bbox 215 4000 1010 4075; baseline 0.019 -24"><span class='ocrx_word' id='word_1_381' title='bbox 215 4013 281 4054; x_wconf 78' lang='lat' dir='ltr'><strong>nero</strong></span> <span class='ocrx_word' id='word_1_382' title='bbox 300 4000 468 4071; x_wconf 85' lang='lat' dir='ltr'><strong>respublicas</strong></span> <span class='ocrx_word' id='word_1_383' title='bbox 484 4010 512 4057; x_wconf 92' lang='lat' dir='ltr'><strong>et</strong></span> <span class='ocrx_word' id='word_1_384' title='bbox 526 4016 620 4075; x_wconf 80' lang='lat' dir='ltr'><strong>regum</strong></span> <span class='ocrx_word' id='word_1_385' title='bbox 634 4004 774 4062; x_wconf 85' lang='lat' dir='ltr'><strong>historias.</strong></span> <span class='ocrx_word' id='word_1_386' title='bbox 791 4006 905 4074; x_wconf 82' lang='lat' dir='ltr'><strong>Quidam</strong></span> <span class='ocrx_word' id='word_1_387' title='bbox 918 4019 1010 4066; x_wconf 87' lang='lat' dir='ltr'><strong>autem</strong></span> 
     </span>
     <span class='ocr_line' id='line_1_48' title="bbox 215 4091 1006 4166; baseline 0.01 -18"><span class='ocrx_word' id='word_1_388' title='bbox 215 4099 302 4162; x_wconf 83' lang='lat' dir='ltr'><strong>poete</strong></span> <span class='ocrx_word' id='word_1_389' title='bbox 320 4091 438 4165; x_wconf 78' lang='lat' dir='ltr'><strong>theologi</strong></span> <span class='ocrx_word' id='word_1_390' title='bbox 462 4093 526 4149; x_wconf 91' lang='lat' dir='ltr'><strong>dicti</strong></span> <span class='ocrx_word' id='word_1_391' title='bbox 548 4103 611 4151; x_wconf 91' lang='lat' dir='ltr'><strong>sunt</strong></span> <span class='ocrx_word' id='word_1_392' title='bbox 636 4113 643 4149; x_wconf 91' lang='lat'><strong>:</strong></span> <span class='ocrx_word' id='word_1_393' title='bbox 668 4097 796 4166; x_wconf 90' lang='lat' dir='ltr'><strong>quoniam</strong></span> <span class='ocrx_word' id='word_1_394' title='bbox 822 4100 856 4155; x_wconf 87' lang='lat' dir='ltr'><strong>de</strong></span> <span class='ocrx_word' id='word_1_395' title='bbox 880 4099 933 4157; x_wconf 88' lang='lat' dir='ltr'><strong>diis</strong></span> <span class='ocrx_word' id='word_1_396' title='bbox 949 4118 1006 4157; x_wconf 90' lang='lat' dir='ltr'><strong>car·</strong></span> 
     </span>
     <span class='ocr_line' id='line_1_49' title="bbox 216 4182 1007 4260; baseline 0.015 -23"><span class='ocrx_word' id='word_1_397' title='bbox 216 4183 289 4238; x_wconf 87' lang='lat' dir='ltr'><strong>mirra</strong></span> <span class='ocrx_word' id='word_1_398' title='bbox 315 4182 460 4239; x_wconf 81' lang='lat' dir='ltr'><strong>iaciebant.</strong></span> <span class='ocrx_word' id='word_1_399' title='bbox 485 4183 609 4242; x_wconf 85' lang='lat' dir='ltr'><strong>Officium</strong></span> <span class='ocrx_word' id='word_1_400' title='bbox 635 4196 722 4257; x_wconf 88' lang='lat' dir='ltr'><strong>poetae</strong></span> <span class='ocrx_word' id='word_1_401' title='bbox 741 4190 769 4245; x_wconf 89' lang='lat' dir='ltr'><strong>in</strong></span> <span class='ocrx_word' id='word_1_402' title='bbox 784 4204 817 4245; x_wconf 91' lang='lat' dir='ltr'><strong>co</strong></span> <span class='ocrx_word' id='word_1_403' title='bbox 834 4199 875 4247; x_wconf 92' lang='grc' dir='ltr'><strong>εει</strong></span> <span class='ocrx_word' id='word_1_404' title='bbox 888 4233 896 4258; x_wconf 93' lang='lat'><strong>,</strong></span> <span class='ocrx_word' id='word_1_405' title='bbox 911 4202 941 4248; x_wconf 89' lang='lat' dir='ltr'><strong>ut</strong></span> <span class='ocrx_word' id='word_1_406' title='bbox 955 4209 1007 4260; x_wconf 88' lang='lat' dir='ltr'><strong>ea,</strong></span> 
     </span>
     <span class='ocr_line' id='line_1_50' title="bbox 215 4277 1010 4356; baseline 0.015 -28"><span class='ocrx_word' id='word_1_407' title='bbox 215 4288 277 4344; x_wconf 71' lang='lat' dir='ltr'><strong>quae</strong></span> <span class='ocrx_word' id='word_1_408' title='bbox 288 4289 354 4330; x_wconf 79' lang='lat' dir='ltr'><strong>rere</strong></span> <span class='ocrx_word' id='word_1_409' title='bbox 366 4284 444 4345; x_wconf 87' lang='lat' dir='ltr'><strong>gesta</strong></span> <span class='ocrx_word' id='word_1_410' title='bbox 463 4285 542 4343; x_wconf 88' lang='lat' dir='ltr'><strong>sunt,</strong></span> <span class='ocrx_word' id='word_1_411' title='bbox 558 4277 585 4332; x_wconf 91' lang='lat' dir='ltr'><strong>in</strong></span> <span class='ocrx_word' id='word_1_412' title='bbox 601 4278 668 4334; x_wconf 88' lang='lat' dir='ltr'><strong>alias</strong></span> <span class='ocrx_word' id='word_1_413' title='bbox 681 4280 787 4350; x_wconf 90' lang='lat' dir='ltr'><strong>species</strong></span> <span class='ocrx_word' id='word_1_414' title='bbox 803 4277 920 4353; x_wconf 88' lang='lat' dir='ltr'><strong>obliquis</strong></span> <span class='ocrx_word' id='word_1_415' title='bbox 942 4284 1010 4356; x_wconf 90' lang='lat' dir='ltr'><strong>tigu-</strong></span> 
     </span>
     <span class='ocr_line' id='line_1_51' title="bbox 216 4366 1006 4441; baseline 0.013 -19"><span class='ocrx_word' id='word_1_416' title='bbox 216 4367 368 4423; x_wconf 81' lang='lat' dir='ltr'><strong>rstionibus</strong></span> <span class='ocrx_word' id='word_1_417' title='bbox 381 4383 443 4422; x_wconf 92' lang='lat' dir='ltr'><strong>cum</strong></span> <span class='ocrx_word' id='word_1_418' title='bbox 457 4366 556 4424; x_wconf 89' lang='lat' dir='ltr'><strong>decore</strong></span> <span class='ocrx_word' id='word_1_419' title='bbox 576 4369 669 4441; x_wconf 88' lang='lat' dir='ltr'><strong>aliquo</strong></span> <span class='ocrx_word' id='word_1_420' title='bbox 693 4387 825 4429; x_wconf 80' lang='lat' dir='ltr'><strong>conversa</strong></span> <span class='ocrx_word' id='word_1_421' title='bbox 840 4376 1006 4433; x_wconf 85' lang='lat' dir='ltr'><strong>transducat.</strong></span> 
     </span>
     <span class='ocr_line' id='line_1_52' title="bbox 217 4458 1009 4538; baseline 0.011 -24"><span class='ocrx_word' id='word_1_422' title='bbox 217 4459 295 4515; x_wconf 87' lang='lat' dir='ltr'><strong>Unde</strong></span> <span class='ocrx_word' id='word_1_423' title='bbox 309 4467 337 4514; x_wconf 90' lang='grc' dir='ltr'><strong>ει</strong></span> <span class='ocrx_word' id='word_1_424' title='bbox 349 4458 476 4515; x_wconf 88' lang='lat' dir='ltr'><strong>Lneanus</strong></span> <span class='ocrx_word' id='word_1_425' title='bbox 496 4459 557 4516; x_wconf 91' lang='lat' dir='ltr'><strong>ideo</strong></span> <span class='ocrx_word' id='word_1_426' title='bbox 570 4460 598 4515; x_wconf 93' lang='lat' dir='ltr'><strong>in</strong></span> <span class='ocrx_word' id='word_1_427' title='bbox 611 4478 726 4519; x_wconf 89' lang='lat' dir='ltr'><strong>numero</strong></span> <span class='ocrx_word' id='word_1_428' title='bbox 738 4473 878 4534; x_wconf 89' lang='lat' dir='ltr'><strong>poetarum</strong></span> <span class='ocrx_word' id='word_1_429' title='bbox 892 4482 945 4523; x_wconf 94' lang='lat' dir='ltr'><strong>non</strong></span> <span class='ocrx_word' id='word_1_430' title='bbox 958 4483 1009 4538; x_wconf 92' lang='lat' dir='ltr'><strong>po·</strong></span> 
     </span>
     <span class='ocr_line' id='line_1_53' title="bbox 216 4550 1008 4625; baseline 0.013 -22"><span class='ocrx_word' id='word_1_431' title='bbox 216 4551 290 4604; x_wconf 89' lang='lat' dir='ltr'><strong>nitur</strong></span> <span class='ocrx_word' id='word_1_432' title='bbox 309 4561 322 4604; x_wconf 82' lang='lat'><strong>&#39;:</strong></span> <span class='ocrx_word' id='word_1_433' title='bbox 347 4550 410 4621; x_wconf 89' lang='lat' dir='ltr'><strong>quia</strong></span> <span class='ocrx_word' id='word_1_434' title='bbox 437 4551 566 4608; x_wconf 88' lang='lat' dir='ltr'><strong>historias</strong></span> <span class='ocrx_word' id='word_1_435' title='bbox 588 4556 773 4625; x_wconf 86' lang='lat' dir='ltr'><strong>composuisse</strong></span> <span class='ocrx_word' id='word_1_436' title='bbox 795 4557 921 4624; x_wconf 76' lang='lat' dir='ltr'><strong>videtur,</strong></span> <span class='ocrx_word' id='word_1_437' title='bbox 955 4574 1008 4614; x_wconf 86' lang='lat' dir='ltr'><strong>rron</strong></span> 
     </span>
     <span class='ocr_line' id='line_1_54' title="bbox 216 4639 1009 4713; baseline 0.01 -17"><span class='ocrx_word' id='word_1_438' title='bbox 216 4656 321 4713; x_wconf 76' lang='lat' dir='ltr'><strong>pocula.</strong></span> <span class='ocrx_word' id='word_1_439' title='bbox 333 4639 471 4697; x_wconf 89' lang='lat' dir='ltr'><strong>Poematis</strong></span> <span class='ocrx_word' id='word_1_440' title='bbox 482 4657 581 4712; x_wconf 88' lang='lat' dir='ltr'><strong>genera</strong></span> <span class='ocrx_word' id='word_1_441' title='bbox 594 4652 658 4699; x_wconf 90' lang='lat' dir='ltr'><strong>sunt</strong></span> <span class='ocrx_word' id='word_1_442' title='bbox 671 4645 734 4699; x_wconf 88' lang='lat' dir='ltr'><strong>tria.</strong></span> <span class='ocrx_word' id='word_1_443' title='bbox 746 4645 799 4701; x_wconf 81' lang='lat' dir='ltr'><strong>hut</strong></span> <span class='ocrx_word' id='word_1_444' title='bbox 814 4647 885 4703; x_wconf 88' lang='lat' dir='ltr'><strong>enim</strong></span> <span class='ocrx_word' id='word_1_445' title='bbox 900 4655 1009 4704; x_wconf 86' lang='lat' dir='ltr'><strong>actuum</strong></span> 
     </span>
     <span class='ocr_line' id='line_1_55' title="bbox 215 4731 1011 4804; baseline 0.01 -17"><span class='ocrx_word' id='word_1_446' title='bbox 215 4732 257 4788; x_wconf 89' lang='lat' dir='ltr'><strong>vel</strong></span> <span class='ocrx_word' id='word_1_447' title='bbox 279 4731 458 4788; x_wconf 88' lang='lat' dir='ltr'><strong>imitationum</strong></span> <span class='ocrx_word' id='word_1_448' title='bbox 471 4740 523 4796; x_wconf 90' lang='lat' dir='ltr'><strong>est,</strong></span> <span class='ocrx_word' id='word_1_449' title='bbox 540 4735 612 4804; x_wconf 90' lang='lat' dir='ltr'><strong>qnod</strong></span> <span class='ocrx_word' id='word_1_450' title='bbox 625 4734 713 4791; x_wconf 88' lang='lat' dir='ltr'><strong>Graeci</strong></span> <span class='ocrx_word' id='word_1_451' title='bbox 727 4737 897 4793; x_wconf 88' lang='lat' dir='ltr'><strong>dramaticon</strong></span> <span class='ocrx_word' id='word_1_452' title='bbox 912 4751 1011 4796; x_wconf 84' lang='lat' dir='ltr'><strong>nocant</strong></span> 
     </span>
     <span class='ocr_line' id='line_1_56' title="bbox 215 4823 1008 4897; baseline 0.008 -18"><span class='ocrx_word' id='word_1_453' title='bbox 215 4824 257 4880; x_wconf 84' lang='lat' dir='ltr'><strong>rel</strong></span> <span class='ocrx_word' id='word_1_454' title='bbox 284 4823 410 4880; x_wconf 88' lang='lat' dir='ltr'><strong>micticon</strong></span> <span class='ocrx_word' id='word_1_455' title='bbox 431 4823 605 4897; x_wconf 90' lang='lat' dir='ltr'><strong>[mimiticon]</strong></span> <span class='ocrx_word' id='word_1_456' title='bbox 623 4825 769 4895; x_wconf 86' lang='lat' dir='ltr'><strong>appellant.</strong></span> <span class='ocrx_word' id='word_1_457' title='bbox 795 4827 849 4883; x_wconf 78' lang='lat' dir='ltr'><strong>Aut</strong></span> <span class='ocrx_word' id='word_1_458' title='bbox 871 4832 1008 4885; x_wconf 85' lang='lat' dir='ltr'><strong>enarrati-</strong></span> 
     </span>
     <span class='ocr_line' id='line_1_57' title="bbox 214 4914 1005 4991; baseline 0.009 -21"><span class='ocrx_word' id='word_1_459' title='bbox 214 4930 299 4983; x_wconf 87' lang='lat' dir='ltr'><strong>rum,</strong></span> <span class='ocrx_word' id='word_1_460' title='bbox 326 4915 398 4986; x_wconf 89' lang='lat' dir='ltr'><strong>quod</strong></span> <span class='ocrx_word' id='word_1_461' title='bbox 422 4914 502 4986; x_wconf 83' lang='lat' dir='ltr'><strong>graeci</strong></span> <span class='ocrx_word' id='word_1_462' title='bbox 524 4916 726 4986; x_wconf 74' lang='lat' dir='ltr'><strong>exegematicon</strong></span> <span class='ocrx_word' id='word_1_463' title='bbox 755 4917 797 4973; x_wconf 86' lang='lat' dir='ltr'><strong>rel</strong></span> <span class='ocrx_word' id='word_1_464' title='bbox 825 4921 1005 4991; x_wconf 74' lang='lat' dir='ltr'><strong>panegyricon</strong></span> 
     </span>
     <span class='ocr_line' id='line_1_58' title="bbox 215 5009 1005 5088; baseline 0.008 -20"><span class='ocrx_word' id='word_1_465' title='bbox 215 5019 381 5082; x_wconf 86' lang='lat' dir='ltr'><strong>nuncupant.</strong></span> <span class='ocrx_word' id='word_1_466' title='bbox 406 5009 461 5065; x_wconf 81' lang='lat' dir='ltr'><strong>Aut</strong></span> <span class='ocrx_word' id='word_1_467' title='bbox 475 5025 618 5065; x_wconf 89' lang='lat' dir='ltr'><strong>commune</strong></span> <span class='ocrx_word' id='word_1_468' title='bbox 630 5010 673 5066; x_wconf 89' lang='lat' dir='ltr'><strong>rel</strong></span> <span class='ocrx_word' id='word_1_469' title='bbox 684 5012 809 5079; x_wconf 82' lang='lat' dir='ltr'><strong>mixtum,</strong></span> <span class='ocrx_word' id='word_1_470' title='bbox 830 5016 901 5084; x_wconf 91' lang='lat' dir='ltr'><strong>quod</strong></span> <span class='ocrx_word' id='word_1_471' title='bbox 918 5032 1005 5088; x_wconf 71' lang='lat' dir='ltr'><strong>grece</strong></span> 
     </span>
     <span class='ocr_line' id='line_1_59' title="bbox 215 5099 1005 5171; baseline 0.008 -12"><span class='ocrx_word' id='word_1_472' title='bbox 215 5118 313 5159; x_wconf 78' lang='lat' dir='ltr'><strong>cernua</strong></span> <span class='ocrx_word' id='word_1_473' title='bbox 329 5102 369 5156; x_wconf 87' lang='lat' dir='ltr'><strong>rel</strong></span> <span class='ocrx_word' id='word_1_474' title='bbox 385 5102 486 5158; x_wconf 90' lang='lat' dir='ltr'><strong>micton</strong></span> <span class='ocrx_word' id='word_1_475' title='bbox 511 5099 657 5171; x_wconf 88' lang='lat' dir='ltr'><strong>appellant.</strong></span> <span class='ocrx_word' id='word_1_476' title='bbox 683 5103 857 5162; x_wconf 84' lang='lat' dir='ltr'><strong>Dramaticon</strong></span> <span class='ocrx_word' id='word_1_477' title='bbox 874 5116 918 5163; x_wconf 91' lang='grc' dir='ltr'><strong>εει</strong></span> <span class='ocrx_word' id='word_1_478' title='bbox 937 5109 1005 5164; x_wconf 85' lang='lat' dir='ltr'><strong>acti·</strong></span> 
     </span>
     <span class='ocr_line' id='line_1_60' title="bbox 214 5193 1005 5264; baseline 0.009 -15"><span class='ocrx_word' id='word_1_479' title='bbox 214 5211 288 5260; x_wconf 86' lang='lat' dir='ltr'><strong>uum,</strong></span> <span class='ocrx_word' id='word_1_480' title='bbox 308 5195 335 5249; x_wconf 87' lang='lat' dir='ltr'><strong>in</strong></span> <span class='ocrx_word' id='word_1_481' title='bbox 349 5209 404 5264; x_wconf 91' lang='lat' dir='ltr'><strong>quo</strong></span> <span class='ocrx_word' id='word_1_482' title='bbox 416 5207 541 5264; x_wconf 84' lang='lat' dir='ltr'><strong>personae</strong></span> <span class='ocrx_word' id='word_1_483' title='bbox 556 5193 698 5263; x_wconf 90' lang='lat' dir='ltr'><strong>loquentes</strong></span> <span class='ocrx_word' id='word_1_484' title='bbox 720 5194 929 5255; x_wconf 89' lang='lat' dir='ltr'><strong>introducuntur</strong></span> <span class='ocrx_word' id='word_1_485' title='bbox 946 5200 1005 5256; x_wconf 88' lang='lat' dir='ltr'><strong>sine</strong></span> 
     </span>
     <span class='ocr_line' id='line_1_61' title="bbox 213 5282 1004 5359; baseline 0.011 -21"><span class='ocrx_word' id='word_1_486' title='bbox 213 5294 299 5356; x_wconf 87' lang='lat' dir='ltr'><strong>poetae</strong></span> <span class='ocrx_word' id='word_1_487' title='bbox 310 5282 516 5340; x_wconf 87' lang='lat' dir='ltr'><strong>interlocutione</strong></span> <span class='ocrx_word' id='word_1_488' title='bbox 527 5323 535 5349; x_wconf 94' lang='lat'><strong>,</strong></span> <span class='ocrx_word' id='word_1_489' title='bbox 547 5291 578 5337; x_wconf 91' lang='lat' dir='ltr'><strong>ut</strong></span> <span class='ocrx_word' id='word_1_490' title='bbox 590 5297 620 5340; x_wconf 91' lang='grc' dir='ltr'><strong>εε</strong></span> <span class='ocrx_word' id='word_1_491' title='bbox 636 5282 737 5339; x_wconf 87' lang='lat' dir='ltr'><strong>habent</strong></span> <span class='ocrx_word' id='word_1_492' title='bbox 749 5288 887 5359; x_wconf 78' lang='lat' dir='ltr'><strong>tragoedia</strong></span> <span class='ocrx_word' id='word_1_493' title='bbox 909 5299 937 5346; x_wconf 90' lang='lat' dir='ltr'><strong>et</strong></span> <span class='ocrx_word' id='word_1_494' title='bbox 963 5291 1004 5347; x_wconf 86' lang='lat' dir='ltr'><strong>la-</strong></span> 
     </span>
     <span class='ocr_line' id='line_1_62' title="bbox 213 5373 1005 5453; baseline 0.009 -21"><span class='ocrx_word' id='word_1_495' title='bbox 213 5375 292 5432; x_wconf 82' lang='lat' dir='ltr'><strong>hulae.</strong></span> <span class='ocrx_word' id='word_1_496' title='bbox 307 5376 405 5430; x_wconf 84' lang='lat' dir='ltr'><strong>Drama</strong></span> <span class='ocrx_word' id='word_1_497' title='bbox 417 5374 489 5430; x_wconf 91' lang='lat' dir='ltr'><strong>enim</strong></span> <span class='ocrx_word' id='word_1_498' title='bbox 505 5374 589 5430; x_wconf 90' lang='lat' dir='ltr'><strong>latine</strong></span> <span class='ocrx_word' id='word_1_499' title='bbox 603 5373 693 5431; x_wconf 87' lang='lat' dir='ltr'><strong>lahela</strong></span> <span class='ocrx_word' id='word_1_500' title='bbox 707 5375 822 5444; x_wconf 87' lang='lat' dir='ltr'><strong>dieitur,</strong></span> <span class='ocrx_word' id='word_1_501' title='bbox 838 5393 892 5450; x_wconf 91' lang='lat' dir='ltr'><strong>quo</strong></span> <span class='ocrx_word' id='word_1_502' title='bbox 901 5396 1005 5453; x_wconf 57' lang='lat' dir='ltr'><strong>&gt;genere</strong></span> 
     </span>
     <span class='ocr_line' id='line_1_63' title="bbox 214 5468 389 5538; baseline -0.017 -15"><span class='ocrx_word' id='word_1_503' title='bbox 214 5468 313 5538; x_wconf 85' lang='lat' dir='ltr'><strong>scripta</strong></span> <span class='ocrx_word' id='word_1_504' title='bbox 326 5475 389 5522; x_wconf 85' lang='lat' dir='ltr'><strong>est:</strong></span> 
     </span>
     <span class='ocr_line' id='line_1_64' title="bbox 276 5557 967 5623; baseline 0.009 -14"><span class='ocrx_word' id='word_1_505' title='bbox 276 5559 330 5619; x_wconf 73' lang='lat' dir='ltr'><strong>Quo</strong></span> <span class='ocrx_word' id='word_1_506' title='bbox 341 5565 378 5618; x_wconf 91' lang='lat' dir='ltr'><strong>te,</strong></span> <span class='ocrx_word' id='word_1_507' title='bbox 391 5557 470 5618; x_wconf 79' lang='lat' dir='ltr'><strong>llreri,</strong></span> <span class='ocrx_word' id='word_1_508' title='bbox 484 5557 571 5620; x_wconf 86' lang='lat' dir='ltr'><strong>pedes,</strong></span> <span class='ocrx_word' id='word_1_509' title='bbox 583 5571 613 5608; x_wconf 84' lang='lat' dir='ltr'><strong>an</strong></span> <span class='ocrx_word' id='word_1_510' title='bbox 628 5561 726 5623; x_wconf 81' lang='lat' dir='ltr'><strong>quasia</strong></span> <span class='ocrx_word' id='word_1_511' title='bbox 739 5559 806 5611; x_wconf 85' lang='lat' dir='ltr'><strong>duell</strong></span> <span class='ocrx_word' id='word_1_512' title='bbox 819 5565 843 5609; x_wconf 93' lang='lat' dir='ltr'><strong>tn</strong></span> <span class='ocrx_word' id='word_1_513' title='bbox 857 5561 967 5615; x_wconf 82' lang='lat' dir='ltr'><strong>urbemi</strong></span> 
     </span>
    </p>

    <p class='ocr_par' dir='ltr' id='par_1_11' title="bbox 213 5641 1004 5811">
     <span class='ocr_line' id='line_1_65' title="bbox 215 5641 1004 5720; baseline 0.015 -26"><span class='ocrx_word' id='word_1_514' title='bbox 215 5641 273 5708; x_wconf 76' lang='lat' dir='ltr'><strong>Qun</strong></span> <span class='ocrx_word' id='word_1_515' title='bbox 297 5642 369 5711; x_wconf 89' lang='lat' dir='ltr'><strong>apud</strong></span> <span class='ocrx_word' id='word_1_516' title='bbox 393 5657 443 5696; x_wconf 89' lang='lat' dir='ltr'><strong>uos</strong></span> <span class='ocrx_word' id='word_1_517' title='bbox 466 5659 566 5712; x_wconf 87' lang='lat' dir='ltr'><strong>genere</strong></span> <span class='ocrx_word' id='word_1_518' title='bbox 588 5646 755 5701; x_wconf 88' lang='lat' dir='ltr'><strong>canticorum</strong></span> <span class='ocrx_word' id='word_1_519' title='bbox 774 5646 884 5703; x_wconf 85' lang='lat' dir='ltr'><strong>Cantica</strong></span> <span class='ocrx_word' id='word_1_520' title='bbox 903 5650 1004 5720; x_wconf 89' lang='lat' dir='ltr'><strong>scripta</strong></span> 
     </span>
     <span class='ocr_line' id='line_1_66' title="bbox 213 5730 1002 5811; baseline 0.013 -25"><span class='ocrx_word' id='word_1_521' title='bbox 213 5739 287 5796; x_wconf 90' lang='lat' dir='ltr'><strong>sunt,</strong></span> <span class='ocrx_word' id='word_1_522' title='bbox 301 5730 347 5785; x_wconf 91' lang='lat' dir='ltr'><strong>uhi</strong></span> <span class='ocrx_word' id='word_1_523' title='bbox 366 5745 419 5786; x_wconf 82' lang='lat' dir='ltr'><strong>toa</strong></span> <span class='ocrx_word' id='word_1_524' title='bbox 435 5732 573 5789; x_wconf 86' lang='lat' dir='ltr'><strong>alternans</strong></span> <span class='ocrx_word' id='word_1_525' title='bbox 587 5734 687 5791; x_wconf 87' lang='lat' dir='ltr'><strong>Christi</strong></span> <span class='ocrx_word' id='word_1_526' title='bbox 700 5746 726 5791; x_wconf 89' lang='lat' dir='ltr'><strong>et</strong></span> <span class='ocrx_word' id='word_1_527' title='bbox 741 5736 868 5794; x_wconf 76' lang='lat' dir='ltr'><strong>Ecclesiae</strong></span> <span class='ocrx_word' id='word_1_528' title='bbox 883 5737 1002 5811; x_wconf 86' lang='lat' dir='ltr'><strong>(tametsi</strong></span> 
     </span>
    </p>
   </div>
   <div class='ocr_carea' id='block_1_11' title="bbox 1366 1697 1544 1883">
    <p class='ocr_par' dir='ltr' id='par_1_12' title="bbox 1366 1697 1544 1883">
     <span class='ocr_line' id='line_1_67' title="bbox 1367 1697 1544 1756; baseline 0 -2"><span class='ocrx_word' id='word_1_529' title='bbox 1367 1697 1482 1756; x_wconf 81' lang='lat' dir='ltr'><strong>carun</strong></span> <span class='ocrx_word' id='word_1_530' title='bbox 1501 1699 1544 1755; x_wconf 88' lang='lat' dir='ltr'><strong>nr.</strong></span> 
     </span>
     <span class='ocr_line' id='line_1_68' title="bbox 1366 1811 1537 1883; baseline 0.018 -18"><span class='ocrx_word' id='word_1_531' title='bbox 1366 1811 1406 1867; x_wconf 73' lang='lat' dir='ltr'><strong>ne</strong></span> <span class='ocrx_word' id='word_1_532' title='bbox 1419 1811 1537 1883; x_wconf 70' lang='lat' dir='ltr'><strong>seeptro.</strong></span> 
     </span>
    </p>
   </div>
   <div class='ocr_carea' id='block_1_12' title="bbox 1059 1919 1860 3188">
    <p class='ocr_par' dir='ltr' id='par_1_13' title="bbox 1059 1919 1860 3188">
     <span class='ocr_line' id='line_1_69' title="bbox 1097 1919 1859 1993; baseline 0.01 -18"><span class='ocrx_word' id='word_1_533' title='bbox 1097 1919 1205 1993; x_wconf 83' lang='lat' dir='ltr'><strong>Sibyllae</strong></span> <span class='ocrx_word' id='word_1_534' title='bbox 1219 1921 1383 1992; x_wconf 87' lang='lat' dir='ltr'><strong>generaliter</strong></span> <span class='ocrx_word' id='word_1_535' title='bbox 1398 1922 1525 1978; x_wconf 91' lang='lat' dir='ltr'><strong>dicuntur</strong></span> <span class='ocrx_word' id='word_1_536' title='bbox 1539 1939 1635 1980; x_wconf 88' lang='lat' dir='ltr'><strong>onrnes</strong></span> <span class='ocrx_word' id='word_1_537' title='bbox 1657 1925 1765 1983; x_wconf 74' lang='lat' dir='ltr'><strong>feminae</strong></span> <span class='ocrx_word' id='word_1_538' title='bbox 1777 1937 1859 1982; x_wconf 85' lang='lat' dir='ltr'><strong>rates</strong></span> 
     </span>
     <span class='ocr_line' id='line_1_70' title="bbox 1059 2010 1856 2084; baseline 0.008 -20"><span class='ocrx_word' id='word_1_539' title='bbox 1059 2010 1150 2083; x_wconf 85' lang='lat' dir='ltr'><strong>lingua</strong></span> <span class='ocrx_word' id='word_1_540' title='bbox 1159 2028 1248 2084; x_wconf 79' lang='lat' dir='ltr'><strong>graeca</strong></span> <span class='ocrx_word' id='word_1_541' title='bbox 1258 2031 1264 2067; x_wconf 93' lang='lat'><strong>:</strong></span> <span class='ocrx_word' id='word_1_542' title='bbox 1274 2029 1337 2067; x_wconf 91' lang='lat' dir='ltr'><strong>nam</strong></span> <span class='ocrx_word' id='word_1_543' title='bbox 1348 2012 1516 2069; x_wconf 82' lang='lat' dir='ltr'><strong>siosAEolico</strong></span> <span class='ocrx_word' id='word_1_544' title='bbox 1527 2031 1653 2071; x_wconf 88' lang='lat' dir='ltr'><strong>sermone</strong></span> <span class='ocrx_word' id='word_1_545' title='bbox 1662 2019 1742 2073; x_wconf 88' lang='lat' dir='ltr'><strong>[leus.</strong></span> <span class='ocrx_word' id='word_1_546' title='bbox 1754 2017 1856 2071; x_wconf 71' lang='lat' dir='ltr'><strong>[lotrlrn</strong></span> 
     </span>
     <span class='ocr_line' id='line_1_71' title="bbox 1060 2109 1855 2177; baseline 0.014 -23"><span class='ocrx_word' id='word_1_547' title='bbox 1060 2119 1148 2174; x_wconf 80' lang='lat' dir='ltr'><strong>grmce</strong></span> <span class='ocrx_word' id='word_1_548' title='bbox 1158 2116 1275 2160; x_wconf 86' lang='lat' dir='ltr'><strong>urentem</strong></span> <span class='ocrx_word' id='word_1_549' title='bbox 1287 2115 1454 2177; x_wconf 89' lang='lat' dir='ltr'><strong>nuncupant,</strong></span> <span class='ocrx_word' id='word_1_550' title='bbox 1467 2109 1543 2177; x_wconf 89' lang='lat' dir='ltr'><strong>quasi</strong></span> <span class='ocrx_word' id='word_1_551' title='bbox 1557 2110 1606 2164; x_wconf 85' lang='lat' dir='ltr'><strong>Dei</strong></span> <span class='ocrx_word' id='word_1_552' title='bbox 1619 2120 1748 2164; x_wconf 88' lang='lat' dir='ltr'><strong>mentem.</strong></span> <span class='ocrx_word' id='word_1_553' title='bbox 1757 2110 1855 2166; x_wconf 86' lang='lat' dir='ltr'><strong>Proin-</strong></span> 
     </span>
     <span class='ocr_line' id='line_1_72' title="bbox 1061 2194 1854 2265; baseline 0.008 -18"><span class='ocrx_word' id='word_1_554' title='bbox 1061 2194 1094 2248; x_wconf 85' lang='lat' dir='ltr'><strong>de</strong></span> <span class='ocrx_word' id='word_1_555' title='bbox 1109 2194 1198 2265; x_wconf 85' lang='lat' dir='ltr'><strong>igitur,</strong></span> <span class='ocrx_word' id='word_1_556' title='bbox 1211 2196 1275 2264; x_wconf 89' lang='lat' dir='ltr'><strong>quia</strong></span> <span class='ocrx_word' id='word_1_557' title='bbox 1286 2196 1405 2250; x_wconf 83' lang='lat' dir='ltr'><strong>diuinam</strong></span> <span class='ocrx_word' id='word_1_558' title='bbox 1420 2197 1585 2253; x_wconf 75' lang='lat' dir='ltr'><strong>voluntatem</strong></span> <span class='ocrx_word' id='word_1_559' title='bbox 1603 2198 1759 2254; x_wconf 90' lang='lat' dir='ltr'><strong>hominibus</strong></span> <span class='ocrx_word' id='word_1_560' title='bbox 1772 2203 1854 2256; x_wconf 77' lang='lat' dir='ltr'><strong>inte:-</strong></span> 
     </span>
     <span class='ocr_line' id='line_1_73' title="bbox 1060 2284 1847 2358; baseline 0.005 -21"><span class='ocrx_word' id='word_1_561' title='bbox 1060 2286 1161 2356; x_wconf 87' lang='lat' dir='ltr'><strong>prctari</strong></span> <span class='ocrx_word' id='word_1_562' title='bbox 1174 2285 1306 2351; x_wconf 89' lang='lat' dir='ltr'><strong>solebant,</strong></span> <span class='ocrx_word' id='word_1_563' title='bbox 1325 2284 1434 2358; x_wconf 74' lang='lat' dir='ltr'><strong>Sibyllae</strong></span> <span class='ocrx_word' id='word_1_564' title='bbox 1447 2288 1592 2343; x_wconf 80' lang='lat' dir='ltr'><strong>nentinatae</strong></span> <span class='ocrx_word' id='word_1_565' title='bbox 1604 2298 1678 2343; x_wconf 81' lang='lat' dir='ltr'><strong>stant.</strong></span> <span class='ocrx_word' id='word_1_566' title='bbox 1694 2289 1771 2344; x_wconf 88' lang='lat' dir='ltr'><strong>Sicut</strong></span> <span class='ocrx_word' id='word_1_567' title='bbox 1782 2306 1805 2344; x_wconf 86' lang='lat' dir='ltr'><strong>e.</strong></span> <span class='ocrx_word' id='word_1_568' title='bbox 1818 2293 1847 2343; x_wconf 63' lang='lat' dir='ltr'><strong>in</strong></span> 
     </span>
     <span class='ocr_line' id='line_1_74' title="bbox 1060 2380 1858 2453; baseline 0.001 -18"><span class='ocrx_word' id='word_1_569' title='bbox 1060 2380 1149 2435; x_wconf 89' lang='lat' dir='ltr'><strong>omnis</strong></span> <span class='ocrx_word' id='word_1_570' title='bbox 1179 2381 1221 2436; x_wconf 83' lang='lat' dir='ltr'><strong>rir</strong></span> <span class='ocrx_word' id='word_1_571' title='bbox 1248 2380 1415 2450; x_wconf 87' lang='lat' dir='ltr'><strong>prophetans</strong></span> <span class='ocrx_word' id='word_1_572' title='bbox 1440 2381 1481 2436; x_wconf 84' lang='lat' dir='ltr'><strong>rel</strong></span> <span class='ocrx_word' id='word_1_573' title='bbox 1506 2391 1581 2439; x_wconf 85' lang='lat' dir='ltr'><strong>rates</strong></span> <span class='ocrx_word' id='word_1_574' title='bbox 1608 2383 1707 2437; x_wconf 89' lang='lat' dir='ltr'><strong>dicitnr</strong></span> <span class='ocrx_word' id='word_1_575' title='bbox 1726 2384 1768 2439; x_wconf 86' lang='lat' dir='ltr'><strong>rel</strong></span> <span class='ocrx_word' id='word_1_576' title='bbox 1793 2401 1858 2453; x_wconf 74' lang='lat' dir='ltr'><strong>p.»-</strong></span> 
     </span>
     <span class='ocr_line' id='line_1_75' title="bbox 1061 2473 1860 2549; baseline 0.004 -22"><span class='ocrx_word' id='word_1_577' title='bbox 1061 2473 1142 2542; x_wconf 88' lang='lat' dir='ltr'><strong>pheta</strong></span> <span class='ocrx_word' id='word_1_578' title='bbox 1159 2490 1167 2530; x_wconf 78' lang='lat' dir='ltr'><strong>a</strong></span> <span class='ocrx_word' id='word_1_579' title='bbox 1184 2473 1221 2528; x_wconf 88' lang='lat' dir='ltr'><strong>ita</strong></span> <span class='ocrx_word' id='word_1_580' title='bbox 1234 2474 1322 2528; x_wconf 89' lang='lat' dir='ltr'><strong>omnis</strong></span> <span class='ocrx_word' id='word_1_581' title='bbox 1345 2473 1445 2529; x_wconf 86' lang='lat' dir='ltr'><strong>lemina</strong></span> <span class='ocrx_word' id='word_1_582' title='bbox 1468 2476 1636 2546; x_wconf 87' lang='lat' dir='ltr'><strong>prophetans</strong></span> <span class='ocrx_word' id='word_1_583' title='bbox 1656 2476 1757 2549; x_wconf 76' lang='lat' dir='ltr'><strong>Sibylla</strong></span> <span class='ocrx_word' id='word_1_584' title='bbox 1778 2494 1860 2531; x_wconf 76' lang='lat' dir='ltr'><strong>rora-</strong></span> 
     </span>
     <span class='ocr_line' id='line_1_76' title="bbox 1062 2564 1858 2639; baseline 0.009 -22"><span class='ocrx_word' id='word_1_585' title='bbox 1062 2573 1125 2619; x_wconf 90' lang='lat' dir='ltr'><strong>tur:</strong></span> <span class='ocrx_word' id='word_1_586' title='bbox 1142 2564 1214 2635; x_wconf 89' lang='lat' dir='ltr'><strong>quod</strong></span> <span class='ocrx_word' id='word_1_587' title='bbox 1240 2581 1338 2621; x_wconf 89' lang='lat' dir='ltr'><strong>nomen</strong></span> <span class='ocrx_word' id='word_1_588' title='bbox 1362 2581 1395 2621; x_wconf 83' lang='lat' dir='ltr'><strong>ex</strong></span> <span class='ocrx_word' id='word_1_589' title='bbox 1417 2566 1527 2632; x_wconf 85' lang='lat' dir='ltr'><strong>officio,</strong></span> <span class='ocrx_word' id='word_1_590' title='bbox 1555 2584 1608 2623; x_wconf 92' lang='lat' dir='ltr'><strong>non</strong></span> <span class='ocrx_word' id='word_1_591' title='bbox 1634 2584 1667 2624; x_wconf 83' lang='lat' dir='ltr'><strong>er</strong></span> <span class='ocrx_word' id='word_1_592' title='bbox 1688 2570 1858 2639; x_wconf 64' lang='lat' dir='ltr'><strong>proprietate</strong></span> 
     </span>
     <span class='ocr_line' id='line_1_77' title="bbox 1061 2654 1858 2729; baseline 0.009 -22"><span class='ocrx_word' id='word_1_593' title='bbox 1061 2654 1183 2709; x_wconf 87' lang='lat' dir='ltr'><strong>rocahuli</strong></span> <span class='ocrx_word' id='word_1_594' title='bbox 1195 2662 1247 2710; x_wconf 90' lang='lat' dir='ltr'><strong>est.</strong></span> <span class='ocrx_word' id='word_1_595' title='bbox 1262 2656 1359 2710; x_wconf 85' lang='lat' dir='ltr'><strong>Decem</strong></span> <span class='ocrx_word' id='word_1_596' title='bbox 1371 2667 1461 2711; x_wconf 89' lang='lat' dir='ltr'><strong>autem</strong></span> <span class='ocrx_word' id='word_1_597' title='bbox 1473 2655 1582 2729; x_wconf 74' lang='lat' dir='ltr'><strong>Sibyllae</strong></span> <span class='ocrx_word' id='word_1_598' title='bbox 1597 2674 1612 2711; x_wconf 88' lang='lat' dir='ltr'><strong>a</strong></span> <span class='ocrx_word' id='word_1_599' title='bbox 1624 2657 1792 2715; x_wconf 66' lang='lat' dir='ltr'><strong>doctissimis</strong></span> <span class='ocrx_word' id='word_1_600' title='bbox 1807 2678 1858 2714; x_wconf 84' lang='lat' dir='ltr'><strong>arr-</strong></span> 
     </span>
     <span class='ocr_line' id='line_1_78' title="bbox 1061 2744 1859 2819; baseline 0.003 -18"><span class='ocrx_word' id='word_1_601' title='bbox 1061 2744 1183 2801; x_wconf 87' lang='lat' dir='ltr'><strong>cloribus</strong></span> <span class='ocrx_word' id='word_1_602' title='bbox 1205 2745 1289 2802; x_wconf 86' lang='lat' dir='ltr'><strong>luisse</strong></span> <span class='ocrx_word' id='word_1_603' title='bbox 1308 2748 1462 2812; x_wconf 87' lang='lat' dir='ltr'><strong>traduntur,</strong></span> <span class='ocrx_word' id='word_1_604' title='bbox 1486 2764 1600 2819; x_wconf 87' lang='lat' dir='ltr'><strong>quarum</strong></span> <span class='ocrx_word' id='word_1_605' title='bbox 1614 2749 1701 2819; x_wconf 89' lang='lat' dir='ltr'><strong>prima</strong></span> <span class='ocrx_word' id='word_1_606' title='bbox 1716 2750 1751 2806; x_wconf 90' lang='lat' dir='ltr'><strong>de</strong></span> <span class='ocrx_word' id='word_1_607' title='bbox 1763 2751 1859 2806; x_wconf 72' lang='lat' dir='ltr'><strong>Persis</strong></span> 
     </span>
     <span class='ocr_line' id='line_1_79' title="bbox 1061 2834 1860 2914; baseline 0.011 -24"><span class='ocrx_word' id='word_1_608' title='bbox 1061 2834 1132 2900; x_wconf 86' lang='lat' dir='ltr'><strong>init,</strong></span> <span class='ocrx_word' id='word_1_609' title='bbox 1156 2839 1274 2893; x_wconf 86' lang='lat' dir='ltr'><strong>secunda</strong></span> <span class='ocrx_word' id='word_1_610' title='bbox 1294 2839 1414 2910; x_wconf 84' lang='lat' dir='ltr'><strong>Libyca,</strong></span> <span class='ocrx_word' id='word_1_611' title='bbox 1439 2844 1518 2896; x_wconf 86' lang='lat' dir='ltr'><strong>tertia</strong></span> <span class='ocrx_word' id='word_1_612' title='bbox 1539 2840 1675 2913; x_wconf 80' lang='lat' dir='ltr'><strong>Delphica,</strong></span> <span class='ocrx_word' id='word_1_613' title='bbox 1701 2844 1728 2897; x_wconf 92' lang='lat' dir='ltr'><strong>iu</strong></span> <span class='ocrx_word' id='word_1_614' title='bbox 1754 2846 1860 2914; x_wconf 90' lang='lat' dir='ltr'><strong>templu</strong></span> 
     </span>
     <span class='ocr_line' id='line_1_80' title="bbox 1062 2925 1857 3005; baseline 0.016 -26"><span class='ocrx_word' id='word_1_615' title='bbox 1062 2925 1184 2996; x_wconf 84' lang='lat' dir='ltr'><strong>Delphici</strong></span> <span class='ocrx_word' id='word_1_616' title='bbox 1209 2928 1341 2999; x_wconf 79' lang='lat' dir='ltr'><strong>Apollinis</strong></span> <span class='ocrx_word' id='word_1_617' title='bbox 1360 2931 1450 3001; x_wconf 87' lang='lat' dir='ltr'><strong>genita</strong></span> <span class='ocrx_word' id='word_1_618' title='bbox 1477 2948 1537 3002; x_wconf 75' lang='lat' dir='ltr'><strong>qua:</strong></span> <span class='ocrx_word' id='word_1_619' title='bbox 1558 2942 1622 2988; x_wconf 90' lang='lat' dir='ltr'><strong>ante</strong></span> <span class='ocrx_word' id='word_1_620' title='bbox 1642 2932 1761 3005; x_wconf 77' lang='lat' dir='ltr'><strong>Troiana</strong></span> <span class='ocrx_word' id='word_1_621' title='bbox 1785 2938 1857 2991; x_wconf 86' lang='lat' dir='ltr'><strong>bella</strong></span> 
     </span>
     <span class='ocr_line' id='line_1_81' title="bbox 1062 3020 1858 3097; baseline 0.015 -26"><span class='ocrx_word' id='word_1_622' title='bbox 1062 3021 1206 3074; x_wconf 70' lang='lat' dir='ltr'><strong>vaticinam</strong></span> <span class='ocrx_word' id='word_1_623' title='bbox 1219 3030 1277 3087; x_wconf 88' lang='lat' dir='ltr'><strong>cst,</strong></span> <span class='ocrx_word' id='word_1_624' title='bbox 1293 3020 1370 3092; x_wconf 86' lang='lat' dir='ltr'><strong>cujus</strong></span> <span class='ocrx_word' id='word_1_625' title='bbox 1385 3024 1516 3094; x_wconf 89' lang='lat' dir='ltr'><strong>plurimos</strong></span> <span class='ocrx_word' id='word_1_626' title='bbox 1534 3040 1630 3081; x_wconf 77' lang='lat' dir='ltr'><strong>versus</strong></span> <span class='ocrx_word' id='word_1_627' title='bbox 1642 3028 1717 3097; x_wconf 88' lang='lat' dir='ltr'><strong>operi</strong></span> <span class='ocrx_word' id='word_1_628' title='bbox 1737 3043 1787 3083; x_wconf 87' lang='lat' dir='ltr'><strong>suu</strong></span> <span class='ocrx_word' id='word_1_629' title='bbox 1800 3029 1858 3082; x_wconf 87' lang='lat' dir='ltr'><strong>llo·</strong></span> 
     </span>
     <span class='ocr_line' id='line_1_82' title="bbox 1063 3114 1859 3188; baseline 0.011 -22"><span class='ocrx_word' id='word_1_630' title='bbox 1063 3129 1155 3170; x_wconf 90' lang='lat' dir='ltr'><strong>mcrus</strong></span> <span class='ocrx_word' id='word_1_631' title='bbox 1170 3114 1293 3170; x_wconf 89' lang='lat' dir='ltr'><strong>inseruit.</strong></span> <span class='ocrx_word' id='word_1_632' title='bbox 1314 3116 1417 3182; x_wconf 79' lang='lat' dir='ltr'><strong>erarta</strong></span> <span class='ocrx_word' id='word_1_633' title='bbox 1435 3115 1580 3173; x_wconf 78' lang='lat' dir='ltr'><strong>Cimmerio</strong></span> <span class='ocrx_word' id='word_1_634' title='bbox 1595 3119 1623 3173; x_wconf 90' lang='lat' dir='ltr'><strong>in</strong></span> <span class='ocrx_word' id='word_1_635' title='bbox 1646 3118 1732 3174; x_wconf 88' lang='lat' dir='ltr'><strong>ltalia.</strong></span> <span class='ocrx_word' id='word_1_636' title='bbox 1757 3120 1859 3188; x_wconf 72' lang='lat' dir='ltr'><strong>Quinta</strong></span> 
     </span>
    </p>
   </div>
   <div class='ocr_carea' id='block_1_13' title="bbox 1023 3165 1867 3281">
    <p class='ocr_par' dir='ltr' id='par_1_14' title="bbox 1023 3165 1867 3281">
     <span class='ocr_line' id='line_1_83' title="bbox 1023 3165 1867 3281; baseline 0.013 -25"><span class='ocrx_word' id='word_1_637' title='bbox 1023 3165 1202 3276; x_wconf 79' lang='lat' dir='ltr'><strong>cErythran</strong></span> <span class='ocrx_word' id='word_1_638' title='bbox 1215 3207 1324 3262; x_wconf 92' lang='lat' dir='ltr'><strong>nomine</strong></span> <span class='ocrx_word' id='word_1_639' title='bbox 1340 3207 1473 3279; x_wconf 83' lang='lat' dir='ltr'><strong>Erophyla</strong></span> <span class='ocrx_word' id='word_1_640' title='bbox 1495 3208 1522 3263; x_wconf 90' lang='lat' dir='ltr'><strong>in</strong></span> <span class='ocrx_word' id='word_1_641' title='bbox 1545 3208 1682 3280; x_wconf 79' lang='lat' dir='ltr'><strong>Bahplune</strong></span> <span class='ocrx_word' id='word_1_642' title='bbox 1699 3221 1771 3276; x_wconf 88' lang='lat' dir='ltr'><strong>orta,</strong></span> <span class='ocrx_word' id='word_1_643' title='bbox 1796 3227 1867 3281; x_wconf 76' lang='lat' dir='ltr'><strong>qum.</strong></span> 
     </span>
    </p>
   </div>
   <div class='ocr_carea' id='block_1_14' title="bbox 1061 3293 1860 4207">
    <p class='ocr_par' dir='ltr' id='par_1_15' title="bbox 1061 3293 1860 4207">
     <span class='ocr_line' id='line_1_84' title="bbox 1062 3293 1860 3371; baseline 0.01 -22"><span class='ocrx_word' id='word_1_644' title='bbox 1062 3293 1165 3350; x_wconf 73' lang='lat' dir='ltr'><strong>Graecis</strong></span> <span class='ocrx_word' id='word_1_645' title='bbox 1190 3295 1267 3351; x_wconf 93' lang='lat' dir='ltr'><strong>llium</strong></span> <span class='ocrx_word' id='word_1_646' title='bbox 1284 3299 1438 3368; x_wconf 89' lang='lat' dir='ltr'><strong>petentibus</strong></span> <span class='ocrx_word' id='word_1_647' title='bbox 1459 3299 1602 3354; x_wconf 72' lang='lat' dir='ltr'><strong>vaticinata</strong></span> <span class='ocrx_word' id='word_1_648' title='bbox 1630 3311 1671 3355; x_wconf 88' lang='grc' dir='ltr'><strong>εει</strong></span> <span class='ocrx_word' id='word_1_649' title='bbox 1705 3302 1860 3371; x_wconf 83' lang='lat' dir='ltr'><strong>perituram</strong></span> 
     </span>
     <span class='ocr_line' id='line_1_85' title="bbox 1062 3384 1858 3463; baseline 0.013 -25"><span class='ocrx_word' id='word_1_650' title='bbox 1062 3398 1123 3439; x_wconf 90' lang='lat' dir='ltr'><strong>csse</strong></span> <span class='ocrx_word' id='word_1_651' title='bbox 1143 3384 1267 3457; x_wconf 77' lang='lat' dir='ltr'><strong>Troiam,</strong></span> <span class='ocrx_word' id='word_1_652' title='bbox 1281 3395 1318 3442; x_wconf 81' lang='grc' dir='ltr'><strong>ει</strong></span> <span class='ocrx_word' id='word_1_653' title='bbox 1343 3387 1490 3443; x_wconf 90' lang='lat' dir='ltr'><strong>llomeruur</strong></span> <span class='ocrx_word' id='word_1_654' title='bbox 1514 3390 1653 3446; x_wconf 88' lang='lat' dir='ltr'><strong>mendacia</strong></span> <span class='ocrx_word' id='word_1_655' title='bbox 1678 3392 1858 3463; x_wconf 88' lang='lat' dir='ltr'><strong>scripturum.</strong></span> 
     </span>
     <span class='ocr_line' id='line_1_86' title="bbox 1062 3476 1859 3550; baseline 0.013 -20"><span class='ocrx_word' id='word_1_656' title='bbox 1062 3476 1139 3531; x_wconf 83' lang='lat' dir='ltr'><strong>llicta</strong></span> <span class='ocrx_word' id='word_1_657' title='bbox 1166 3488 1256 3532; x_wconf 89' lang='lat' dir='ltr'><strong>autem</strong></span> <span class='ocrx_word' id='word_1_658' title='bbox 1273 3478 1433 3549; x_wconf 79' lang='lat' dir='ltr'><strong>Erythraea,</strong></span> <span class='ocrx_word' id='word_1_659' title='bbox 1450 3480 1514 3549; x_wconf 91' lang='lat' dir='ltr'><strong>quia</strong></span> <span class='ocrx_word' id='word_1_660' title='bbox 1532 3481 1558 3535; x_wconf 94' lang='lat' dir='ltr'><strong>in</strong></span> <span class='ocrx_word' id='word_1_661' title='bbox 1577 3482 1671 3536; x_wconf 87' lang='lat' dir='ltr'><strong>eadem</strong></span> <span class='ocrx_word' id='word_1_662' title='bbox 1691 3482 1777 3539; x_wconf 90' lang='lat' dir='ltr'><strong>insula</strong></span> <span class='ocrx_word' id='word_1_663' title='bbox 1797 3482 1859 3550; x_wconf 75' lang='lat' dir='ltr'><strong>ejus</strong></span> 
     </span>
     <span class='ocr_line' id='line_1_87' title="bbox 1061 3567 1860 3644; baseline 0.013 -22"><span class='ocrx_word' id='word_1_664' title='bbox 1061 3567 1171 3624; x_wconf 78' lang='lat' dir='ltr'><strong>inventa</strong></span> <span class='ocrx_word' id='word_1_665' title='bbox 1191 3579 1256 3625; x_wconf 92' lang='lat' dir='ltr'><strong>sunt</strong></span> <span class='ocrx_word' id='word_1_666' title='bbox 1270 3571 1401 3626; x_wconf 89' lang='lat' dir='ltr'><strong>earmina.</strong></span> <span class='ocrx_word' id='word_1_667' title='bbox 1419 3571 1512 3638; x_wconf 79' lang='lat' dir='ltr'><strong>Sexta,</strong></span> <span class='ocrx_word' id='word_1_668' title='bbox 1526 3573 1629 3638; x_wconf 86' lang='lat' dir='ltr'><strong>Samia,</strong></span> <span class='ocrx_word' id='word_1_669' title='bbox 1643 3590 1703 3644; x_wconf 71' lang='lat' dir='ltr'><strong>qua)</strong></span> <span class='ocrx_word' id='word_1_670' title='bbox 1716 3575 1860 3632; x_wconf 85' lang='lat' dir='ltr'><strong>Phenmne</strong></span> 
     </span>
     <span class='ocr_line' id='line_1_88' title="bbox 1061 3659 1857 3739; baseline 0.013 -25"><span class='ocrx_word' id='word_1_671' title='bbox 1061 3659 1132 3714; x_wconf 87' lang='lat' dir='ltr'><strong>dicta</strong></span> <span class='ocrx_word' id='word_1_672' title='bbox 1146 3668 1198 3726; x_wconf 90' lang='lat' dir='ltr'><strong>est,</strong></span> <span class='ocrx_word' id='word_1_673' title='bbox 1212 3676 1227 3714; x_wconf 87' lang='lat' dir='ltr'><strong>a</strong></span> <span class='ocrx_word' id='word_1_674' title='bbox 1241 3661 1323 3717; x_wconf 85' lang='lat' dir='ltr'><strong>Samo</strong></span> <span class='ocrx_word' id='word_1_675' title='bbox 1336 3662 1444 3727; x_wconf 85' lang='lat' dir='ltr'><strong>Insula,</strong></span> <span class='ocrx_word' id='word_1_676' title='bbox 1470 3664 1542 3719; x_wconf 76' lang='lat' dir='ltr'><strong>rande</strong></span> <span class='ocrx_word' id='word_1_677' title='bbox 1563 3664 1633 3731; x_wconf 87' lang='lat' dir='ltr'><strong>luit,</strong></span> <span class='ocrx_word' id='word_1_678' title='bbox 1655 3669 1857 3739; x_wconf 78' lang='lat' dir='ltr'><strong>cogiturninata.</strong></span> 
     </span>
     <span class='ocr_line' id='line_1_89' title="bbox 1061 3751 1858 3830; baseline 0.013 -24"><span class='ocrx_word' id='word_1_679' title='bbox 1061 3751 1182 3821; x_wconf 82' lang='lat' dir='ltr'><strong>Septima</strong></span> <span class='ocrx_word' id='word_1_680' title='bbox 1197 3794 1204 3817; x_wconf 93' lang='lat'>‚</span> <span class='ocrx_word' id='word_1_681' title='bbox 1219 3753 1360 3821; x_wconf 76' lang='lat' dir='ltr'><strong>Carmana,</strong></span> <span class='ocrx_word' id='word_1_682' title='bbox 1377 3756 1486 3811; x_wconf 81' lang='lat' dir='ltr'><strong>nrrnrine</strong></span> <span class='ocrx_word' id='word_1_683' title='bbox 1505 3757 1665 3821; x_wconf 78' lang='lat' dir='ltr'><strong>rinmlthaea,</strong></span> <span class='ocrx_word' id='word_1_684' title='bbox 1682 3775 1743 3830; x_wconf 85' lang='lat' dir='ltr'><strong>quae</strong></span> <span class='ocrx_word' id='word_1_685' title='bbox 1757 3777 1858 3816; x_wconf 84' lang='lat' dir='ltr'><strong>trtrrcm</strong></span> 
     </span>
     <span class='ocr_line' id='line_1_90' title="bbox 1061 3844 1860 3918; baseline 0.011 -21"><span class='ocrx_word' id='word_1_686' title='bbox 1061 3844 1145 3899; x_wconf 87' lang='lat' dir='ltr'><strong>libros</strong></span> <span class='ocrx_word' id='word_1_687' title='bbox 1159 3846 1250 3900; x_wconf 88' lang='lat' dir='ltr'><strong>attulit</strong></span> <span class='ocrx_word' id='word_1_688' title='bbox 1262 3846 1411 3916; x_wconf 85' lang='lat' dir='ltr'><strong>Tarquinio</strong></span> <span class='ocrx_word' id='word_1_689' title='bbox 1424 3847 1516 3903; x_wconf 87' lang='lat' dir='ltr'><strong>Prisco</strong></span> <span class='ocrx_word' id='word_1_690' title='bbox 1531 3889 1538 3912; x_wconf 97' lang='lat'><strong>,</strong></span> <span class='ocrx_word' id='word_1_691' title='bbox 1566 3850 1591 3904; x_wconf 91' lang='lat' dir='ltr'><strong>in</strong></span> <span class='ocrx_word' id='word_1_692' title='bbox 1608 3851 1706 3918; x_wconf 84' lang='lat' dir='ltr'><strong>qttilrus</strong></span> <span class='ocrx_word' id='word_1_693' title='bbox 1718 3860 1799 3906; x_wconf 88' lang='lat' dir='ltr'><strong>erant</strong></span> <span class='ocrx_word' id='word_1_694' title='bbox 1811 3853 1860 3906; x_wconf 88' lang='lat' dir='ltr'><strong>de-</strong></span> 
     </span>
     <span class='ocr_line' id='line_1_91' title="bbox 1061 3939 1857 4015; baseline 0.008 -23"><span class='ocrx_word' id='word_1_695' title='bbox 1061 3946 1134 3993; x_wconf 88' lang='lat' dir='ltr'><strong>creta</strong></span> <span class='ocrx_word' id='word_1_696' title='bbox 1149 3939 1270 3995; x_wconf 86' lang='lat' dir='ltr'><strong>llornana</strong></span> <span class='ocrx_word' id='word_1_697' title='bbox 1285 3940 1438 4011; x_wconf 85' lang='lat' dir='ltr'><strong>conscripta</strong></span> <span class='ocrx_word' id='word_1_698' title='bbox 1453 3958 1460 3995; x_wconf 79' lang='lat' dir='ltr'><strong>t</strong></span> <span class='ocrx_word' id='word_1_699' title='bbox 1477 3941 1535 4012; x_wconf 91' lang='lat' dir='ltr'><strong>ipsa</strong></span> <span class='ocrx_word' id='word_1_700' title='bbox 1553 3950 1595 3997; x_wconf 86' lang='grc' dir='ltr'><strong>εει</strong></span> <span class='ocrx_word' id='word_1_701' title='bbox 1612 3941 1730 3999; x_wconf 76' lang='lat' dir='ltr'><strong>Cumaea.</strong></span> <span class='ocrx_word' id='word_1_702' title='bbox 1748 3946 1787 4000; x_wconf 86' lang='lat' dir='ltr'><strong>lle</strong></span> <span class='ocrx_word' id='word_1_703' title='bbox 1802 3961 1857 4015; x_wconf 86' lang='lat' dir='ltr'><strong>qua</strong></span> 
     </span>
     <span class='ocr_line' id='line_1_92' title="bbox 1061 4025 1212 4100; baseline 0.007 -18"><span class='ocrx_word' id='word_1_704' title='bbox 1061 4025 1212 4100; x_wconf 78' lang='lat' dir='ltr'><strong>Virgilius:</strong></span> 
     </span>
     <span class='ocr_line' id='line_1_93' title="bbox 1152 4141 1680 4207; baseline 0.008 -15"><span class='ocrx_word' id='word_1_705' title='bbox 1152 4141 1241 4192; x_wconf 83' lang='lat' dir='ltr'><strong>Ultima</strong></span> <span class='ocrx_word' id='word_1_706' title='bbox 1253 4144 1342 4195; x_wconf 76' lang='lat' dir='ltr'><strong>Cutrraei</strong></span> <span class='ocrx_word' id='word_1_707' title='bbox 1355 4145 1480 4207; x_wconf 78' lang='lat' dir='ltr'><strong>veniliam</strong></span> <span class='ocrx_word' id='word_1_708' title='bbox 1492 4147 1603 4194; x_wconf 85' lang='lat' dir='ltr'><strong>carminis</strong></span> <span class='ocrx_word' id='word_1_709' title='bbox 1615 4154 1680 4196; x_wconf 85' lang='lat' dir='ltr'><strong>artas.</strong></span> 
     </span>
    </p>
   </div>
   <div class='ocr_carea' id='block_1_15' title="bbox 1060 4247 1857 4502">
    <p class='ocr_par' dir='ltr' id='par_1_16' title="bbox 1060 4247 1857 4502">
     <span class='ocr_line' id='line_1_94' title="bbox 1061 4247 1857 4320; baseline 0.011 -19"><span class='ocrx_word' id='word_1_710' title='bbox 1061 4247 1137 4301; x_wconf 86' lang='lat' dir='ltr'><strong>[licta</strong></span> <span class='ocrx_word' id='word_1_711' title='bbox 1160 4256 1249 4302; x_wconf 87' lang='lat' dir='ltr'><strong>autem</strong></span> <span class='ocrx_word' id='word_1_712' title='bbox 1270 4247 1417 4303; x_wconf 81' lang='lat' dir='ltr'><strong>Cumanae</strong></span> <span class='ocrx_word' id='word_1_713' title='bbox 1432 4249 1541 4304; x_wconf 80' lang='lat' dir='ltr'><strong>civitate</strong></span> <span class='ocrx_word' id='word_1_714' title='bbox 1554 4248 1666 4310; x_wconf 79' lang='lat' dir='ltr'><strong>Guntia,</strong></span> <span class='ocrx_word' id='word_1_715' title='bbox 1688 4265 1749 4320; x_wconf 78' lang='lat' dir='ltr'><strong>quae</strong></span> <span class='ocrx_word' id='word_1_716' title='bbox 1763 4259 1806 4307; x_wconf 89' lang='lat' dir='ltr'><strong>est</strong></span> <span class='ocrx_word' id='word_1_717' title='bbox 1825 4253 1857 4311; x_wconf 91' lang='lat' dir='ltr'><strong>in</strong></span> 
     </span>
     <span class='ocr_line' id='line_1_95' title="bbox 1060 4337 1855 4411; baseline 0.01 -19"><span class='ocrx_word' id='word_1_718' title='bbox 1060 4337 1220 4408; x_wconf 85' lang='lat' dir='ltr'><strong>Campania,</strong></span> <span class='ocrx_word' id='word_1_719' title='bbox 1234 4337 1310 4407; x_wconf 87' lang='lat' dir='ltr'><strong>cujus</strong></span> <span class='ocrx_word' id='word_1_720' title='bbox 1330 4337 1485 4411; x_wconf 88' lang='lat' dir='ltr'><strong>sepulcrum</strong></span> <span class='ocrx_word' id='word_1_721' title='bbox 1498 4339 1587 4394; x_wconf 85' lang='lat' dir='ltr'><strong>adlruc</strong></span> <span class='ocrx_word' id='word_1_722' title='bbox 1598 4340 1624 4395; x_wconf 92' lang='lat' dir='ltr'><strong>in</strong></span> <span class='ocrx_word' id='word_1_723' title='bbox 1642 4339 1732 4395; x_wconf 85' lang='lat' dir='ltr'><strong>Sicilia</strong></span> <span class='ocrx_word' id='word_1_724' title='bbox 1749 4355 1855 4400; x_wconf 87' lang='lat' dir='ltr'><strong>manet.</strong></span> 
     </span>
     <span class='ocr_line' id='line_1_96' title="bbox 1060 4427 1857 4502; baseline 0.006 -18"><span class='ocrx_word' id='word_1_725' title='bbox 1060 4427 1172 4493; x_wconf 83' lang='lat' dir='ltr'><strong>Octava,</strong></span> <span class='ocrx_word' id='word_1_726' title='bbox 1188 4428 1369 4499; x_wconf 89' lang='lat' dir='ltr'><strong>llcllcspoutia</strong></span> <span class='ocrx_word' id='word_1_727' title='bbox 1384 4430 1410 4484; x_wconf 94' lang='lat' dir='ltr'><strong>in</strong></span> <span class='ocrx_word' id='word_1_728' title='bbox 1425 4445 1489 4500; x_wconf 88' lang='lat' dir='ltr'><strong>agm</strong></span> <span class='ocrx_word' id='word_1_729' title='bbox 1503 4429 1620 4497; x_wconf 73' lang='lat' dir='ltr'><strong>Troiano</strong></span> <span class='ocrx_word' id='word_1_730' title='bbox 1633 4440 1775 4502; x_wconf 72' lang='lat' dir='ltr'><strong>nataque</strong></span> <span class='ocrx_word' id='word_1_731' title='bbox 1787 4436 1857 4489; x_wconf 83' lang='lat' dir='ltr'><strong>scri-</strong></span> 
     </span>
    </p>
   </div>
   <div class='ocr_carea' id='block_1_16' title="bbox 1025 4509 1857 4600">
    <p class='ocr_par' dir='ltr' id='par_1_17' title="bbox 1025 4509 1857 4600">
     <span class='ocr_line' id='line_1_97' title="bbox 1025 4509 1857 4600; baseline 0.005 -22"><span class='ocrx_word' id='word_1_732' title='bbox 1025 4509 1049 4568; x_wconf 82' lang='grc' dir='ltr'><strong>Ῐ)</strong></span> <span class='ocrx_word' id='word_1_733' title='bbox 1062 4524 1135 4578; x_wconf 89' lang='lat' dir='ltr'><strong>bitur</strong></span> <span class='ocrx_word' id='word_1_734' title='bbox 1150 4522 1258 4578; x_wconf 87' lang='lat' dir='ltr'><strong>Solonis</strong></span> <span class='ocrx_word' id='word_1_735' title='bbox 1269 4532 1296 4578; x_wconf 93' lang='lat' dir='ltr'><strong>et</strong></span> <span class='ocrx_word' id='word_1_736' title='bbox 1309 4523 1371 4595; x_wconf 82' lang='lat' dir='ltr'><strong>Cyri</strong></span> <span class='ocrx_word' id='word_1_737' title='bbox 1385 4522 1470 4580; x_wconf 82' lang='lat' dir='ltr'><strong>luisse</strong></span> <span class='ocrx_word' id='word_1_738' title='bbox 1483 4525 1660 4594; x_wconf 85' lang='lat' dir='ltr'><strong>temporibus.</strong></span> <span class='ocrx_word' id='word_1_739' title='bbox 1679 4525 1753 4581; x_wconf 87' lang='lat' dir='ltr'><strong>Nona</strong></span> <span class='ocrx_word' id='word_1_740' title='bbox 1768 4526 1857 4600; x_wconf 80' lang='lat' dir='ltr'><strong>rnry-</strong></span> 
     </span>
    </p>
   </div>
   <div class='ocr_carea' id='block_1_17' title="bbox 1055 4621 1858 5777">
    <p class='ocr_par' dir='ltr' id='par_1_18' title="bbox 1055 4621 1858 5777">
     <span class='ocr_line' id='line_1_98' title="bbox 1061 4621 1858 4694; baseline 0.006 -21"><span class='ocrx_word' id='word_1_741' title='bbox 1061 4621 1115 4693; x_wconf 89' lang='lat' dir='ltr'><strong>gia,</strong></span> <span class='ocrx_word' id='word_1_742' title='bbox 1145 4637 1207 4692; x_wconf 73' lang='lat' dir='ltr'><strong>qua:</strong></span> <span class='ocrx_word' id='word_1_743' title='bbox 1232 4621 1379 4676; x_wconf 72' lang='lat' dir='ltr'><strong>vaticinata</strong></span> <span class='ocrx_word' id='word_1_744' title='bbox 1402 4630 1445 4676; x_wconf 88' lang='lat' dir='ltr'><strong>est</strong></span> <span class='ocrx_word' id='word_1_745' title='bbox 1469 4621 1602 4693; x_wconf 65' lang='lat' dir='ltr'><strong>Anepsia.</strong></span> <span class='ocrx_word' id='word_1_746' title='bbox 1635 4622 1764 4689; x_wconf 88' lang='lat' dir='ltr'><strong>Decima,</strong></span> <span class='ocrx_word' id='word_1_747' title='bbox 1793 4639 1858 4694; x_wconf 78' lang='lat' dir='ltr'><strong>qum</strong></span> 
     </span>
     <span class='ocr_line' id='line_1_99' title="bbox 1061 4712 1857 4784; baseline 0.003 -16"><span class='ocrx_word' id='word_1_748' title='bbox 1061 4713 1183 4784; x_wconf 80' lang='lat' dir='ltr'><strong>Tyhurtii</strong></span> <span class='ocrx_word' id='word_1_749' title='bbox 1200 4714 1309 4770; x_wconf 81' lang='lat' dir='ltr'><strong>nontine</strong></span> <span class='ocrx_word' id='word_1_750' title='bbox 1334 4712 1466 4769; x_wconf 83' lang='lat' dir='ltr'><strong>lllhnnea.</strong></span> <span class='ocrx_word' id='word_1_751' title='bbox 1502 4713 1623 4781; x_wconf 79' lang='lat' dir='ltr'><strong>erarnm</strong></span> <span class='ocrx_word' id='word_1_752' title='bbox 1645 4716 1765 4770; x_wconf 85' lang='lat' dir='ltr'><strong>ornnium</strong></span> <span class='ocrx_word' id='word_1_753' title='bbox 1791 4731 1857 4770; x_wconf 79' lang='lat' dir='ltr'><strong>car·</strong></span> 
     </span>
     <span class='ocr_line' id='line_1_100' title="bbox 1060 4804 1857 4877; baseline 0 -17"><span class='ocrx_word' id='word_1_754' title='bbox 1060 4806 1133 4860; x_wconf 91' lang='lat' dir='ltr'><strong>mina</strong></span> <span class='ocrx_word' id='word_1_755' title='bbox 1147 4805 1305 4866; x_wconf 82' lang='lat' dir='ltr'><strong>efferuntur,</strong></span> <span class='ocrx_word' id='word_1_756' title='bbox 1333 4805 1361 4859; x_wconf 93' lang='lat' dir='ltr'><strong>in</strong></span> <span class='ocrx_word' id='word_1_757' title='bbox 1389 4806 1487 4877; x_wconf 89' lang='lat' dir='ltr'><strong>quihus</strong></span> <span class='ocrx_word' id='word_1_758' title='bbox 1507 4804 1541 4862; x_wconf 87' lang='lat' dir='ltr'><strong>de</strong></span> <span class='ocrx_word' id='word_1_759' title='bbox 1565 4806 1620 4861; x_wconf 83' lang='lat' dir='ltr'><strong>beo</strong></span> <span class='ocrx_word' id='word_1_760' title='bbox 1641 4814 1667 4862; x_wconf 86' lang='lat' dir='ltr'><strong>ct</strong></span> <span class='ocrx_word' id='word_1_761' title='bbox 1694 4806 1804 4862; x_wconf 88' lang='lat' dir='ltr'><strong>Christo</strong></span> <span class='ocrx_word' id='word_1_762' title='bbox 1827 4817 1857 4863; x_wconf 87' lang='lat' dir='ltr'><strong>et</strong></span> 
     </span>
     <span class='ocr_line' id='line_1_101' title="bbox 1059 4895 1857 4968; baseline -0.001 -17"><span class='ocrx_word' id='word_1_763' title='bbox 1059 4897 1184 4968; x_wconf 88' lang='lat' dir='ltr'><strong>gentihus</strong></span> <span class='ocrx_word' id='word_1_764' title='bbox 1212 4896 1295 4950; x_wconf 78' lang='lat' dir='ltr'><strong>inulta</strong></span> <span class='ocrx_word' id='word_1_765' title='bbox 1319 4896 1462 4967; x_wconf 89' lang='lat' dir='ltr'><strong>scripsisse</strong></span> <span class='ocrx_word' id='word_1_766' title='bbox 1486 4895 1705 4952; x_wconf 76' lang='lat' dir='ltr'><strong>manifestissime</strong></span> <span class='ocrx_word' id='word_1_767' title='bbox 1728 4913 1857 4967; x_wconf 88' lang='lat' dir='ltr'><strong>compro-</strong></span> 
     </span>
     <span class='ocr_line' id='line_1_102' title="bbox 1059 4984 1855 5057; baseline 0.004 -16"><span class='ocrx_word' id='word_1_768' title='bbox 1059 4985 1168 5041; x_wconf 89' lang='lat' dir='ltr'><strong>bantur.</strong></span> <span class='ocrx_word' id='word_1_769' title='bbox 1180 4984 1319 5040; x_wconf 86' lang='lat' dir='ltr'><strong>Celcbrior</strong></span> <span class='ocrx_word' id='word_1_770' title='bbox 1329 4986 1400 5039; x_wconf 89' lang='lat' dir='ltr'><strong>inter</strong></span> <span class='ocrx_word' id='word_1_771' title='bbox 1409 4994 1522 5041; x_wconf 74' lang='lat' dir='ltr'><strong>catenas</strong></span> <span class='ocrx_word' id='word_1_772' title='bbox 1536 5001 1567 5040; x_wconf 88' lang='lat' dir='ltr'><strong>ac</strong></span> <span class='ocrx_word' id='word_1_773' title='bbox 1586 4986 1700 5042; x_wconf 88' lang='lat' dir='ltr'><strong>nobilior</strong></span> <span class='ocrx_word' id='word_1_774' title='bbox 1711 4986 1855 5057; x_wconf 74' lang='lat' dir='ltr'><strong>Erp&#39;tlnaea</strong></span> 
     </span>
     <span class='ocr_line' id='line_1_103' title="bbox 1059 5075 1857 5147; baseline 0.004 -16"><span class='ocrx_word' id='word_1_775' title='bbox 1059 5076 1219 5146; x_wconf 84' lang='lat' dir='ltr'><strong>perhibetur</strong></span> <span class='ocrx_word' id='word_1_776' title='bbox 1235 5117 1242 5142; x_wconf 96' lang='lat'><strong>,</strong></span> <span class='ocrx_word' id='word_1_777' title='bbox 1260 5092 1320 5146; x_wconf 80' lang='lat' dir='ltr'><strong>qum</strong></span> <span class='ocrx_word' id='word_1_778' title='bbox 1339 5076 1373 5132; x_wconf 86' lang='lat' dir='ltr'><strong>de</strong></span> <span class='ocrx_word' id='word_1_779' title='bbox 1394 5076 1503 5132; x_wconf 85' lang='lat' dir='ltr'><strong>Christo</strong></span> <span class='ocrx_word' id='word_1_780' title='bbox 1518 5075 1640 5147; x_wconf 77' lang='lat' dir='ltr'><strong>quaedam</strong></span> <span class='ocrx_word' id='word_1_781' title='bbox 1667 5076 1796 5147; x_wconf 89' lang='lat' dir='ltr'><strong>scripsit,</strong></span> <span class='ocrx_word' id='word_1_782' title='bbox 1825 5090 1857 5134; x_wconf 89' lang='lat' dir='ltr'><strong>ut</strong></span> 
     </span>
     <span class='ocr_line' id='line_1_104' title="bbox 1059 5168 1856 5241; baseline 0 -17"><span class='ocrx_word' id='word_1_783' title='bbox 1059 5178 1122 5224; x_wconf 89' lang='lat' dir='ltr'><strong>sunt</strong></span> <span class='ocrx_word' id='word_1_784' title='bbox 1145 5185 1240 5225; x_wconf 76' lang='lat' dir='ltr'><strong>sersus</strong></span> <span class='ocrx_word' id='word_1_785' title='bbox 1257 5168 1393 5239; x_wconf 84' lang='lat' dir='ltr'><strong>ejusdem,</strong></span> <span class='ocrx_word' id='word_1_786' title='bbox 1415 5170 1442 5224; x_wconf 94' lang='lat' dir='ltr'><strong>in</strong></span> <span class='ocrx_word' id='word_1_787' title='bbox 1466 5185 1580 5241; x_wconf 91' lang='lat' dir='ltr'><strong>quornm</strong></span> <span class='ocrx_word' id='word_1_788' title='bbox 1609 5169 1743 5240; x_wconf 86' lang='lat' dir='ltr'><strong>capitibus</strong></span> <span class='ocrx_word' id='word_1_789' title='bbox 1763 5185 1856 5239; x_wconf 69' lang='lat' dir='ltr'><strong>graeca</strong></span> 
     </span>
     <span class='ocr_line' id='line_1_105' title="bbox 1059 5259 1855 5332; baseline 0.001 -19"><span class='ocrx_word' id='word_1_790' title='bbox 1059 5260 1149 5332; x_wconf 85' lang='lat' dir='ltr'><strong>lingua</strong></span> <span class='ocrx_word' id='word_1_791' title='bbox 1168 5260 1260 5317; x_wconf 89' lang='lat' dir='ltr'><strong>lcsous</strong></span> <span class='ocrx_word' id='word_1_792' title='bbox 1275 5260 1397 5316; x_wconf 85' lang='lat' dir='ltr'><strong>Christos</strong></span> <span class='ocrx_word' id='word_1_793' title='bbox 1424 5259 1513 5316; x_wconf 81' lang='lat' dir='ltr'><strong>Theon</strong></span> <span class='ocrx_word' id='word_1_794' title='bbox 1531 5261 1587 5331; x_wconf 78' lang='lat' dir='ltr'><strong>gio:</strong></span> <span class='ocrx_word' id='word_1_795' title='bbox 1601 5271 1671 5315; x_wconf 87' lang='lat' dir='ltr'><strong>soter</strong></span> <span class='ocrx_word' id='word_1_796' title='bbox 1685 5261 1855 5325; x_wconf 87' lang='lat' dir='ltr'><strong>continetur,</strong></span> 
     </span>
     <span class='ocr_line' id='line_1_106' title="bbox 1059 5350 1856 5424; baseline 0.001 -18"><span class='ocrx_word' id='word_1_797' title='bbox 1059 5353 1131 5423; x_wconf 86' lang='lat' dir='ltr'><strong>qnod</strong></span> <span class='ocrx_word' id='word_1_798' title='bbox 1143 5353 1227 5408; x_wconf 88' lang='lat' dir='ltr'><strong>latine</strong></span> <span class='ocrx_word' id='word_1_799' title='bbox 1246 5353 1453 5424; x_wconf 86' lang='lat' dir='ltr'><strong>interpretatur,</strong></span> <span class='ocrx_word' id='word_1_800' title='bbox 1468 5350 1547 5408; x_wconf 74' lang='lat' dir='ltr'><strong>Iesus</strong></span> <span class='ocrx_word' id='word_1_801' title='bbox 1562 5351 1684 5412; x_wconf 82' lang='lat' dir='ltr'><strong>Christus</strong></span> <span class='ocrx_word' id='word_1_802' title='bbox 1701 5351 1750 5406; x_wconf 85' lang='lat' dir='ltr'><strong>Dei</strong></span> <span class='ocrx_word' id='word_1_803' title='bbox 1766 5350 1856 5407; x_wconf 78' lang='lat' dir='ltr'><strong>Filius</strong></span> 
     </span>
     <span class='ocr_line' id='line_1_107' title="bbox 1058 5441 1854 5514; baseline -0.001 -16"><span class='ocrx_word' id='word_1_804' title='bbox 1058 5441 1188 5499; x_wconf 66' lang='lat' dir='ltr'><strong>&amp;luctor</strong></span> <span class='ocrx_word' id='word_1_805' title='bbox 1203 5443 1235 5498; x_wconf 89' lang='lat' dir='ltr'><strong>lli</strong></span> <span class='ocrx_word' id='word_1_806' title='bbox 1250 5454 1340 5500; x_wconf 88' lang='lat' dir='ltr'><strong>autem</strong></span> <span class='ocrx_word' id='word_1_807' title='bbox 1355 5459 1459 5507; x_wconf 84' lang='lat' dir='ltr'><strong>rersus,</strong></span> <span class='ocrx_word' id='word_1_808' title='bbox 1471 5459 1585 5514; x_wconf 91' lang='lat' dir='ltr'><strong>quorum</strong></span> <span class='ocrx_word' id='word_1_809' title='bbox 1598 5443 1694 5514; x_wconf 78' lang='lat' dir='ltr'><strong>priruae</strong></span> <span class='ocrx_word' id='word_1_810' title='bbox 1706 5443 1805 5500; x_wconf 67' lang='lat' dir='ltr'><strong>litterae</strong></span> <span class='ocrx_word' id='word_1_811' title='bbox 1819 5443 1854 5497; x_wconf 95' lang='lat' dir='ltr'><strong>il-</strong></span> 
     </span>
     <span class='ocr_line' id='line_1_108' title="bbox 1057 5533 1855 5604; baseline 0 -18"><span class='ocrx_word' id='word_1_812' title='bbox 1057 5533 1111 5587; x_wconf 92' lang='lat' dir='ltr'><strong>lum</strong></span> <span class='ocrx_word' id='word_1_813' title='bbox 1123 5550 1241 5598; x_wconf 85' lang='lat' dir='ltr'><strong>sensum,</strong></span> <span class='ocrx_word' id='word_1_814' title='bbox 1250 5550 1329 5604; x_wconf 87' lang='lat' dir='ltr'><strong>quem</strong></span> <span class='ocrx_word' id='word_1_815' title='bbox 1343 5534 1460 5589; x_wconf 82' lang='lat' dir='ltr'><strong>diximus</strong></span> <span class='ocrx_word' id='word_1_816' title='bbox 1469 5533 1592 5597; x_wconf 85' lang='lat' dir='ltr'><strong>reddant,</strong></span> <span class='ocrx_word' id='word_1_817' title='bbox 1604 5533 1675 5587; x_wconf 89' lang='lat' dir='ltr'><strong>sicut</strong></span> <span class='ocrx_word' id='word_1_818' title='bbox 1684 5547 1731 5587; x_wconf 87' lang='lat' dir='ltr'><strong>cos</strong></span> <span class='ocrx_word' id='word_1_819' title='bbox 1741 5533 1855 5602; x_wconf 87' lang='lat' dir='ltr'><strong>quidam</strong></span> 
     </span>
     <span class='ocr_line' id='line_1_109' title="bbox 1056 5623 1856 5696; baseline -0.001 -19"><span class='ocrx_word' id='word_1_820' title='bbox 1056 5623 1148 5680; x_wconf 88' lang='lat' dir='ltr'><strong>latinis</strong></span> <span class='ocrx_word' id='word_1_821' title='bbox 1169 5626 1337 5681; x_wconf 82' lang='lat' dir='ltr'><strong>exstantibus</strong></span> <span class='ocrx_word' id='word_1_822' title='bbox 1362 5623 1484 5681; x_wconf 83' lang='lat' dir='ltr'><strong>versibus</strong></span> <span class='ocrx_word' id='word_1_823' title='bbox 1505 5633 1547 5681; x_wconf 87' lang='grc' dir='ltr'><strong>εει</strong></span> <span class='ocrx_word' id='word_1_824' title='bbox 1564 5624 1779 5696; x_wconf 84' lang='lat' dir='ltr'><strong>interpretatus,</strong></span> <span class='ocrx_word' id='word_1_825' title='bbox 1802 5623 1856 5678; x_wconf 83' lang='lat' dir='ltr'><strong>bue</strong></span> 
     </span>
     <span class='ocr_line' id='line_1_110' title="bbox 1055 5718 1217 5777; baseline 0.019 -7"><span class='ocrx_word' id='word_1_826' title='bbox 1055 5718 1217 5777; x_wconf 73' lang='lat' dir='ltr'><strong>coritinent:</strong></span> 
     </span>
    </p>
   </div>
   <div class='ocr_carea' id='block_1_18' title="bbox 0 0 2026 6197">
    <p class='ocr_par' dir='ltr' id='par_1_19' title="bbox 0 0 2026 6197">
     <span class='ocr_line' id='line_1_111' title="bbox 0 0 2026 6197; baseline 0 0"><span class='ocrx_word' id='word_1_827' title='bbox 0 0 2026 6197; x_wconf 95' lang='lat' dir='ltr'><strong> </strong></span> 
     </span>
    </p>
   </div>
  </div>
 </body>
</html>
