4042 6200
438 298 454 351 Ι
470 293 563 349 :¹57

1309 281 1672 339 ExpostTto
1710 279 1942 338 SUPER
1975 280 2344 339 JssssffltlAtt.
2384 314 2457 329 ·-
2493 287 2620 342 [ΑΒ.
2659 287 2772 343 xn.

3555 297 3690 356 1058

430 427 451 463 ι
481 407 604 479 (sive
638 403 758 474 solii
787 399 1048 457 facientes
1079 398 1278 454 rualem
1303 397 1355 452 in
1379 397 1550 451 oculis
1573 395 1707 452 meis
1728 396 1796 449 ab
1819 395 1998 451 adole·
2026 399 2075 458 A
2102 398 2194 469 qui
2229 413 2357 454 vero
2394 408 2600 472 tergum
2646 404 2825 471 vertit,
2861 408 2975 474 ipso
3014 413 3164 475 gestu
3216 411 3454 480 corporis
3490 412 3692 472 indicat

432 519 450 552 ι
496 497 702 553 scentia
748 509 865 549 sua.
904 513 923 546 ι
970 488 1237 564 (Hieron.)
1287 488 1525 549 Verbum
1571 487 1893 543 llebraicum
1925 498 2005 576 'lte
2108 504 2166 545 se
2195 490 2463 567 negligere
2505 495 3046 569 comminantem,et
3086 497 3219 562 hoc,
3249 499 3354 565 ait,
3400 499 3687 562 faciebam,

428 589 617 661 Aquila
648 588 1033 655 interpretatus
1070 590 1152 636 est
1179 581 1306 640 πλὴν
1339 620 1354 644 ,
1399 579 1541 648 quod
1571 576 2006 646 conjunctionem

427 688 777 738 cerumtamen
812 674 1101 746 significat.
1161 671 1473 743 Symmachi
1529 670 1701 741 prima
1728 669 1914 735 editi0,
1952 677 2010 724 et

425 769 589 837 Lxx,
618 777 674 823 et
700 765 1002 821 Theodotio
1030 762 1169 818 solos
1204 760 1546 831 interpertati
1581 767 1728 824 sunt,
1768 760 2006 815 secunda

423 862 621 933 quippe
645 855 953 929 Symmachi
979 854 1140 909 vertit
1187 852 1365 918 διόλον,
1395 867 1554 922 quem
1586 858 1640 905 et
1668 866 1765 905 nos
1814 850 2010 921 inproe-

426 953 718 1008 sentiarum
742 948 911 1004 secuti
939 962 1148 1010 sumuS,
1188 954 1245 1000 ut
1267 946 1570 1000 diceremus
1606 943 2007 1015 jnqitenDica-

428 1058 546 1096 inus
573 1041 735 1112 igitur
762 1038 994 1108 primum
1016 1034 1174 1105 juxta
1204 1034 1528 1090 llebraicum
1554 1052 1567 1088 ε
1599 1033 1719 1089 Filii
1745 1033 1932 1099 lsrael,
1955 1042 2011 1090 et

429 1133 518 1187 tihi
556 1132 690 1187 Juda
713 1129 916 1201 jugiter
938 1127 1199 1184 facientes
1230 1127 1447 1182 malum.
1474 1126 1543 1182 Et
1571 1128 1778 1193 decem,
1813 1126 2005 1195 inquit,

427 1234 479 1277 ct
509 1222 627 1275 dum
658 1218 828 1274 trihus
855 1217 1052 1272 malum
1081 1217 1198 1272 sine
1227 1217 1527 1272 cessatione
1554 1214 1819 1280 fecerunt,
1842 1224 1897 1269 et
1918 1215 2009 1286 ju-

428 1314 509 1384 gis
549 1311 628 1365 eis
657 1308 758 1363 l'uit
786 1308 841 1362 in
884 1307 1132 1377 pessimis
1178 1305 1432 1375 operibus
1474 1303 1895 1375 perseverantia.
1950 1301 2010 1358 Si

430 1411 607 1456 antem
629 1397 774 1470 jugis
804 1405 858 1453 et
878 1410 1090 1465 semper
1114 1399 1169 1449 ln
1198 1401 1311 1448 toto
1333 1392 1549 1464 populo,
1579 1391 1672 1448 ubi
1695 1399 1779 1447 est
1801 1386 2013 1462 justitia

430 1488 797 1560 sempiterna?
818 1485 1009 1552 Porro,
1030 1485 1183 1555 juxta
1213 1481 1373 1547 Lxx,
1406 1481 1498 1553 qui
1526 1481 1807 1537 dixerunt:
1847 1499 1866 1532 ι
1902 1479 2016 1536 Soli

2185 596 2205 630 ι
2242 579 2377 634 Cum
2421 580 2671 636 docerem
2720 597 2814 638 eos
2862 584 3134 651 diluculo,
3192 595 3246 642 et
3293 591 3562 647 erudirem
3592 611 3605 649 :
3633 605 3689 652 et

2114 686 2132 719 ι
2169 668 2600 736 nollentaudire,
2650 680 2706 726 ut
2733 675 3043 743 acciperent
3078 678 3437 754 disciplinam.
3466 703 3485 737 ι
3520 684 3692 755 Fuga·

2111 760 2180 816 tis
2220 762 2424 818 erroris
2471 762 2728 830 tenebris,
2772 772 2826 819 et
2874 767 3020 822 omni
3063 768 3326 826 idolorum
3359 773 3527 841 cultu,
3570 791 3692 834 mea

2111 855 2377 910 sententia
2406 855 2686 911 confutata
2716 858 2956 926 quotidie
2983 860 3148 916 corda
3177 875 3365 916 eorum
3391 862 3696 920 illuminare

2111 948 2414 1017 cupiebam,
2445 956 2499 1004 et
2523 950 2716 1007 docere
2738 966 2855 1021 quae
2886 961 3035 1008 recta
3076 963 3222 1009 sunt.
3256 954 3325 1011 Et
3352 964 3414 1010 ut
3461 956 3691 1012 liberum

2111 1048 2358 1095 servaret
2377 1039 2659 1116 arbitrium
2679 1082 2694 1108 ,
2717 1039 2898 1113 jungit
2942 1049 2999 1117 et
3023 1042 3155 1100 dicit
3182 1062 3196 1101 z
3230 1064 3250 1098 ι
3279 1052 3337 1101 et
3355 1044 3559 1101 nollent
3599 1062 3697 1102 au·-

2114 1127 2251 1194 dire,
2283 1137 2343 1183 ut
2364 1129 2673 1200 acciperent
2702 1130 3058 1201 disciplinam.
3095 1151 3116 1187 ›
3151 1116 3447 1204 Sequitur:
3647 1198 3655 1205 ,

2189 1236 2208 1269 ι
2246 1218 2314 1274 Ει
2345 1232 2637 1290 posuerunt
2665 1219 2809 1277 idola
2832 1235 2931 1277 sua
2959 1220 3017 1278 in
3044 1221 3226 1290 domo,
3266 1226 3318 1281 iu
3342 1207 3456 1297 qua.
3480 1226 3694 1293 invoca-

2120 1325 2139 1359 «
2175 1315 2286 1362 tum
2313 1315 2399 1363 est
2437 1323 2632 1364 nomen
2674 1324 2877 1377 meum,
2925 1317 2985 1367 ut
3015 1296 3317 1383 polluerent
3348 1325 3491 1366 eam.
3521 1332 3541 1366 ι
3572 1312 3692 1369 Non

2115 1394 2289 1451 solum
2307 1410 2374 1450 eo
2401 1404 2641 1467 tempore
2655 1394 2820 1455 Judas
2837 1398 3098 1469 posuitin
3126 1398 3323 1470 templo
3345 1399 3441 1455 Dei
3460 1409 3695 1469 statuam

2112 1483 2277 1552 idoli,
2304 1499 2466 1556 quam
2498 1485 2554 1541 in
2583 1483 2882 1543 Ezechielis
2912 1488 3177 1560 principio
3206 1487 3433 1562 legimus
3463 1471 3693 1561 (Ezecli.

432 1579 690 1637 facientes
727 1576 948 1643 malum,
1000 1595 1019 1628 ›
1067 1575 1241 1630 oritur
1276 1572 1510 1647 ‘quaestio
1543 1589 1557 1625 :
1610 1568 1750 1624 Num
1795 1577 1849 1625 et
1893 1568 2014 1626 aliae
2115 1573 2243 1645 vm)
2276 1590 2291 1629 ε
2325 1572 2420 1630 sed
2446 1589 2616 1644 usque
2644 1574 2805 1632 hodie
2836 1575 2891 1630 in
2916 1575 3077 1632 domo
3106 1578 3352 1644 Domini,
3380 1595 3500 1650 qua:
3531 1579 3698 1637 inter-

428 1681 617 1744 gcntes
645 1685 709 1725 eo
760 1676 999 1737 tempore
1053 1681 1160 1738 quo
1187 1663 1351 1720 lsrael
1399 1661 1671 1731 Judasque
1695 1660 2012 1732 peccabant,
2115 1671 2362 1739 pretatur
2378 1662 2641 1732 Ecclesia,
2658 1666 2773 1721 sive
2799 1666 2852 1720 in
2872 1666 3037 1723 corde
3057 1665 3341 1738 animaque
3361 1670 3697 1726 credentium

434 1764 633 1819 malum
663 1775 770 1815 non
799 1756 1040 1814 fecerunt
1061 1757 1085 1811 ἲ
1110 1753 1262 1822 Quod
1304 1752 1383 1809 ⁸50
1408 1751 1637 1809 solvitur
1672 1768 1687 1829 ἶ
1731 1749 1821 1820 (ῐῐῐῖ
1849 1749 2013 1805 habet
2040 1742 2088 1804 Β
2116 1757 2333 1826 ponitur
2353 1756 2576 1823 idolum,
2598 1757 2814 1829 qnando
2834 1773 3032 1814 novum
3055 1758 3243 1830 dogma
3260 1760 3625 1827 constituitur,
3644 1769 3702 1821 et

435 1853 677 1909 notitiam
709 1851 826 1915 Dei,
863 1857 918 1903 et
941 1846 1147 1904 recedit
1169 1845 1237 1900 ab
1265 1858 1352 1910 ee,
1376 1841 1522 1899 solus
1549 1848 1742 1913 peccat
1762 1839 1815 1894 in
1838 1838 2010 1913 oculis
2107 1845 2260 1915 juxta
2292 1846 2771 1904 Deuteronomium
2804 1850 3059 1906 adoratur
3090 1848 3145 1904 in
3178 1849 3491 1907 abscondito
3519 1852 3696 1925 (Dent.

433 1945 548 2000 Dei.
576 1941 678 2009 Qui
705 1954 836 1996 vero
874 1935 1134 1993 increduli
1163 1932 1584 2006 permanserint,
1607 1930 1760 2003 quasi
1789 1927 1881 1985 illo
1905 1944 2012 1986 non

429 2035 646 2089 vidente
669 2039 725 2087 et
752 2028 1075 2101 negligente,
1103 2025 1437 2096 delinquunt.
1481 2021 1635 2079 Unde
1661 2029 1715 2077 et
1737 2021 1907 2076 David
1932 2019 2016 2074 vir

431 2135 670 2190 sanctus,
720 2122 847 2194 quia
887 2124 1167 2176 corruerat
1209 2117 1262 2172 in
1306 2122 1585 2186 peccatum
1639 2111 1827 2191 uxoris
1870 2109 2048 2188 Uritu-

430 2218 728 2273 Bethsabee
779 2224 944 2285 agens
965 2217 1156 2285 postea
1183 2205 1556 2279 poenitentiam
1613 2202 1699 2276 (11
1736 2201 1862 2272 Rey.
1915 2198 2016 2273 nt)

433 2307 696 2378 loquitur:
718 2324 737 2357 ‹
760 2303 879 2358 Tibi
908 2300 1007 2357 soli
1027 2298 1264 2369 peceavi,
1292 2304 1350 2352 et
1377 2294 1577 2351 malum
1597 2306 1780 2348 coram
1810 2296 1864 2345 te
1890 2287 2016 2354 feci,

433 2398 487 2454 id
519 2404 602 2452 est
627 2395 681 2449 in
709 2400 1000 2462 conspectu
1022 2398 1115 2445 tuo
1139 2385 1320 2461 (psat.
1351 2402 1382 2441 ι.
1395 2390 1438 2453 j.
1468 2382 1707 2452 benique
1726 2377 1974 2451 jungitur
2002 2393 2014 2429 :

440 2506 459 2539 ι
506 2484 603 2542 soli
643 2483 905 2539 facientes
957 2479 1156 2535 malum
1207 2477 1262 2532 in
1296 2474 1470 2531 oculis
1497 2471 1654 2535 meis,
1703 2478 1759 2525 et
1800 2469 1855 2522 in
1883 2479 2040 2551 con-1

435 2589 622 2650 spectu
644 2592 764 2632 meo
791 2574 860 2630 ab
882 2569 1249 2628 adolescentia
1275 2584 1394 2624 sua.
1418 2588 1437 2622 ι
1457 2567 1715 2636 Quodque
1738 2560 2016 2630 sequitur:

441 2689 459 2720 ‹
493 2669 612 2723 Filii
633 2665 796 2722 lsrael
814 2664 907 2736 qui
928 2677 1100 2733 usque
1119 2677 1262 2717 nunc
1277 2657 1675 2717 exacerbabant
1687 2668 1772 2709 me
1789 2653 1842 2707 in
1857 2663 2019 2722 opere

437 2774 692 2815 manuum
739 2769 981 2820 suarum,
1031 2752 1168 2808 dicit
1219 2750 1498 2814 Dominus,
1549 2766 1571 2829 ‚⁸
1618 2746 1674 2800 in
1714 2742 1859 2798 Lxx
1914 2754 2021 2795 non

435 2850 757 2915 habetur-,et
777 2846 845 2903 de
866 2845 1133 2903 Hebraico
1160 2842 1402 2898 additum
1439 2846 1542 2895 est.
1572 2837 1711 2905 Quia
1744 2844 1925 2890 autem
1952 2831 2022 2886 ab

437 2939 796 2995 adolescentia
831 2953 927 2993 sua
976 2949 1148 3004 nsque
1182 2933 1248 2987 ad
1270 2939 1590 3002 praesentem
1637 2928 1779 2984 diem
1820 2923 2025 2994 iugiter

2117 1933 2211 2006 tv)
2247 1953 2260 1990 :
2294 1953 2313 1985 ι
2341 1935 2595 2002 Nescitis,
2625 1936 2823 2008 inquit,
2855 1937 2981 2009 quia
3020 1937 3276 2009 templum
3321 1938 3415 1995 Dei
3454 1942 3616 2009 estis,
3644 1953 3701 1999 et

2116 2025 2339 2095 spiritus
2378 2025 2474 2082 Dei
2507 2026 2717 2082 habitat
2753 2027 2805 2082 in
2835 2026 3030 2099 vobis?
3064 2047 3083 2081 ι
3118 2026 3170 2100 (Ι
3202 2026 3322 2082 Cor.
3354 2029 3461 2102 ιιι.)

2190 2134 2210 2168 ι
2242 2116 2309 2170 Et
2334 2115 2736 2174 :edificaverunt
2772 2116 2985 2174 excelsa
3025 2116 3176 2189 (sire
3200 2134 3325 2175 aras
3341 2134 3360 2191 )
3386 2107 3535 2188 Βξιειῐ,
3575 2137 3702 2192 quur

2123 2228 2141 2260 ι
2174 2209 2379 2268 suntin
2407 2206 2545 2265 valle
2576 2208 2672 2265 mii
2704 2208 2933 2276 Ennom,
2971 2217 3029 2264 ut
3065 2209 3345 2264 initiarent
3386 2209 3525 2266 lilios
3569 2228 3700 2267 snos

2124 2315 2142 2346 ‹
2176 2305 2237 2368 et
2276 2296 2414 2352 filias
2462 2311 2588 2353 suas
2635 2285 2779 2354 idolo
2828 2296 3057 2353 Moloch.
3096 2318 3116 2352 ι
3167 2298 3273 2353 Pro
3317 2298 3607 2375 initiarent⁸
3641 2304 3694 2359 in

2100 2384 2383 2442 ‘llcbraico
2404 2385 2664 2460 scriptum
2698 2396 2780 2443 est
2802 2395 2962 2453 vav,
2987 2371 3129 2458 quod
3145 2388 3337 2459 Aquita
3361 2399 3415 2446 et
3446 2388 3698 2463 Symma-

2120 2479 2254 2534 chus
2303 2477 2729 2547 transducerent,
2780 2477 2925 2534 Lxx
2982 2487 3036 2535 et
3072 2479 3407 2549 Theodotio,
3452 2485 3700 2554 afferrent

2124 2567 2458 2638 interpretati
2485 2575 2630 2625 sunt.
2669 2568 2745 2624 De
2763 2569 2902 2627 valle
2925 2570 3160 2626 liliorum
3188 2571 3418 2641 Ennom,
3446 2589 3564 2645 quae
3596 2575 3702 2631 lle·-

2120 2656 2304 2712 braice
2344 2657 2544 2713 dicitur
2574 2666 2740 2721 mma
2777 2674 2940 2731 supra
2992 2659 3203 2730 plenius
3253 2661 3520 2730 diximus,
3562 2652 3700 2732 quod

2124 2749 2401 2820 subjaceat
2448 2746 2594 2806 Siloe
2635 2749 2905 2817 fontibus,
2956 2761 3011 2808 et
3062 2754 3374 2810 amoenitate
3415 2755 3534 2828 sui,
3579 2756 3709 2826 quia

2125 2840 2274 2897 locus
2299 2839 2535 2914 irriguus
2569 2849 2687 2908 est,
2724 2841 2979 2914 populum
3022 2842 3185 2900 lsrael
3229 2846 3600 2916 provocaverit
3641 2847 3711 2903 ad

2127 2930 2415 2997 luxuriam,
2432 2945 2593 3002 quam
2616 2930 2880 2988 idolorum
2901 2931 3079 2988 cultus
3099 2932 3361 3002 sequitur.
3378 2913 3712 2996 Notandum-

436 3032 778 3103 deliquerunt
809 3048 823 3084 z
851 3028 974 3083 ideo
995 3026 1142 3099 justa
1170 3022 1445 3080 sententia
1481 3020 1576 3076 Dei
1602 3027 1709 3086 est,
1741 3025 1798 3075 et
1823 3013 2022 3072 merito
2125 3037 2231 3092 qne
2276 3021 2419 3092 quod
2454 3034 2564 3076 arae
2591 3029 2647 3077 et
2673 3022 2888 3077 excelsa
2925 3020 3191 3078 Hebraico
3238 3038 3488 3080 sermone
3537 3028 3711 3100 appot-

439 3123 717 3193 Scriptura
757 3119 995 3176 contexit
1031 3134 1045 3174 ε

518 3233 536 3264 ι
567 3211 624 3265 ln
652 3210 834 3265 surore
862 3218 917 3264 et
943 3209 996 3262 in
1034 3205 1397 3278 indignatione
1425 3216 1546 3259 mea
1584 3201 1727 3258 sacta
1756 3207 1840 3255 est
1881 3197 2017 3253 mihi

446 3322 464 3352 ι
499 3300 690 3356 civitas
713 3300 852 3363 haec,
875 3313 908 3350 a
935 3297 1023 3352 die
1043 3310 1148 3365 qua
1169 3294 1576 3349 :edificaverunt
1595 3305 1715 3346 eam
1740 3301 1914 3359 usque
1947 3287 2015 3341 ad

447 3415 465 3446 ι
502 3393 644 3448 diem
671 3394 853 3454 istam,
888 3404 993 3459 qua
1021 3387 1300 3442 auferetur
1324 3385 1392 3441 de
1429 3388 1881 3453 conspectuweo.
1910 3398 1930 3433 ι
1957 3378 2016 3435 Si

440 3498 505 3536 cx
527 3496 594 3536 eo
618 3488 856 3549 tempore
877 3491 986 3546 quo
997 3475 1234 3533 civitatis
1253 3473 1400 3544 jacta
1422 3480 1551 3529 sunt
1567 3470 1915 3526 fundamenta
1936 3482 2021 3522 us-

443 3587 550 3641 que
576 3570 646 3624 ad
671 3570 810 3624 itanc
834 3568 998 3633 diem,
1027 3564 1243 3636 quando
1271 3573 1429 3633 capta
1459 3572 1545 3617 est
1568 3568 1732 3629 atque
1759 3570 2017 3614 succensa

443 3672 500 3718 et
521 3660 732 3719 sublata
755 3661 823 3717 de
852 3669 1142 3731 conspectu
1168 3658 1381 3714 Domini
1409 3656 1527 3722 ruit,
1559 3667 1776 3725 semper
1801 3652 1856 3707 in
1885 3651 2018 3707 vitio

443 3764 499 3808 ct
529 3752 895 3824 indignatione
928 3759 1116 3807 contra
1139 3764 1198 3805 se
1218 3748 1386 3804 Deum
1413 3744 1757 3818 provocavit,
1795 3741 1886 3797 ubi
1916 3749 2018 3808 cst,

447 3852 506 3897 ut
525 3857 667 3911 saepe
690 3839 801 3909 jam
828 3840 1086 3905 diximus,
1109 3846 1453 3909 peccatorum
1480 3835 1670 3905 quies?

521 3952 540 3983 ι
574 3932 807 4001 Propter
832 3930 1118 3995 malitiam,
1149 3929 1342 3998 inquit,
1387 3925 1620 3981 tiliorum
1645 3921 1832 3988 lsrael,
1874 3930 1933 3978 et
1958 3920 2018 3977 ii-

453 4043 470 4073 ι
512 4023 706 4077 tiorum
740 4020 900 4087 Juda,
931 4035 1091 4091 quam
1133 4018 1410 4084 fecerunt,
1452 4014 1523 4070 ad
1555 4012 1889 4069 iracundiam
1934 4025 2021 4066 me

453 4133 471 4164 ‹
504 4120 880 4182 provocantes,
920 4111 1022 4181 ipsi
1073 4120 1130 4165 et
1167 4124 1326 4181 reges
1369 4121 1558 4164 eorum
1580 4146 1596 4174 ,
1647 4118 1704 4161 et
1751 4103 2025 4176 principes

453 4227 471 4257 ι
509 4219 719 4270 eorum,
750 4212 807 4259 et
825 4204 1135 4265 sacerdotes
1156 4216 1376 4267 eorum,
1413 4208 1469 4256 et
1492 4198 1769 4270 prophetae
1809 4211 2018 4261 eorum,

455 4314 474 4347 ι
511 4296 612 4349 viri
645 4293 781 4352 Juda
817 4305 874 4350 et
917 4293 1251 4352 habitatores
1275 4292 1595 4348 Jerusalem.
1626 4312 1644 4343 ι
1671 4288 1810 4357 Quia
1858 4303 2019 4372 supra

2045 3083 2093 3146 C
2123 3116 2304 3171 lentur
2321 3124 2475 3176 nm:
2494 3155 2512 3182 ,
2537 3123 2760 3188 propter
2790 3132 2886 3173 eos
2908 3118 2998 3189 qui
3028 3118 3082 3173 in
3123 3118 3392 3189 Samuelis
3418 3129 3473 3175 et
3521 3122 3574 3176 in
3606 3122 3711 3177 ltc-

2122 3220 2249 3277 gum
2287 3204 2562 3262 volumine
2594 3207 2723 3277 quid
2746 3206 3013 3279 significet
3035 3208 3140 3265 hoc
3176 3207 3397 3265 verbum
3426 3210 3699 3268 dubitant.

2122 3295 2326 3352 Moloch
2374 3295 2576 3352 idolum
2618 3297 3050 3355 Ammonitarum
3093 3309 3209 3366 est,
3238 3284 3380 3372 duod
3421 3302 3475 3357 in
3522 3290 3700 3376 regem

2118 3390 2365 3456 vertitur.
2417 3388 2696 3461 Significat
2742 3400 2921 3448 autem
2964 3392 3246 3464 Scriptura
3302 3395 3504 3462 diviua,
3561 3379 3703 3467 qued

2123 3493 2229 3534 non
2256 3479 2427 3536 solum
2450 3480 2581 3536 Baal
2608 3481 2771 3548 idolo,
2795 3482 2891 3538 sed
2919 3489 2976 3538 et
3000 3481 3216 3545 Moloch
3248 3470 3564 3557 cunctisque
3603 3473 3713 3543 dae-

2123 3571 2371 3626 monibus
2396 3570 2447 3625 in
2495 3571 2612 3643 ipso
2644 3571 2762 3629 loco
2789 3571 3015 3644 populus
3045 3573 3312 3630 servierit.
3636 3634 3641 3641 ,

2200 3659 2407 3731 (Quod
2458 3676 2564 3715 non
2621 3661 2870 3716 mandavi
2913 3660 3015 3727 eiS,
3072 3678 3172 3719 nec
3220 3640 3465 3723 ascendit
3503 3667 3557 3722 in
3613 3683 3710 3725 cor

2130 3765 2148 3797 ι
2182 3764 2380 3814 meum,
2428 3756 2497 3819 ‚ut
2546 3746 2787 3804 facerent
2842 3750 3299 3807 abominationem
3347 3731 3506 3821 hanc,
3554 3766 3609 3813 et
3648 3758 3702 3814 in

2130 3855 2148 3887 ι
2177 3846 2459 3905 peccatum
2489 3838 2817 3893 deducerent
2842 3823 3054 3894 ludam.
3078 3859 3098 3893 ι
3129 3838 3352 3911 Proprie
3377 3843 3546 3899 tribus
3564 3818 3700 3903 Juda

2125 3935 2179 3983 et
2220 3928 2500 3998 Beniamin
2542 3929 2596 3984 in
2654 3929 2781 3985 sano
2816 3928 2993 3986 Baulis
3042 3939 3095 3985 et
3136 3912 3362 4010 Moloch,
3400 3916 3704 3995 daemonum

2126 4022 2412 4103 simulacra
2460 4022 2697 4077 venerati
2736 4029 2862 4078 sunt
2898 4040 2912 4077 ε
2943 4022 3138 4081 vitulos
3181 4034 3368 4088 ,autem
3408 4042 3600 4084 aureos
3637 4014 3703 4084 'in

2124 4115 2312 4171 Bethel
2339 4124 2392 4169 et
2420 4115 2534 4169 Dan
2560 4112 2745 4170 decem
2773 4114 2965 4180 tribus,
2992 4131 3111 4185 qum
3132 4114 3470 4190 appellantur
3511 4117 3702 4187 Sama-

2125 4206 2204 4262 ria
2228 4206 2426 4276 loseph
2464 4215 2521 4262 et
2561 4205 2840 4277 Ephraim,
2893 4206 3127 4277 voluisse
3172 4191 3699 4288 perspicuumms't:

2126 4307 2441 4371 tarttuniqne
2480 4297 2604 4352 mali
2631 4297 2754 4363 suit,
2791 4298 3041 4369 quodque
3071 4314 3101 4353 a
3143 4280 3341 4374 populo
3377 4286 3706 4382 factumest

449 4385 706 4440 dixerat«
735 4386 791 4440 in
819 4384 1004 4442 surore
1043 4384 1182 4439 etin
1210 4383 1576 4453 indignatione
1616 4397 1737 4437 mea
1768 4381 1909 4437 sacta
1941 4386 2025 4435 est
2128 4396 2186 4443 ut
2212 4396 2439 4442 testetur
2478 4387 2621 4442 Deus
2648 4402 2709 4441 se
2740 4403 3012 4457 nunquam
3056 4388 3340 4462 cogitasse,
3377 4404 3480 4444 nec
3508 4404 3703 4453 ascen-

452 4475 583 4530 1nihi
607 4476 794 4531 civitas
817 4475 936 4532 hoec
960 4491 992 4531 a
1019 4475 1107 4530 die
1130 4489 1236 4548 qua
1260 4474 1662 4529 aedificaverunt
1686 4487 1831 4538 eam,
1851 4484 2024 4542 usque
2051 4451 2103 4510 D
2130 4478 2275 4533 disse
2321 4477 2372 4531 in
2403 4490 2499 4531 cor
2535 4490 2689 4530 suum
2736 4490 2855 4546 quae
2883 4475 2967 4543 illi⁸
2990 4475 3185 4530 facturi
3238 4474 3461 4530 suerint.
3514 4474 3707 4531 Omnia

452 4568 521 4623 ad
545 4569 686 4625 diem
713 4570 902 4636 istam,
956 4583 1063 4641 qua
1093 4568 1372 4623 auferetur
1400 4566 1467 4621 de
1496 4574 1791 4636 conspectu
1820 4579 1961 4630 meo,
1997 4583 2016 4617 ι

412 4691 421 4702 ·
452 4667 508 4714 et
540 4659 746 4715 nullum
785 4659 1112 4731 generaliter
1157 4659 1362 4728 absque
1399 4644 1622 4728 peccato
1666 4654 1832 4711 fuisse
1874 4669 2020 4710 mon-

453 4758 758 4807 straveratz
791 4765 935 4806 nunc
976 4764 1075 4820 per
1111 4759 1295 4820 partes
1333 4740 1635 4813 enumerat,
1680 4755 1737 4803 et
1769 4759 1943 4817 regeS,
1972 4752 2029 4800 et

451 4843 745 4915 principes,
773 4854 832 4899 et
848 4845 1181 4908 sacerdotes,
1212 4848 1269 4898 et
1292 4830 1583 4912 prophetas
1607 4854 1817 4905 eorum,
1848 4847 2027 4893 etune

459 4943 649 4991 cuneta
675 4948 924 4991 sermone
944 4932 1427 5004 comprehendens,
1456 4950 1474 4983 c
1500 4931 1624 4997 viri,
1648 4928 1840 5001 inquit,
1865 4928 2025 4993 Juda,

454 5032 513 5079 et
547 5024 878 5080 habitatores
904 5022 1220 5080 Jerusalem.
1256 5042 1275 5076 ι
1302 5019 1561 5086 Pulchre,
1589 5019 1712 5088 quia
1751 5034 1859 5074 non
1893 5017 2028 5073 dixit

458 5129 612 5186 reges
628 5116 736 5172 mei
753 5123 809 5170 et
825 5113 1095 5186 principes
1117 5112 1241 5177 mei,
1264 5120 1320 5167 et
1344 5111 1649 5166 sacerdotes
1670 5109 1801 5174 mei,
1824 5117 1880 5163 et
1902 5121 2030 5178 pro-

458 5208 632 5279 phetat
645 5208 773 5274 mei,
794 5208 890 5263 sed
911 5207 1037 5277 quia
1058 5209 1418 5275 peccaverunt
1440 5216 1592 5273 reges
1622 5214 1831 5267 eorum,
1859 5208 1913 5255 et
1937 5215 2028 5255 sa-

460 5301 704 5356 cerdotes
725 5312 938 5364 eorum,
973 5305 1031 5353 et
1055 5296 1333 5366 prophetae
1358 5307 1565 5350 eorum.

536 5408 554 5441 ι
575 5390 643 5445 Et
665 5395 945 5444 verterunt
973 5388 1040 5443 ad
1076 5401 1164 5443 me
1192 5395 1362 5457 terga,
1398 5392 1452 5439 et
1479 5398 1586 5438 non
1616 5384 1835 5438 sacieS.»
1866 5382 2030 5439 Juxta

462 5478 590 5533 illud
609 5479 754 5549 quod
779 5477 910 5534 alibi
936 5477 1195 5547 scriptum
1237 5486 1324 5531 est
1350 5492 1365 5528 ε
1394 5492 1414 5526 ι
1445 5473 1515 5528 Et
1541 5479 1818 5528 verterunt
1841 5480 2029 5528 contra

463 5585 550 5625 me
569 5570 840 5640 scapulam
869 5570 1210 5625 recedentem
1233 5566 1497 5630 (lotham
1514 5565 1555 5637 ).
1581 5585 1599 5617 ι
1617 5563 1717 5632 Qui
1740 5564 1884 5620 enim
1911 5552 2029 5634 press

467 5672 641 5727 catur,
674 5663 930 5717 inclinata
965 5662 1176 5717 cervice
1205 5661 1258 5716 in
1288 5672 1488 5716 terram
1520 5664 1723 5733 pronus
1753 5658 2027 5724 funditur3

2131 4576 2310 4623 autent
2340 4567 2455 4622 baec
2484 4566 2911 4643 ἆνθρωποπαβῶς,

2204 4677 2222 4708 ι
2264 4658 2329 4723 Et
2361 4672 2503 4712 nunc
2531 4664 2748 4727 propter
2783 4656 2912 4712 istu:
2948 4660 3060 4708 lta-c
3104 4656 3232 4708 *llicit
3281 4656 3537 4708 [inutilius
3573 4656 3705 4708 inan,

2139 4770 2156 4803 ι
2195 4751 2380 4825 lsrael·
2412 4750 2479 4806 ad
2528 4749 2800 4805 civitatem
2856 4752 3012 4808 Ιιηιιιέ,
3068 4748 3132 4800 de
3184 4767 3285 4816 qis-‘t
3341 4764 3433 4800 rua
3485 4748 3697 4800 divitis-e

2138 4861 2156 4893 t
2189 4841 2334 4911 quod
2364 4840 2607 4895 tradatur
2632 4840 2684 4893 ln
2714 4854 2904 4893 mantia-i
2932 4840 3072 4908 l'tffglfi
3100 4839 3401 4908 Httltjt'lttttls,
3433 4836 3481 4888 ΞΗ
3509 4836 3701 4904 glutini,

2140 4953 2159 4985 ι
2202 4935 2253 4988 in
2293 4933 2456 4999 same,
2493 4940 2551 4987 el.
2583 4939 2752 5002 peste.
2785 4948 2805 4983 t
2852 4932 3000 4980 &ient
3044 4932 3381 4997 :aputtttttilitts
3429 4924 3697 4984 :nullium

2135 5032 2189 5078 et
2242 5023 2295 5077 in
2345 5009 2622 5086 murorum
2682 5019 2936 5074 firmitate.
2996 5021 3281 5069 tuh-nribus
3337 5017 3701 5085 prophetatur,

2135 5112 2277 5191 quod
2296 5110 2672 5195 §.subvertenda
2696 5110 2767 5165 Sit
2785 5106 3100 5165 Jerusalem,
3132 5117 3184 5157 vl.
3216 5105 3437 5173 pupulus
3461 5105 3705 5173 ffizttttjt'ttlt*

2136 5218 2241 5272 que
2266 5200 2580 5269 capiendus,
2607 5206 2663 5254 et
2681 5204 2807 5252 ante
2832 5197 3216 5265 captititnlrutt,
3244 5193 3437 5261 giudic,
3465 5205 3513 5245 ct
3545 5193 3697 5249 sartio,

2135 5302 2190 5349 et
2226 5301 2376 5363 peste
2423 5290 2741 5361 periturus:
2775 5287 2852 5342 sle
2900 5289 3341 5357 desperantibus,
3389 5297 3437 5337 rt
3493 5293 3705 5353 propter

2134 5380 2538 5437 subversionem
2573 5377 2719 5432 urbis
2755 5373 2954 5427 nullam
2987 5371 3216 5428 salutem
3241 5372 3707 5456 exspectantibus„

2135 5488 2291 5529 suum
2330 5470 2585 5526 auxilium
2624 5467 2948 5537 pollicetur:
2979 5473 3037 5520 ut
3085 5472 3142 5521 et
3190 5464 3512 5522 confidentia
3545 5472 3708 5535 atque

2134 5564 2385 5636 superbia
2432 5562 2635 5632 iustam
2684 5558 3028 5623 sententiam,
3084 5566 3138 5613 et
3195 5556 3499 5627 desperatio
3544 5562 3706 5626 atque

2135 5655 2407 5712 humilitas
2446 5652 2537 5707 Dei
2564 5657 2837 5706 mereatur
2864 5648 3140 5703 auxilium.
