4042 6200
191 274 258 329 1515
468 271 740 329 nonantulonus
761 273 793 329 la*
812 273 886 328 EPP.
908 271 1011 329 etuti
1029 272 1092 328 le.
1113 275 1133 329 l.
1152 307 1186 318 -
1203 274 1236 332 ΙΝ
1255 279 1362 336 aelst.
1382 282 1528 342 11111011.
1628 316 1631 321 ·
1739 290 1809 348 1311

187 385 308 438 obediunt
322 384 462 454 iniquitati,
477 385 516 438 iru
529 396 553 439 et
566 385 720 456 indignatio,
734 387 877 452 tribulatio,
889 396 912 441 et
924 401 972 439 un·
986 388 1009 445 Α
1024 382 1096 440 hato:
1113 387 1135 440 si
1147 389 1207 456 quis
1217 380 1332 460 egrotus
1342 404 1435 450 contra
1450 408 1613 469 praeceptum
1625 403 1722 460 prodici
1735 421 1809 462 sum.

186 477 282 550 guerin.
299 475 415 546 (barin.)
427 475 482 532 lloc
496 486 546 540 est,
568 478 664 533 iterata
679 475 973 548 angustiardiffldentes
1023 477 1106 544 pserit
1120 479 1252 535 malorum
1265 481 1385 539 ciborum
1399 502 1504 554 suecos,
1518 497 1545 545 et
1568 494 1689 562 eorporis
1701 498 1808 555 turbata

186 566 219 620 de
232 563 322 619 tuturo
343 563 388 620 Dei
404 563 506 635 judicio
526 582 575 636 per
593 566 742 632 Christum,
762 582 794 621 ae
808 581 855 637 per
868 566 930 629 boc,
946 571 973 618 et
1023 567 1152 635 temperie
1168 567 1195 622 in
1213 568 1303 626 febres
1322 582 1349 626 et
1365 574 1391 628 in
1409 577 1542 646 quoslibet
1565 579 1749 648 nujuscemodi
1767 587 1809 642 in·

185 655 342 724 patientiam
357 653 415 723 ejus
431 664 643 720 contemnentes,
655 658 820 711 eorumdum
839 670 972 711 evacuare
1022 658 1136 711 errauerit
1151 661 1268 727 morbos,
1284 672 1385 718 certum
1400 677 1441 721 est
1455 672 1525 739 quad
1539 686 1590 724 non
1602 687 1650 742 pcr
1663 676 1807 744 medicum,

186 737 260 809 illu'd,
275 759 336 798 cum
350 744 386 799 sit
397 760 488 799 rernm
502 752 531 799 et
542 745 653 811 stabile;
665 746 772 799 credunt
796 746 864 799 enim
876 744 972 815 iniqni-

184 837 243 900 tnti‚
258 836 386 907 iniquitas
412 844 454 891 est
476 837 546 891 enim
567 853 664 908 negare
679 838 749 907 qnod
765 835 836 891 Deras
852 836 971 891 futurum

184 928 319 996 praedixit.
334 927 396 986 Tria
412 943 476 999 ergo
500 927 552 983 alia
573 928 661 997 posuit
682 926 862 982 incredulitati
882 927 973 980 cotidi-

183 1033 236 1086 gnu
251 1017 351 1080 dicens,
367 1018 407 1072 irn
421 1028 444 1071 et
461 1018 606 1087 indignatio
628 1026 652 1071 et
666 1017 797 1088 unguinis,
812 1017 852 1070 ira
865 1026 906 1070 est
918 1033 970 1070 non

183 1108 209 1161 el
228 1108 274 1178 qui
285 1108 398 1178 judicat,
413 1108 459 1162 sed
475 1107 511 1162 illi
529 1108 575 1176 qui
587 1091 735 1176 judicatur,
756 1107 818 1161 dnm
838 1105 868 1160 tlt
884 1122 957 1163 reus.

183 1200 266 1255 lrasci
281 1200 354 1256 euim
373 1201 471 1255 dicitur
491 1200 573 1264 Deus,
588 1207 619 1254 nt
638 1199 821 1254 vindicaturus
834 1191 984 1253 credatur?

182 1288 251 1343 Nam
265 1290 311 1345 Dei
325 1300 420 1344 natura
432 1287 467 1343 ab
486 1288 528 1343 bis
547 1287 718 1358 passionibus
731 1288 858 1342 immunis
879 1292 933 1352 est,
943 1295 972 1342 et

182 1386 277 1432 utnon
294 1377 379 1433 solum
396 1376 487 1439 irasci.
505 1376 591 1431 sedet
612 1375 748 1430 vindicare
769 1376 906 1440 credatur,
921 1374 969 1427 ad-

179 1466 257 1534 iecit,
279 1476 302 1521 et
326 1466 482 1536 indignatio.
508 1464 659 1533 indignatio
682 1472 735 1528 est,
748 1478 829 1532 quarn
847 1463 969 1516 addendo

182 1570 264 1627 super
277 1549 343 1610 iram
355 1555 481 1628 iujqriam
496 1569 572 1609 suain
584 1553 667 1608 Deutn
680 1552 878 1607 vindicatumru
889 1551 971 1622 signi·

183 1646 257 1701 licat.
275 1645 406 1716 Angustiae
421 1659 485 1700 uero
500 1654 573 1709 sunt,
596 1643 693 1713 quibus
706 1641 840 1698 sententia
854 1640 969 1696 constri-

182 1747 243 1793 ctus
258 1737 429 1793 tribulabitur
439 1737 466 1791 ia
479 1751 574 1806 poena..

219 1827 303 1897 Super
319 1844 420 1881 earnem
435 1827 549 1881 unimam
574 1824 686 1878 bominis
708 1822 838 1893 operantis
859 1820 968 1875 malum.

182 1918 211 1972 lu
227 1918 277 1973 boc
291 1932 372 1988 opero
387 1931 439 1970 non
454 1914 540 1970 selum
557 1912 629 1968 laeta
650 1910 794 1981 signifieat,
807 1910 854 1965 sed
869 1917 897 1965 et
908 1924 970 1979 per·

183 2007 253 2061 lidiae
266 2005 459 2076 professionem
476 2021 483 2058 z
499 2004 532 2059 de
545 2002 683 2058 incredulo
696 2003 768 2057 enirn
780 2001 855 2066 dicit,
869 2008 896 2054 et
909 2000 970 2055 idco

181 2111 264 2166 super
277 2096 394 2149 animaru
409 2094 487 2159 dixit,
503 2101 534 2147 ut
552 2091 699 2163 spiritatem
712 2105 819 2162 poenam
836 2088 970 2159 intelligas

181 2197 235 2241 iton
245 2185 422 2256 carpendam,
432 2183 590 2255 quiaanlma
603 2180 969 2251 invisibilibuspoenisarcta·

181 2278 264 2332 bitur.
280 2275 378 2349 (θήρ.)
390 2275 542 2330 Notandum
554 2289 618 2329 rero
627 2271 699 2342 qnod
712 2271 857 2342 Apostolus
869 2272 896 2326 in
905 2284 968 2326 euu·

102 2351 105 2358 ¹
181 2368 310 2424 irremudo
320 2381 413 2438 poenas
426 2366 537 2422 meritas
547 2373 730 2435 peecatorum,
746 2375 799 2416 noo
814 2362 883 2417 dixit
899 2362 966 2416 iram

179 2468 209 2514 et
223 2458 451 2530 indignationem,
464 2463 494 2510 ut
507 2465 535 2510 et
547 2456 599 2510 boe
617 2451 751 2508 reseratur
768 2451 802 2506 ad
816 2451 854 2517 id,
868 2451 967 2516 reddet,

179 2550 252 2621 quod
264 2549 386 2620 superius
399 2548 518 2609 dixerat:
534 2545 580 2602 sed
593 2546 640 2610 ait,
654 2543 700 2598 lrn
711 2553 735 2598 et
750 2543 905 2613 indignatio,
921 2544 969 2596 tri·

180 2640 280 2694 baterio
294 2647 317 2693 et
331 2637 462 2708 nnqnstie.
478 2636 556 2693 Unde
575 2635 619 2704 qui
639 2631 768 2704 spiritalis
783 2640 834 2693 est,
850 2638 878 2685 et
889 2630 969 2685 iutel-

179 2731 240 2803 ligit
254 2729 317 2801 quid
332 2728 448 2800 Spiritus
465 2727 591 2797 loquatur
604 2725 630 2779 ia
644 2723 726 2780 Panlo
736 2763 743 2789 ,
755 2722 819 2778 dicit
844 2736 896 2775 uon
909 2722 968 2777 lnec

178 2819 335 2891 Apostolum
346 2832 394 2887 per
407 2817 578 2887 imperitiam,
592 2815 639 2870 sed
650 2829 699 2885 per
707 2813 828 2868 divinam
842 2812 966 2882 peritiam

179 2911 384 2982 conscripsisse,
403 2911 523 2974 seilicet,
550 2915 584 2963 ut*
603 2923 651 2978 per
673 2907 731 2962 baec
754 2905 908 2960 ostenderet
934 2920 967 2958 ea

179 3004 288 3076 quidem
307 3015 367 3073 quae
380 3001 525 3057 secundum
540 3000 697 3071 patientium
717 2996 780 3053 boni
794 2996 884 3067 operis
895 3010 967 3065 quae-

180 3097 302 3154 rentibus
314 3094 425 3167 gloriam
438 3103 466 3149 et
485 3091 715 3163 incorruptionem
729 3089 863 3146 reddenda
891 3096 964 3155 snut,

178 3203 230 3260 per
243 3187 326 3242 ὓυυυτ
341 3186 428 3249 reddi,
446 3185 538 3248 idest,
561 3185 644 3237 vitam
667 3190 816 3238 aetemam:
836 3196 867 3236 ea
891 3195 965 3248 rero,

178 3292 241 3349 quae
255 3281 450 3344 corasequentur
471 3288 526 3337 eos,
540 3273 586 3343 qui
608 3287 657 3344 per
675 3272 875 3327 contentionem
893 3270 967 3327 'diffi-

179 3368 365 3438 duntquidem
386 3367 505 3430 veritati,
525 3367 711 3436 obtemperant
733 3379 798 3419 vero
820 3364 965 3434 iniquitati,

180 3475 263 3516 arona
278 3459 332 3513 ilco
350 3458 419 3522 dari,
434 3456 510 3525 cujus
533 3457 602 3511 dona
624 3456 715 3528 ntique
734 3458 917 3526 permanentia
938 3465 966 3512 et

179 3554 239 3622 ipso
256 3551 335 3619 digna
350 3549 482 3615 sttrrtssed
497 3564 529 3603 ex
542 3548 735 3619 consequentia
752 3558 889 3619 gestorum
904 3564 967 3604 sno·

180 3658 241 3697 rum
255 3641 296 3695 tris
322 3641 367 3712 qui
381 3648 521 3709 operantnr
539 3637 648 3703 metunt,
659 3638 700 3691 iro
714 3648 738 3692 et
752 3637 907 3708 indignatio,
919 3638 967 3691 tri·

81 3757 84 3761 ’
179 3731 289 3792 baterio.
302 3741 325 3785 et
338 3729 460 3801 angustia
477 3728 538 3793 erit,
553 3729 699 3784 notandum
720 3743 762 3794 ea,
780 3744 841 3798 quae
859 3728 967 3784 thesau-

181 3824 337 3877 ritaterunt
347 3820 450 3889 sibiipsi
461 3836 468 3885 ;
482 3834 544 3873 uam
556 3819 648 3887 ntique
659 3818 730 3873 siout
743 3818 779 3873 ibi
791 3819 875 3873 tritam
888 3828 967 3873 aeter·

181 3928 245 3968 nam
260 3927 324 3968 casu
337 3909 489 3983 accusativo
509 3908 668 3978 protulerat,
685 3908 721 3963 ita
739 3909 825 3963 ethic
849 3909 917 3963 iram
939 3916 966 3964 et

181 4002 392 4073 indignationem
412 3998 663 4068 tribulationemque
683 4005 711 4053 et
734 3998 886 4069 angustiam
901 4014 966 4055 casu

1022 746 1069 845 sed
1080 760 1128 814 per
1142 748 1373 820 intemperantiam
1386 769 1487 827 pestem
1504 761 1640 834 languoris
1654 771 1806 839 acceperit:

1022 847 1044 887 st
1059 849 1123 888 vera
1138 839 1233 893 medici
1246 853 1378 914 precepta
1390 851 1552 916 custodiens,
1567 852 1593 907 in
1605 857 1734 926 sospitate
1747 875 1809 929 per·

1022 921 1110 984 duret,
1125 926 1217 996 utique
1230 945 1278 998 per
1291 935 1424 990 medicum
1448 939 1552 1004 dicetur
1572 944 1672 1002 habere
1691 951 1807 1020 gratiam

1022 1014 1164 1070 sanitatis:
1181 1018 1231 1072 boc
1256 1037 1319 1092 ergo
1348 1028 1427 1080 modo
1452 1043 1647 1102 eotrseqnenter
1673 1039 1808 1098 videbitur

1022 1099 1093 1156 Deus
1105 1103 1161 1172 ipse
1174 1120 1222 1174 per
1235 1124 1264 1163 se
1283 1112 1393 1169 reddere
1407 1117 1549 1189 uuicuique
1567 1127 1714 1183 secrrudum
1725 1144 1805 1200 opera

1019 1205 1079 1272 sua,
1095 1208 1155 1262 que
1170 1195 1238 1251 hona
1250 1210 1323 1265 sunt,
1336 1203 1405 1258 mala
1419 1217 1506 1262 autem
1521 1213 1613 1269 venire
1624 1215 1806 1290 intelligentur

1020 1296 1074 1336 non
1094 1299 1108 1336 a
1122 1284 1188 1350 lleo,
1202 1289 1248 1342 sed
1259 1304 1291 1344 ex
1301 1294 1425 1361 pessimis
1440 1297 1651 1368 intemperantia
1664 1311 1751 1365 succis
1776 1305 1807 1368 ¹et

1021 1373 1103 1427 cruda
1130 1378 1264 1444 pravitate
1289 1393 1437 1452 gestorum.
1454 1386 1554 1443 l'ernm
1576 1401 1603 1446 et
1632 1395 1683 1451 boe
1707 1399 1804 1468 ipsum,

1014 1464 1092 1533 quod
1104 1465 1181 1532 dixit,
1192 1471 1237 1539 qui
1257 1488 1290 1525 cr
1303 1476 1463 1530 contentione
1476 1479 1601 1547 diffidunt
1624 1487 1727 1554 quidem
1742 1492 1808 1544 ueri·

1020 1554 1080 1620 tetr‘,
1095 1555 1269 1627 obtemperant
1282 1573 1368 1617 urttcrn
1393 1567 1535 1637 itrian'tnti,
1548 1571 1725 1632 indiscussum
1752 1597 1805 1636 nott

1021 1646 1185 1704 omittamus.
1204 1649 1234 1702 ln
1248 1651 1290 1707 bis
1311 1653 1383 1707 euim
1408 1656 1520 1726 siugulis
1541 1659 1681 1732 languores
1698 1669 1806 1737 quidem

985 1723 1119 1792 Banimae
1134 1739 1168 1793 ab
1185 1738 1312 1809 Apostolo
1337 1746 1521 1817 designantur,
1536 1767 1649 1820 quorum
1672 1760 1805 1817 medelam

1020 1838 1100 1880 nemo
1122 1827 1248 1896 inveniet,
1275 1832 1326 1886 uisi
1355 1836 1431 1904 prius
1461 1841 1616 1896 morborum
1650 1854 1807 1916 cognoverit

1019 1927 1124 1970 causas.
1137 1916 1171 1971 Et
1191 1918 1251 1974 ideo
1273 1921 1300 1974 in
1328 1922 1428 1980 divinis
1456 1927 1612 1999 Seriptnris,
1631 1937 1805 2005 egritudines

1019 2004 1116 2060 animm
1135 2020 1321 2074 numerantur,
1338 2022 1366 2068 et
1384 2019 1501 2073 remedia
1517 2021 1717 2093 describuntur,
1729 2031 1802 2095 tullii,

1019 2093 1065 2162 qni
1078 2108 1106 2148 se
1124 2097 1277 2165 apostolicis
1292 2102 1471 2180 subdiderunt
1483 2107 1639 2180 disciplinis,
1650 2128 1681 2168 ex
1693 2116 1805 2188 hisquae

1019 2182 1118 2253 scripta
1132 2195 1194 2238 sunt
1214 2190 1313 2258 agnitis
1328 2190 1500 2263 languoribus
1515 2200 1570 2254 snis
1587 2175 1683 2270 curati,
1699 2209 1804 2276 possint

1018 2273 1127 2332 dicero:
1143 2276 1247 2345 Lenda,
1261 2285 1349 2337 nninra
1360 2301 1426 2351 rnen,
1442 2287 1590 2356 Dortrinnrn,
1601 2296 1646 2364 qrtr'
1658 2308 1734 2352 sonat
1745 2317 1803 2355 ont-

1019 2364 1213 2438 nestongnores
1236 2380 1294 2426 tuos
1321 2371 1405 2445 (Paul.
1433 2379 1490 2449 etr).
1512 2380 1585 2437 Unus
1612 2400 1676 2458 ergo
1693 2405 1726 2445 cx
1750 2408 1803 2450 ese·

1019 2453 1086 2510 teris
1105 2456 1202 2513 anirnae
1214 2458 1335 2532 languor,
1350 2467 1498 2534 etquidem
1513 2473 1654 2539 pessimus,
1667 2482 1804 2537 contentio

1018 2558 1080 2599 esse
1097 2546 1269 2618 intelligenda
1283 2559 1333 2617 est,
1349 2563 1398 2622 per
1415 2570 1494 2625 quarn
1513 2574 1591 2615 omne
1612 2579 1679 2633 opus
1690 2583 1804 2637 pratum

1018 2633 1135 2703 geritnr;
1162 2651 1212 2705 per
1232 2638 1303 2692 bane
1327 2642 1444 2698 haereses
1471 2659 1626 2717 nascuntur,
1655 2668 1703 2723 per
1733 2659 1804 2716 hauc

1018 2725 1165 2781 schismata
1188 2731 1316 2785 etomnia
1339 2736 1465 2790 seandala
1486 2738 1512 2792 iu
1534 2741 1655 2799 ecclesiis
1674 2761 1804 2817 generan-

1019 2821 1072 2881 tnr,
1087 2816 1150 2872 dum
1163 2819 1190 2873 bi
1205 2821 1250 2890 qul
1269 2823 1339 2894 apud
1357 2827 1515 2896 semetipsos
1528 2833 1672 2900 prudentes
1690 2847 1761 2903 suut,
1776 2849 1804 2896 et

1019 2906 1046 2960 in
1057 2921 1200 2979 conspeetu
1211 2927 1259 2966 suo
1271 2916 1416 2985 sapientes,
1429 2921 1557 2991 quidquid
1568 2922 1735 2999 libueritpro
1745 2929 1803 3002 lege

1020 2993 1175 3052 detendunt.
1191 3000 1224 3054 Et
1238 2999 1300 3058 inde
1310 3004 1350 3070 dt,
1367 3015 1397 3060 nt
1411 3007 1546 3066 dillidatur
1560 3014 1666 3081 quidem
1683 3019 1801 3089 raritati,

1018 3085 1220 3160 obtemperetur
1237 3106 1328 3150 autem
1352 3096 1497 3168 iniquitati.
1514 3102 1636 3161 diffidere
1649 3085 1731 3178 porro
1753 3128 1803 3182 pro

1018 3192 1071 3232 uon
1085 3181 1195 3236 eredere
1206 3182 1249 3238 rel
1267 3200 1320 3240 nou
1337 3187 1525 3258 obteinperare
1540 3193 1609 3249 solet
1631 3197 1658 3251 iu
1682 3195 1804 3270 Scriptu-

1017 3268 1056 3324 ris
1070 3271 1172 3327 sanetis
1190 3272 1315 3342 insertiri,
1327 3277 1397 3333 sieut
1409 3288 1436 3334 et
1453 3281 1480 3335 in
1495 3282 1630 3351 hocloco,
1646 3289 1716 3356 quod
1733 3289 1803 3346 torte

1017 3360 1107 3430 aptius
1136 3361 1249 3420 Latinus
1279 3366 1416 3437 interpres
1447 3372 1598 3441 posuisset,
1626 3374 1648 3430 si
1678 3376 1802 3446 dixisset,

1017 3452 1063 3520 qni
1087 3467 1140 3508 non
1158 3454 1286 3512 obediunt
1312 3459 1429 3525 ueritati,
1444 3458 1490 3515 sed
1510 3462 1638 3519 obediunt
1657 3465 1802 3536 iniquitati.

1017 3542 1111 3599 Omnis
1128 3558 1191 3615 ergo
1207 3547 1251 3615 qni
1271 3547 1387 3603 alienum
1408 3565 1423 3604 a
1443 3552 1556 3608 veritate
1571 3554 1622 3609 iter
1643 3557 1802 3628 ingreditur,

1016 3647 1069 3688 nec
1078 3635 1199 3704 sequitur
1209 3650 1270 3691 eum
1298 3640 1343 3707 qui
1354 3640 1431 3704 dixit,
1444 3640 1501 3712 Ego
1513 3660 1572 3697 snm
1592 3646 1694 3713 aeriter,
1709 3647 1804 3705 dididit

1017 3723 1134 3788 terimtl,
1149 3732 1177 3778 et
1190 3725 1391 3782 irrobedrenscst
1400 3729 1435 3794 ei;
1447 3731 1486 3785 sie
1498 3733 1542 3801 qui
1552 3749 1603 3787 non
1611 3734 1695 3789 solnm
1703 3737 1729 3790 in
1738 3738 1804 3793 acti-

1017 3812 1077 3878 bus,
1089 3814 1136 3867 sed
1147 3820 1175 3867 et
1185 3813 1212 3866 in
1222 3816 1346 3871 sensibus
1360 3826 1387 3870 et
1397 3818 1422 3871 in
1435 3818 1486 3873 lide
1497 3824 1675 3891 errant3quod
1685 3826 1803 3883 maxime

1017 3915 1050 3955 et
1063 3902 1234 3957 contentione
1250 3905 1389 3974 coritiugit.
1404 3904 1457 3961 Sed
1469 3910 1553 3979 etqui
1568 3911 1704 3980 sapientie
1716 3914 1804 3971 obsis-

1018 3999 1089 4058 tunt,
1104 4000 1133 4046 et
1143 3991 1253 4060 justitiae
1266 4009 1299 4049 ac
1315 3996 1537 4066 sanetillcationi,
1553 4000 1672 4057 diffidunt
1684 4002 1802 4074 Christo,

180 4091 335 4149 accusativo
349 4089 514 4160 protulisset,
534 4088 556 4143 si
571 4088 597 4144 id
617 4088 651 4144 ad
666 4089 801 4145 reddentis
812 4088 859 4144 Dei
874 4104 967 4159 persn-
1017 4083 1062 4154 qui
1072 4082 1142 4138 sicut
1150 4083 1250 4139 veritas
1260 4095 1312 4149 est,
1327 4086 1550 4157 itaetsaplentia,
1561 4090 1599 4145 ita
1610 4099 1636 4146 et
1649 4095 1803 4152 sancbtlca·

157 4236 159 4241 s
181 4198 244 4237 nam
260 4181 329 4237 terre
341 4180 484 4245 uoluisset,
498 4179 569 4249 quod
581 4187 609 4234 et
623 4177 683 4233 aliis
694 4177 841 4249 Scriptura
851 4178 918 4235 loeis
931 4162 999 4234 si·⁴
1018 4173 1057 4228 tio
1067 4180 1124 4239 0⁸23
1141 4188 1196 4229 non
1208 4173 1394 4245 obtemperare
1406 4187 1496 4232 antem
1511 4177 1633 4245 Cirristo,
1644 4180 1689 4252 qni
1698 4182 1803 4253 justitia

181 4272 282 4326 aniliter
295 4269 453 4341 intelligitur
470 4268 614 4340 designari,
630 4268 701 4325 sieut
710 4276 738 4323 et
749 4269 776 4324 in
788 4268 876 4340 primo
897 4268 968 4326 libro
1018 4282 1072 4354 est,
1092 4272 1144 4326 boe
1160 4278 1212 4335 est,
1227 4269 1412 4340 obtemperare
1433 4270 1579 4341 iniquitati,
1594 4281 1621 4328 et
1640 4273 1682 4329 lais
1696 4275 1803 4334 aetlbns

181 4360 300 4430 llegum,
314 4358 359 4412 ubi
377 4357 443 4413 dicit
454 4356 583 4413 Dominus
603 4374 609 4412 :
633 4353 815 4427 Glonficantes
837 4374 878 4412 nae
911 4357 966 4431 plo-

181 4447 306 4517 rificulo:
319 4457 517 4517 spernentesne
534 4455 687 4516 spernentur
697 4445 724 4518 (l
737 4445 801 4518 Περ.
814 4446 855 4518 n),
869 4449 896 4502 iu
912 4463 966 4517 qno

179 4540 321 4597 euidenter
344 4539 494 4595 ostenditur
507 4539 579 4609 qnod
598 4539 664 4595 dicit
688 4539 818 4595 Mmiuus
839 4555 902 4608 eos,
919 4544 966 4612 qui

180 4632 348 4703 glorificandi
365 4639 437 4696 suat,
450 4645 499 4701 per
512 4645 541 4685 se
560 4629 759 4701 glorificandos,
780 4632 813 4687 de
826 4631 869 4688 bis
889 4647 964 4700 vero,

180 4726 227 4797 qm
239 4724 382 4795 spernendi
395 4732 467 4790 suut,
484 4738 536 4778 non
549 4721 672 4777 retulisse
686 4723 719 4778 ad
733 4738 772 4788 se,
784 4724 831 4779 sed
845 4723 966 4781 absolute

179 4816 291 4879 dixisse,
302 4815 364 4885 qnia
388 4812 594 4885 nemansensi
617 4812 743 4878 enimet
765 4815 836 4870 bona
854 4831 904 4886 per
923 4832 967 4872 se-

181 4907 326 4976 metipsum
343 4914 463 4975 prestat,
478 4905 514 4960 ita
534 4904 614 4960 etiam
635 4904 704 4959 mala
722 4920 770 4974 per
790 4907 964 4976 semetipsum

180 4997 344 5052 retribueret
365 4998 450 5060 Deus,
474 5009 640 5065 consequens
663 5006 745 5061 crat,
770 5005 801 5050 nt
830 4998 964 5066 utromodo

180 5086 259 5151 nsit,
267 5082 449 5153 Gloripicontes
462 5101 502 5139 nte
511 5084 673 5155 glorificabo,
684 5086 720 5140 ita
732 5087 841 5152 diceret,
853 5096 880 5143 et
893 5102 966 5157 spert-

181 5185 278 5232 nentes
289 5191 343 5244 rne,
354 5191 489 5246 spernam.
501 5174 555 5231 Sed
567 5182 595 5231 et
610 5176 637 5230 iu
651 5175 702 5230 alio
713 5176 772 5232 loco
788 5193 836 5247 per
847 5179 964 5249 propbe-

182 5276 237 5321 tarn
248 5267 335 5322 simile
346 5266 411 5337 quid
425 5267 645 5323 ridetnrosteudi
661 5267 687 5320 in
705 5282 748 5329 eo,
773 5268 844 5335 quod
867 5269 894 5322 bi
918 5269 963 5337 qui

180 5365 247 5411 eunt
260 5358 287 5411 iu
302 5358 402 5429 ignem,
417 5374 495 5414 riona
512 5359 576 5423 ben,
591 5359 636 5413 sed
651 5374 667 5412 a
684 5359 835 5428 semetipsis
851 5375 912 5414 eum
924 5361 965 5414 in-

181 5448 292 5502 veniant
305 5462 460 5514 accensum,
472 5451 541 5503 sicut
551 5448 615 5503 dicit
627 5449 709 5502 isaias
722 5466 729 5501 z
746 5447 795 5512 lte,
820 5446 965 5503 illnrrdnnte

180 5537 399 5606 spernentesne
410 5540 544 5608 flammam
557 5554 634 5608 τρυυυ
648 5538 799 5593 accendistis
808 5536 873 5609 (latr.
883 5540 920 5611 t).
930 5538 966 5596 tn

183 5628 271 5682 salbam
283 5628 488 5698 planinrbnrrun
507 5628 553 5682 irat
567 5630 729 5693 ‹lissertatia
741 5629 872 5684 addentur
883 5629 963 5684 etiarn

1019 4376 1087 4433 (pros
1100 4364 1158 4418 sinc
1170 4362 1251 4417 dubio
1267 4372 1468 4433 corrsequuntur
1480 4363 1523 4419 illa
1545 4378 1604 4434 quae
1615 4366 1714 4437 scripta
1728 4378 1799 4432 suut,

1002 4437 1065 4507 'Iro
1077 4461 1102 4507 et
1122 4451 1280 4522 indignatio,
1296 4450 1429 4505 tribulatio
1450 4461 1474 4506 ct
1487 4453 1618 4524 angustio.
1637 4454 1675 4510 De
1691 4455 1732 4510 ira
1745 4456 1801 4527 latu

1017 4557 1088 4614 sape
1111 4542 1228 4597 diximus
1250 4542 1321 4611 qnod
1345 4541 1477 4596 interdurn
1495 4540 1560 4611 ipse,
1578 4543 1625 4614 qul
1646 4559 1680 4599 er
1696 4536 1801 4614 peceati

1017 4631 1181 4689 conscientia
1201 4631 1296 4685 animae
1319 4630 1448 4685 incutitur
1468 4632 1614 4699 eruciatus,
1633 4634 1673 4689 ira
1690 4634 1803 4704 appelle·

1017 4730 1071 4776 tur.
1097 4721 1246 4790 ladignatio
1259 4731 1348 4776 autem
1362 4721 1446 4791 ipsius
1458 4722 1506 4778 irae
1524 4732 1614 4779 ttrutor
1635 4726 1744 4796 quidam
1765 4726 1802 4781 si·

1018 4814 1174 4887 gnificatur,
1187 4823 1215 4869 et
1235 4829 1284 4883 per
1296 4814 1399 4885 singula
1424 4820 1530 4884 quoqne
1554 4816 1709 4883 commotio,
1725 4816 1799 4880 utsi,

1017 4907 1092 4963 verbi
1107 4907 1203 4979 gratia,
1215 4907 1311 4962 ruluns
1334 4907 1440 4978 aliquod
1459 4910 1604 4979 pessimum
1624 4909 1693 4964 iram
1717 4924 1800 4979 pona-

1017 5011 1097 5064 mns;
1112 4995 1191 5065 hujus
1210 5004 1300 5051 auteur
1324 5005 1414 5051 tumor
1440 5006 1467 5051 et
1490 4997 1626 5063 distentio,
1653 4995 1800 5068 indignatio

1018 5086 1137 5142 vulneris
1153 5084 1310 5156 appelletur.
1338 5083 1487 5139 Tribulatio
1504 5099 1578 5147 aero,
1609 5099 1690 5155 qnam
1706 5084 1800 5139 subse·

1017 5175 1109 5245 quitur
1126 5174 1257 5244 augustia,
1274 5188 1328 5228 non
1349 5172 1444 5227 similis
1461 5174 1578 5245 putanda
1591 5182 1634 5228 est
1652 5172 1691 5229 illi
1715 5170 1800 5229 tribu-

1017 5269 1120 5333 lationi,
1135 5268 1168 5322 de
1180 5282 1232 5336 qua
1242 5267 1307 5320 dicit
1319 5265 1470 5335 Apostolus,
1481 5267 1544 5336 quia
1558 5264 1692 5321 tribulatio
1701 5266 1801 5337 patien-

1017 5362 1079 5414 tr‘urn
1091 5370 1225 5429 operatur;
1237 5358 1282 5411 illa
1294 5358 1365 5413 enim
1377 5357 1579 5412 talistribulatio
1589 5357 1737 5430 angustiam
1745 5372 1799 5413 non

1016 5449 1096 5503 babet
1116 5448 1335 5516 subsequentem,
1350 5445 1419 5501 sicut
1442 5453 1470 5502 et
1484 5445 1540 5516 ipse
1554 5445 1696 5515 apostulus
1712 5445 1799 5501 dicit:

1016 5534 1220 5590 tribulationem
1229 5533 1354 5603 potimur,
1368 5533 1413 5587 sed
1424 5551 1476 5588 non
1484 5536 1667 5604 orgrrstiuntnr
1682 5531 1724 5606 (11
1737 5526 1798 5588 Cer.

1017 5626 1064 5695 tr.)
1076 5624 1130 5677 lran
1142 5638 1204 5675 roro
1221 5637 1273 5676 uon
1289 5623 1375 5676 solttm
1389 5622 1490 5677 turrilum
1504 5625 1653 5693 artgrtstiam
1665 5624 1799 5679 tribulatio
