<?xml version="1.0" encoding="UTF-8"?>
<!DOCTYPE html PUBLIC "-//W3C//DTD XHTML 1.0 Transitional//EN"
    "http://www.w3.org/TR/xhtml1/DTD/xhtml1-transitional.dtd">
<html xmlns="http://www.w3.org/1999/xhtml" xml:lang="en" lang="en">
 <head>
  <title>
</title>
<meta http-equiv="Content-Type" content="text/html;charset=utf-8" />
  <meta name='ocr-system' content='tesseract 3.04.00' />
  <meta name='ocr-capabilities' content='ocr_page ocr_carea ocr_par ocr_line ocrx_word'/>
</head>
<body>
  <div class='ocr_page' id='page_1' title='image "./patrologiaecurs164unkngoog_0158.png"; bbox 0 0 4042 6200; ppageno 0'>
   <div class='ocr_carea' id='block_1_1' title="bbox 179 309 1815 378">
    <p class='ocr_par' dir='ltr' id='par_1_1' title="bbox 179 309 1815 378">
     <span class='ocr_line' id='line_1_1' title="bbox 179 309 1815 378; baseline 0.006 -9"><span class='ocrx_word' id='word_1_1' title='bbox 179 316 230 370; x_wconf 75' lang='lat' dir='ltr'>aot</span> <span class='ocrx_word' id='word_1_2' title='bbox 507 310 538 365; x_wconf 89' lang='lat' dir='ltr'>B.</span> <span class='ocrx_word' id='word_1_3' title='bbox 559 309 685 367; x_wconf 77' lang='lat' dir='ltr'>nunant</span> <span class='ocrx_word' id='word_1_4' title='bbox 705 312 816 369; x_wconf 78' lang='lat' dir='ltr'>utum</span> <span class='ocrx_word' id='word_1_5' title='bbox 834 311 997 370; x_wconf 72' lang='lat' dir='ltr'>tuentur.</span> <span class='ocrx_word' id='word_1_6' title='bbox 1019 313 1176 374; x_wconf 76' lang='lat' dir='ltr'>MOGUNT.</span> <span class='ocrx_word' id='word_1_7' title='bbox 1196 316 1337 375; x_wconf 70' lang='lat' dir='ltr'>orabunt</span> <span class='ocrx_word' id='word_1_8' title='bbox 1358 315 1449 373; x_wconf 77' lang='lat' dir='ltr'>PARS</span> <span class='ocrx_word' id='word_1_9' title='bbox 1465 318 1497 372; x_wconf 84' lang='lat' dir='ltr'>li.</span> <span class='ocrx_word' id='word_1_10' title='bbox 1760 321 1815 378; x_wconf 75' lang='lat'>5⁰8</span> 
     </span>
    </p>
   </div>
   <div class='ocr_carea' id='block_1_2' title="bbox 175 425 1820 3239">
    <p class='ocr_par' dir='ltr' id='par_1_2' title="bbox 175 425 1820 3239">
     <span class='ocr_line' id='line_1_2' title="bbox 179 425 1817 506; baseline 0.004 -23"><span class='ocrx_word' id='word_1_11' title='bbox 179 428 450 500; x_wconf 71' lang='lat' dir='ltr'>xeungenetationes,</span> <span class='ocrx_word' id='word_1_12' title='bbox 458 425 536 497; x_wconf 86' lang='lat' dir='ltr'>juxta</span> <span class='ocrx_word' id='word_1_13' title='bbox 545 428 849 498; x_wconf 88' lang='lat' dir='ltr'>utramqueeditionem,</span> <span class='ocrx_word' id='word_1_14' title='bbox 859 443 972 483; x_wconf 85' lang='lat' dir='ltr'>numero</span> <span class='ocrx_word' id='word_1_15' title='bbox 984 437 1009 497; x_wconf 70' lang='grc' dir='ltr'><strong>Α</strong></span> <span class='ocrx_word' id='word_1_16' title='bbox 1023 429 1066 487; x_wconf 92' lang='lat' dir='ltr'>eio</span> <span class='ocrx_word' id='word_1_17' title='bbox 1079 431 1167 503; x_wconf 85' lang='lat' dir='ltr'>magis</span> <span class='ocrx_word' id='word_1_18' title='bbox 1182 432 1306 503; x_wconf 87' lang='lat' dir='ltr'>apparuit</span> <span class='ocrx_word' id='word_1_19' title='bbox 1319 430 1473 488; x_wconf 86' lang='lat' dir='ltr'>adorandus</span> <span class='ocrx_word' id='word_1_20' title='bbox 1494 450 1501 486; x_wconf 92' lang='lat'><strong>:</strong></span> <span class='ocrx_word' id='word_1_21' title='bbox 1516 432 1587 501; x_wconf 89' lang='lat' dir='ltr'>quod</span> <span class='ocrx_word' id='word_1_22' title='bbox 1597 429 1647 487; x_wconf 91' lang='lat' dir='ltr'>init</span> <span class='ocrx_word' id='word_1_23' title='bbox 1663 431 1748 506; x_wconf 79' lang='lat' dir='ltr'>figura</span> <span class='ocrx_word' id='word_1_24' title='bbox 1760 437 1817 506; x_wconf 83' lang='lat' dir='ltr'>pri·</span> 
     </span>
     <span class='ocr_line' id='line_1_3' title="bbox 178 519 1816 594; baseline 0.005 -19"><span class='ocrx_word' id='word_1_25' title='bbox 178 522 273 576; x_wconf 87' lang='lat' dir='ltr'>decem</span> <span class='ocrx_word' id='word_1_26' title='bbox 288 538 294 574; x_wconf 76' lang='grc' dir='ltr'>ι</span> <span class='ocrx_word' id='word_1_27' title='bbox 310 535 370 589; x_wconf 82' lang='lat' dir='ltr'>qum</span> <span class='ocrx_word' id='word_1_28' title='bbox 384 519 530 575; x_wconf 89' lang='lat' dir='ltr'>universali</span> <span class='ocrx_word' id='word_1_29' title='bbox 551 519 691 576; x_wconf 87' lang='lat' dir='ltr'>estdeleta</span> <span class='ocrx_word' id='word_1_30' title='bbox 707 519 971 590; x_wconf 85' lang='lat' dir='ltr'>diluvio,sientpri-</span> <span class='ocrx_word' id='word_1_31' title='bbox 1021 522 1105 578; x_wconf 83' lang='lat' dir='ltr'>mitiae</span> <span class='ocrx_word' id='word_1_32' title='bbox 1130 522 1296 579; x_wconf 90' lang='lat' dir='ltr'>credentium</span> <span class='ocrx_word' id='word_1_33' title='bbox 1328 522 1460 594; x_wconf 87' lang='lat' dir='ltr'>gentium.</span> <span class='ocrx_word' id='word_1_34' title='bbox 1497 520 1556 590; x_wconf 84' lang='lat' dir='ltr'>Quo</span> <span class='ocrx_word' id='word_1_35' title='bbox 1579 521 1623 578; x_wconf 90' lang='lat' dir='ltr'>die</span> <span class='ocrx_word' id='word_1_36' title='bbox 1645 523 1816 584; x_wconf 82' lang='lat' dir='ltr'>liomiaicum</span> 
     </span>
     <span class='ocr_line' id='line_1_4' title="bbox 178 608 1815 685; baseline 0.005 -19"><span class='ocrx_word' id='word_1_37' title='bbox 178 625 251 667; x_wconf 88' lang='lat' dir='ltr'>rnanr</span> <span class='ocrx_word' id='word_1_38' title='bbox 268 611 399 682; x_wconf 84' lang='lat' dir='ltr'>eujtrsqne</span> <span class='ocrx_word' id='word_1_39' title='bbox 420 608 537 666; x_wconf 87' lang='lat' dir='ltr'>hominis</span> <span class='ocrx_word' id='word_1_40' title='bbox 547 609 646 666; x_wconf 90' lang='lat' dir='ltr'>oblivio</span> <span class='ocrx_word' id='word_1_41' title='bbox 662 610 819 682; x_wconf 74' lang='lat' dir='ltr'>demergere</span> <span class='ocrx_word' id='word_1_42' title='bbox 830 608 971 667; x_wconf 81' lang='lat' dir='ltr'>consuerit</span> <span class='ocrx_word' id='word_1_43' title='bbox 1021 610 1194 681; x_wconf 78' lang='lat' dir='ltr'>baptismatis</span> <span class='ocrx_word' id='word_1_44' title='bbox 1206 610 1413 669; x_wconf 73' lang='lat' dir='ltr'><strong>Sacramentum</strong></span> <span class='ocrx_word' id='word_1_45' title='bbox 1424 621 1453 667; x_wconf 93' lang='lat' dir='ltr'>et</span> <span class='ocrx_word' id='word_1_46' title='bbox 1463 618 1622 684; x_wconf 80' lang='lat' dir='ltr'>permeata</span> <span class='ocrx_word' id='word_1_47' title='bbox 1641 629 1719 685; x_wconf 79' lang='lat' dir='ltr'>aqum</span> <span class='ocrx_word' id='word_1_48' title='bbox 1732 617 1759 672; x_wconf 91' lang='lat' dir='ltr'>in</span> <span class='ocrx_word' id='word_1_49' title='bbox 1774 619 1815 675; x_wconf 87' lang='lat' dir='ltr'>ri·</span> 
     </span>
     <span class='ocr_line' id='line_1_5' title="bbox 178 699 1817 778; baseline 0.005 -20"><span class='ocrx_word' id='word_1_50' title='bbox 178 709 297 758; x_wconf 85' lang='lat' dir='ltr'>aetatcm.</span> <span class='ocrx_word' id='word_1_51' title='bbox 313 700 417 768; x_wconf 78' lang='lat' dir='ltr'>Quotus</span> <span class='ocrx_word' id='word_1_52' title='bbox 430 699 504 756; x_wconf 87' lang='lat' dir='ltr'>enim</span> <span class='ocrx_word' id='word_1_53' title='bbox 524 699 639 772; x_wconf 83' lang='lat' dir='ltr'>quisque</span> <span class='ocrx_word' id='word_1_54' title='bbox 650 707 702 765; x_wconf 88' lang='lat' dir='ltr'>est,</span> <span class='ocrx_word' id='word_1_55' title='bbox 714 700 762 771; x_wconf 89' lang='lat' dir='ltr'>qui</span> <span class='ocrx_word' id='word_1_56' title='bbox 785 715 862 757; x_wconf 90' lang='lat' dir='ltr'>suam</span> <span class='ocrx_word' id='word_1_57' title='bbox 877 714 970 756; x_wconf 85' lang='lat' dir='ltr'>recor·</span> <span class='ocrx_word' id='word_1_58' title='bbox 1021 717 1086 756; x_wconf 92' lang='lat' dir='ltr'>num</span> <span class='ocrx_word' id='word_1_59' title='bbox 1100 700 1235 759; x_wconf 86' lang='lat' dir='ltr'>laetorum</span> <span class='ocrx_word' id='word_1_60' title='bbox 1249 718 1299 774; x_wconf 91' lang='lat' dir='ltr'>per</span> <span class='ocrx_word' id='word_1_61' title='bbox 1312 702 1456 759; x_wconf 64' lang='lat' dir='ltr'>marinum</span> <span class='ocrx_word' id='word_1_62' title='bbox 1469 703 1608 775; x_wconf 86' lang='lat' dir='ltr'>signorum</span> <span class='ocrx_word' id='word_1_63' title='bbox 1621 706 1754 778; x_wconf 86' lang='lat' dir='ltr'>principia</span> <span class='ocrx_word' id='word_1_64' title='bbox 1765 723 1817 766; x_wconf 81' lang='lat' dir='ltr'>ex·</span> 
     </span>
     <span class='ocr_line' id='line_1_6' title="bbox 178 790 1816 871; baseline 0.006 -25"><span class='ocrx_word' id='word_1_65' title='bbox 178 793 258 847; x_wconf 91' lang='lat' dir='ltr'>detur</span> <span class='ocrx_word' id='word_1_66' title='bbox 285 792 448 847; x_wconf 75' lang='lat' dir='ltr'><strong>infantiam?</strong></span> <span class='ocrx_word' id='word_1_67' title='bbox 477 790 599 847; x_wconf 60' lang='lat' dir='ltr'>&amp;enada</span> <span class='ocrx_word' id='word_1_68' title='bbox 618 800 684 848; x_wconf 79' lang='lat' dir='ltr'>tatas</span> <span class='ocrx_word' id='word_1_69' title='bbox 711 807 727 846; x_wconf 86' lang='lat' dir='ltr'>a</span> <span class='ocrx_word' id='word_1_70' title='bbox 747 790 805 848; x_wconf 85' lang='lat' dir='ltr'>Noe</span> <span class='ocrx_word' id='word_1_71' title='bbox 825 806 911 863; x_wconf 87' lang='lat' dir='ltr'>usque</span> <span class='ocrx_word' id='word_1_72' title='bbox 935 790 970 846; x_wconf 86' lang='lat' dir='ltr'>ad</span> <span class='ocrx_word' id='word_1_73' title='bbox 1021 795 1144 851; x_wconf 91' lang='lat' dir='ltr'>titerunt.</span> <span class='ocrx_word' id='word_1_74' title='bbox 1159 795 1401 852; x_wconf 81' lang='lat' dir='ltr'>Duaesuntautem</span> <span class='ocrx_word' id='word_1_75' title='bbox 1419 793 1595 866; x_wconf 80' lang='lat' dir='ltr'>Epiphania:</span> <span class='ocrx_word' id='word_1_76' title='bbox 1612 796 1710 868; x_wconf 70' lang='lat' dir='ltr'>primm</span> <span class='ocrx_word' id='word_1_77' title='bbox 1723 799 1816 871; x_wconf 90' lang='lat' dir='ltr'>inqua</span> 
     </span>
     <span class='ocr_line' id='line_1_7' title="bbox 177 879 1816 962; baseline -0.002 -23"><span class='ocrx_word' id='word_1_78' title='bbox 177 884 324 947; x_wconf 72' lang='lat' dir='ltr'>Abrabam,</span> <span class='ocrx_word' id='word_1_79' title='bbox 345 882 533 955; x_wconf 75' lang='lat' dir='ltr'>generationes</span> <span class='ocrx_word' id='word_1_80' title='bbox 554 879 630 950; x_wconf 81' lang='lat' dir='ltr'>iaxta</span> <span class='ocrx_word' id='word_1_81' title='bbox 646 880 808 937; x_wconf 89' lang='lat' dir='ltr'>llebraicum</span> <span class='ocrx_word' id='word_1_82' title='bbox 821 880 967 938; x_wconf 87' lang='lat' dir='ltr'>auctorita·</span> <span class='ocrx_word' id='word_1_83' title='bbox 1022 895 1102 943; x_wconf 78' lang='lat' dir='ltr'>nuans</span> <span class='ocrx_word' id='word_1_84' title='bbox 1117 886 1243 945; x_wconf 63' lang='lat' dir='ltr'>chunus</span> <span class='ocrx_word' id='word_1_85' title='bbox 1262 887 1416 960; x_wconf 66' lang='lat' dir='ltr'>permutans</span> <span class='ocrx_word' id='word_1_86' title='bbox 1431 885 1617 954; x_wconf 71' lang='lat' dir='ltr'>liehraeomm,</span> <span class='ocrx_word' id='word_1_87' title='bbox 1631 889 1730 962; x_wconf 61' lang='lat' dir='ltr'>angelo</span> <span class='ocrx_word' id='word_1_88' title='bbox 1744 907 1816 947; x_wconf 60' lang='lat' dir='ltr'>nun.</span> 
     </span>
     <span class='ocr_line' id='line_1_8' title="bbox 178 975 1817 1055; baseline 0.005 -25"><span class='ocrx_word' id='word_1_89' title='bbox 178 985 234 1031; x_wconf 87' lang='lat' dir='ltr'>tem</span> <span class='ocrx_word' id='word_1_90' title='bbox 256 976 395 1047; x_wconf 80' lang='lat' dir='ltr'>conplexa</span> <span class='ocrx_word' id='word_1_91' title='bbox 413 975 524 1040; x_wconf 90' lang='lat' dir='ltr'>decem,</span> <span class='ocrx_word' id='word_1_92' title='bbox 550 988 635 1030; x_wconf 84' lang='lat' dir='ltr'>annos</span> <span class='ocrx_word' id='word_1_93' title='bbox 662 982 752 1029; x_wconf 85' lang='lat' dir='ltr'>sutem</span> <span class='ocrx_word' id='word_1_94' title='bbox 774 990 875 1041; x_wconf 79' lang='lat' dir='ltr'>marta,</span> <span class='ocrx_word' id='word_1_95' title='bbox 889 988 971 1045; x_wconf 93' lang='lat' dir='ltr'>porro</span> <span class='ocrx_word' id='word_1_96' title='bbox 1022 976 1276 1050; x_wconf 86' lang='lat' dir='ltr'>tiante,apparuit:</span> <span class='ocrx_word' id='word_1_97' title='bbox 1297 979 1426 1043; x_wconf 78' lang='lat' dir='ltr'>monada,</span> <span class='ocrx_word' id='word_1_98' title='bbox 1449 979 1477 1035; x_wconf 90' lang='lat' dir='ltr'>in</span> <span class='ocrx_word' id='word_1_99' title='bbox 1493 995 1547 1050; x_wconf 89' lang='lat' dir='ltr'>qua</span> <span class='ocrx_word' id='word_1_100' title='bbox 1567 994 1602 1036; x_wconf 80' lang='lat' dir='ltr'>ex</span> <span class='ocrx_word' id='word_1_101' title='bbox 1619 982 1741 1053; x_wconf 90' lang='lat' dir='ltr'>gentium</span> <span class='ocrx_word' id='word_1_102' title='bbox 1768 1000 1817 1055; x_wconf 88' lang='lat' dir='ltr'>po-</span> 
     </span>
     <span class='ocr_line' id='line_1_9' title="bbox 175 1064 1817 1145; baseline 0.007 -24"><span class='ocrx_word' id='word_1_103' title='bbox 175 1067 253 1139; x_wconf 82' lang='lat' dir='ltr'>justa</span> <span class='ocrx_word' id='word_1_104' title='bbox 268 1066 431 1136; x_wconf 87' lang='lat' dir='ltr'>interpretes</span> <span class='ocrx_word' id='word_1_105' title='bbox 442 1065 504 1120; x_wconf 91' lang='lat' dir='ltr'>anni</span> <span class='ocrx_word' id='word_1_106' title='bbox 520 1064 595 1122; x_wconf 87' lang='lat' dir='ltr'>mille</span> <span class='ocrx_word' id='word_1_107' title='bbox 607 1077 692 1130; x_wconf 83' lang='lat' dir='ltr'>uxatr,</span> <span class='ocrx_word' id='word_1_108' title='bbox 706 1066 896 1137; x_wconf 86' lang='lat' dir='ltr'>generationes</span> <span class='ocrx_word' id='word_1_109' title='bbox 906 1081 971 1122; x_wconf 82' lang='lat' dir='ltr'>uero</span> <span class='ocrx_word' id='word_1_110' title='bbox 1020 1067 1096 1139; x_wconf 90' lang='lat' dir='ltr'>palo,</span> <span class='ocrx_word' id='word_1_111' title='bbox 1117 1069 1195 1125; x_wconf 86' lang='lat' dir='ltr'>stella</span> <span class='ocrx_word' id='word_1_112' title='bbox 1221 1069 1327 1137; x_wconf 89' lang='lat' dir='ltr'>indice,</span> <span class='ocrx_word' id='word_1_113' title='bbox 1355 1069 1389 1124; x_wconf 90' lang='lat' dir='ltr'>ad</span> <span class='ocrx_word' id='word_1_114' title='bbox 1415 1070 1545 1140; x_wconf 79' lang='lat' dir='ltr'>presepia</span> <span class='ocrx_word' id='word_1_115' title='bbox 1568 1071 1702 1128; x_wconf 88' lang='lat' dir='ltr'>cunabula</span> <span class='ocrx_word' id='word_1_116' title='bbox 1722 1089 1817 1145; x_wconf 84' lang='lat' dir='ltr'>magos</span> 
     </span>
     <span class='ocr_line' id='line_1_10' title="bbox 178 1154 1817 1232; baseline 0.004 -18"><span class='ocrx_word' id='word_1_117' title='bbox 178 1177 217 1214; x_wconf 84' lang='grc' dir='ltr'>ιι.</span> <span class='ocrx_word' id='word_1_118' title='bbox 233 1158 295 1214; x_wconf 75' lang='lat' dir='ltr'>ilaec</span> <span class='ocrx_word' id='word_1_119' title='bbox 314 1156 390 1228; x_wconf 83' lang='lat' dir='ltr'>qnasi</span> <span class='ocrx_word' id='word_1_120' title='bbox 415 1155 532 1226; x_wconf 88' lang='lat' dir='ltr'>pueritia</span> <span class='ocrx_word' id='word_1_121' title='bbox 559 1154 608 1211; x_wconf 78' lang='lat' dir='ltr'>lab</span> <span class='ocrx_word' id='word_1_122' title='bbox 624 1154 732 1228; x_wconf 88' lang='lat' dir='ltr'>generis</span> <span class='ocrx_word' id='word_1_123' title='bbox 758 1156 849 1228; x_wconf 89' lang='lat' dir='ltr'>populi</span> <span class='ocrx_word' id='word_1_124' title='bbox 872 1155 972 1221; x_wconf 66' lang='lat' dir='ltr'>Debet</span> <span class='ocrx_word' id='word_1_125' title='bbox 1022 1159 1181 1216; x_wconf 89' lang='lat' dir='ltr'>adoraturos</span> <span class='ocrx_word' id='word_1_126' title='bbox 1205 1159 1340 1215; x_wconf 77' lang='lat' dir='ltr'>exhibuit.</span> <span class='ocrx_word' id='word_1_127' title='bbox 1378 1158 1546 1232; x_wconf 76' lang='lat' dir='ltr'>scenopegia</span> <span class='ocrx_word' id='word_1_128' title='bbox 1571 1160 1730 1220; x_wconf 69' lang='lat' dir='ltr'>solemnitas</span> <span class='ocrx_word' id='word_1_129' title='bbox 1763 1163 1817 1221; x_wconf 85' lang='lat' dir='ltr'>ile-</span> 
     </span>
     <span class='ocr_line' id='line_1_11' title="bbox 178 1246 1817 1321; baseline 0.003 -14"><span class='ocrx_word' id='word_1_130' title='bbox 178 1246 971 1321; x_wconf 75' lang='lat' dir='ltr'>idcoinliuguainventaest‚idest,llebr.ua.dpueritia</span> <span class='ocrx_word' id='word_1_131' title='bbox 1020 1251 1156 1309; x_wconf 82' lang='lat' dir='ltr'>brmorum</span> <span class='ocrx_word' id='word_1_132' title='bbox 1170 1250 1309 1308; x_wconf 81' lang='lat' dir='ltr'>deGraeco</span> <span class='ocrx_word' id='word_1_133' title='bbox 1324 1252 1351 1307; x_wconf 94' lang='lat' dir='ltr'>in</span> <span class='ocrx_word' id='word_1_134' title='bbox 1363 1251 1489 1308; x_wconf 87' lang='lat' dir='ltr'>Latinum</span> <span class='ocrx_word' id='word_1_135' title='bbox 1509 1253 1745 1310; x_wconf 79' lang='lat' dir='ltr'>tabernaculorum</span> <span class='ocrx_word' id='word_1_136' title='bbox 1770 1257 1817 1312; x_wconf 74' lang='lat' dir='ltr'>ds</span> 
     </span>
     <span class='ocr_line' id='line_1_12' title="bbox 179 1340 1816 1416; baseline 0.001 -16"><span class='ocrx_word' id='word_1_137' title='bbox 179 1343 391 1416; x_wconf 88' lang='lat' dir='ltr'>namquebomo</span> <span class='ocrx_word' id='word_1_138' title='bbox 419 1341 609 1411; x_wconf 85' lang='lat' dir='ltr'>incipitnosso</span> <span class='ocrx_word' id='word_1_139' title='bbox 634 1340 708 1411; x_wconf 92' lang='lat' dir='ltr'>loqui</span> <span class='ocrx_word' id='word_1_140' title='bbox 731 1349 793 1411; x_wconf 93' lang='lat' dir='ltr'>post</span> <span class='ocrx_word' id='word_1_141' title='bbox 818 1340 970 1407; x_wconf 75' lang='lat' dir='ltr'>infantiam,</span> <span class='ocrx_word' id='word_1_142' title='bbox 1021 1340 1333 1413; x_wconf 87' lang='lat' dir='ltr'>dicatiointerpretatur,</span> <span class='ocrx_word' id='word_1_143' title='bbox 1350 1357 1411 1411; x_wconf 77' lang='lat' dir='ltr'>quae</span> <span class='ocrx_word' id='word_1_144' title='bbox 1435 1341 1624 1398; x_wconf 78' lang='lat' dir='ltr'>celebrabatur</span> <span class='ocrx_word' id='word_1_145' title='bbox 1646 1342 1816 1403; x_wconf 77' lang='lat' dir='ltr'>aiutlaeisin</span> 
     </span>
     <span class='ocr_line' id='line_1_13' title="bbox 178 1429 1816 1508; baseline 0.004 -19"><span class='ocrx_word' id='word_1_146' title='bbox 178 1432 518 1508; x_wconf 75' lang='lat' dir='ltr'>qttmbincappellataest,</span> <span class='ocrx_word' id='word_1_147' title='bbox 530 1431 602 1503; x_wconf 92' lang='lat' dir='ltr'>quod</span> <span class='ocrx_word' id='word_1_148' title='bbox 618 1431 669 1487; x_wconf 86' lang='lat' dir='ltr'>lari</span> <span class='ocrx_word' id='word_1_149' title='bbox 691 1446 746 1488; x_wconf 91' lang='lat' dir='ltr'>non</span> <span class='ocrx_word' id='word_1_150' title='bbox 756 1439 855 1502; x_wconf 88' lang='lat' dir='ltr'>potest.</span> <span class='ocrx_word' id='word_1_151' title='bbox 880 1429 970 1488; x_wconf 84' lang='lat' dir='ltr'>Tertia</span> <span class='ocrx_word' id='word_1_152' title='bbox 1021 1434 1180 1491; x_wconf 85' lang='lat' dir='ltr'>memoriam</span> <span class='ocrx_word' id='word_1_153' title='bbox 1197 1434 1385 1505; x_wconf 81' lang='lat' dir='ltr'>expeditionis,</span> <span class='ocrx_word' id='word_1_154' title='bbox 1398 1449 1459 1491; x_wconf 90' lang='lat' dir='ltr'>curn</span> <span class='ocrx_word' id='word_1_155' title='bbox 1480 1435 1514 1490; x_wconf 91' lang='lat' dir='ltr'>ab</span> <span class='ocrx_word' id='word_1_156' title='bbox 1527 1433 1644 1507; x_wconf 81' lang='lat' dir='ltr'>AEgypto</span> <span class='ocrx_word' id='word_1_157' title='bbox 1656 1439 1773 1508; x_wconf 87' lang='lat' dir='ltr'>promoti</span> <span class='ocrx_word' id='word_1_158' title='bbox 1788 1440 1816 1495; x_wconf 91' lang='lat' dir='ltr'>iu</span> 
     </span>
     <span class='ocr_line' id='line_1_14' title="bbox 178 1520 1816 1601; baseline 0.003 -20"><span class='ocrx_word' id='word_1_159' title='bbox 178 1529 213 1584; x_wconf 87' lang='lat' dir='ltr'>ab</span> <span class='ocrx_word' id='word_1_160' title='bbox 230 1525 369 1581; x_wconf 81' lang='lat' dir='ltr'>Abraham</span> <span class='ocrx_word' id='word_1_161' title='bbox 396 1537 482 1593; x_wconf 88' lang='lat' dir='ltr'>usqne</span> <span class='ocrx_word' id='word_1_162' title='bbox 504 1522 538 1578; x_wconf 92' lang='lat' dir='ltr'>ad</span> <span class='ocrx_word' id='word_1_163' title='bbox 553 1521 653 1588; x_wconf 82' lang='lat' dir='ltr'>David,</span> <span class='ocrx_word' id='word_1_164' title='bbox 679 1523 868 1593; x_wconf 75' lang='lat' dir='ltr'>generationes</span> <span class='ocrx_word' id='word_1_165' title='bbox 892 1520 971 1591; x_wconf 80' lang='lat' dir='ltr'>juxta</span> <span class='ocrx_word' id='word_1_166' title='bbox 1022 1525 1207 1584; x_wconf 88' lang='lat' dir='ltr'>tabernaculis</span> <span class='ocrx_word' id='word_1_167' title='bbox 1234 1527 1363 1600; x_wconf 88' lang='lat' dir='ltr'>agebant,</span> <span class='ocrx_word' id='word_1_168' title='bbox 1377 1535 1452 1583; x_wconf 85' lang='lat' dir='ltr'>etex</span> <span class='ocrx_word' id='word_1_169' title='bbox 1473 1543 1506 1584; x_wconf 91' lang='lat' dir='ltr'>eo</span> <span class='ocrx_word' id='word_1_170' title='bbox 1530 1526 1707 1601; x_wconf 81' lang='lat' dir='ltr'>Scenopegia.</span> <span class='ocrx_word' id='word_1_171' title='bbox 1729 1529 1816 1586; x_wconf 82' lang='lat' dir='ltr'>Saena</span> 
     </span>
     <span class='ocr_line' id='line_1_15' title="bbox 178 1608 1817 1690; baseline 0.001 -16"><span class='ocrx_word' id='word_1_172' title='bbox 178 1628 321 1690; x_wconf 85' lang='lat' dir='ltr'>utramque</span> <span class='ocrx_word' id='word_1_173' title='bbox 344 1608 533 1674; x_wconf 81' lang='lat' dir='ltr'>auctoritatem</span> <span class='ocrx_word' id='word_1_174' title='bbox 561 1630 619 1682; x_wconf 82' lang='grc' dir='ltr'>ιιι,</span> <span class='ocrx_word' id='word_1_175' title='bbox 638 1629 724 1671; x_wconf 85' lang='lat' dir='ltr'>attnos</span> <span class='ocrx_word' id='word_1_176' title='bbox 744 1629 810 1670; x_wconf 88' lang='lat' dir='ltr'>vero</span> <span class='ocrx_word' id='word_1_177' title='bbox 832 1627 970 1670; x_wconf 85' lang='lat' dir='ltr'>nccecamt</span> <span class='ocrx_word' id='word_1_178' title='bbox 1020 1616 1093 1673; x_wconf 89' lang='lat' dir='ltr'>enim</span> <span class='ocrx_word' id='word_1_179' title='bbox 1106 1613 1201 1674; x_wconf 79' lang='lat' dir='ltr'>crece</span> <span class='ocrx_word' id='word_1_180' title='bbox 1219 1616 1421 1673; x_wconf 86' lang='lat' dir='ltr'>tabernaculum</span> <span class='ocrx_word' id='word_1_181' title='bbox 1441 1616 1560 1673; x_wconf 86' lang='lat' dir='ltr'>dieitur:</span> <span class='ocrx_word' id='word_1_182' title='bbox 1575 1633 1636 1688; x_wconf 77' lang='lat' dir='ltr'>quae</span> <span class='ocrx_word' id='word_1_183' title='bbox 1656 1617 1817 1678; x_wconf 80' lang='lat' dir='ltr'>solemnitas</span> 
     </span>
     <span class='ocr_line' id='line_1_16' title="bbox 177 1703 1817 1780; baseline -0.001 -12"><span class='ocrx_word' id='word_1_184' title='bbox 177 1710 360 1780; x_wconf 85' lang='lat' dir='ltr'>complectens</span> <span class='ocrx_word' id='word_1_185' title='bbox 392 1706 455 1763; x_wconf 81' lang='lat' dir='ltr'>liae</span> <span class='ocrx_word' id='word_1_186' title='bbox 475 1705 598 1777; x_wconf 78' lang='lat' dir='ltr'>quaedam</span> <span class='ocrx_word' id='word_1_187' title='bbox 622 1704 696 1764; x_wconf 83' lang='lat' dir='ltr'>velut</span> <span class='ocrx_word' id='word_1_188' title='bbox 714 1704 895 1760; x_wconf 88' lang='lat' dir='ltr'>adolescentia</span> <span class='ocrx_word' id='word_1_189' title='bbox 919 1703 971 1760; x_wconf 87' lang='lat' dir='ltr'>luit</span> <span class='ocrx_word' id='word_1_190' title='bbox 1021 1707 1093 1779; x_wconf 89' lang='lat' dir='ltr'>apud</span> <span class='ocrx_word' id='word_1_191' title='bbox 1107 1706 1235 1765; x_wconf 80' lang='lat' dir='ltr'>Hebraeas</span> <span class='ocrx_word' id='word_1_192' title='bbox 1249 1706 1401 1780; x_wconf 85' lang='lat' dir='ltr'>Septembri</span> <span class='ocrx_word' id='word_1_193' title='bbox 1431 1723 1526 1765; x_wconf 86' lang='lat' dir='ltr'>mense</span> <span class='ocrx_word' id='word_1_194' title='bbox 1554 1708 1719 1765; x_wconf 89' lang='lat' dir='ltr'>celebratur.</span> <span class='ocrx_word' id='word_1_195' title='bbox 1744 1709 1817 1767; x_wconf 79' lang='lat' dir='ltr'>Neo·</span> 
     </span>
     <span class='ocr_line' id='line_1_17' title="bbox 177 1795 1816 1874; baseline 0.002 -18"><span class='ocrx_word' id='word_1_196' title='bbox 177 1802 267 1874; x_wconf 74' lang='lat' dir='ltr'>pepuli</span> <span class='ocrx_word' id='word_1_197' title='bbox 279 1802 337 1867; x_wconf 84' lang='lat' dir='ltr'>Dei,</span> <span class='ocrx_word' id='word_1_198' title='bbox 350 1817 364 1856; x_wconf 89' lang='lat' dir='ltr'>a</span> <span class='ocrx_word' id='word_1_199' title='bbox 377 1815 430 1871; x_wconf 87' lang='lat' dir='ltr'>qua</span> <span class='ocrx_word' id='word_1_200' title='bbox 444 1806 524 1856; x_wconf 86' lang='lat' dir='ltr'>aetate</span> <span class='ocrx_word' id='word_1_201' title='bbox 535 1799 600 1871; x_wconf 90' lang='lat' dir='ltr'>quia</span> <span class='ocrx_word' id='word_1_202' title='bbox 616 1797 710 1869; x_wconf 89' lang='lat' dir='ltr'>incipit</span> <span class='ocrx_word' id='word_1_203' title='bbox 735 1798 816 1854; x_wconf 91' lang='lat' dir='ltr'>bomo</span> <span class='ocrx_word' id='word_1_204' title='bbox 829 1812 909 1869; x_wconf 87' lang='lat' dir='ltr'>posse</span> <span class='ocrx_word' id='word_1_205' title='bbox 921 1813 970 1869; x_wconf 89' lang='lat' dir='ltr'>ge·</span> <span class='ocrx_word' id='word_1_206' title='bbox 985 1795 1007 1855; x_wconf 82' lang='grc' dir='ltr'><strong><em>Β</em></strong></span> <span class='ocrx_word' id='word_1_207' title='bbox 1021 1799 1112 1856; x_wconf 88' lang='lat' dir='ltr'>menia</span> <span class='ocrx_word' id='word_1_208' title='bbox 1136 1800 1207 1871; x_wconf 91' lang='lat' dir='ltr'>apud</span> <span class='ocrx_word' id='word_1_209' title='bbox 1235 1815 1286 1856; x_wconf 91' lang='lat' dir='ltr'>nos</span> <span class='ocrx_word' id='word_1_210' title='bbox 1309 1797 1456 1867; x_wconf 76' lang='lat' dir='ltr'>catenum,</span> <span class='ocrx_word' id='word_1_211' title='bbox 1480 1802 1551 1870; x_wconf 89' lang='lat' dir='ltr'>apud</span> <span class='ocrx_word' id='word_1_212' title='bbox 1573 1799 1700 1858; x_wconf 79' lang='lat' dir='ltr'>Hebraeos</span> <span class='ocrx_word' id='word_1_213' title='bbox 1724 1811 1816 1859; x_wconf 86' lang='lat' dir='ltr'>autem</span> 
     </span>
     <span class='ocr_line' id='line_1_18' title="bbox 178 1888 1815 1966; baseline 0.001 -16"><span class='ocrx_word' id='word_1_214' title='bbox 178 1910 286 1961; x_wconf 80' lang='lat' dir='ltr'>iterare,</span> <span class='ocrx_word' id='word_1_215' title='bbox 300 1901 444 1966; x_wconf 83' lang='lat' dir='ltr'>propterea</span> <span class='ocrx_word' id='word_1_216' title='bbox 469 1890 611 1947; x_wconf 79' lang='lat' dir='ltr'>llattheus</span> <span class='ocrx_word' id='word_1_217' title='bbox 629 1888 794 1961; x_wconf 83' lang='lat' dir='ltr'>euangelista</span> <span class='ocrx_word' id='word_1_218' title='bbox 819 1890 970 1958; x_wconf 86' lang='lat' dir='ltr'>generatio-</span> <span class='ocrx_word' id='word_1_219' title='bbox 1020 1893 1084 1963; x_wconf 90' lang='lat' dir='ltr'>qula</span> <span class='ocrx_word' id='word_1_220' title='bbox 1105 1891 1253 1950; x_wconf 84' lang='lat' dir='ltr'>sectandum</span> <span class='ocrx_word' id='word_1_221' title='bbox 1277 1892 1521 1949; x_wconf 87' lang='lat' dir='ltr'>lunaremcursum</span> <span class='ocrx_word' id='word_1_222' title='bbox 1534 1908 1640 1951; x_wconf 87' lang='lat' dir='ltr'>menses</span> <span class='ocrx_word' id='word_1_223' title='bbox 1665 1905 1815 1966; x_wconf 89' lang='lat' dir='ltr'>supputan-</span> 
     </span>
     <span class='ocr_line' id='line_1_19' title="bbox 179 1980 1816 2055; baseline -0.001 -11"><span class='ocrx_word' id='word_1_224' title='bbox 179 2004 243 2044; x_wconf 90' lang='lat' dir='ltr'>aum</span> <span class='ocrx_word' id='word_1_225' title='bbox 254 2002 288 2043; x_wconf 83' lang='lat' dir='ltr'>ex</span> <span class='ocrx_word' id='word_1_226' title='bbox 299 1986 436 2042; x_wconf 61' lang='lat' dir='ltr'>miram</span> <span class='ocrx_word' id='word_1_227' title='bbox 449 1983 565 2055; x_wconf 83' lang='lat' dir='ltr'>sumpsit</span> <span class='ocrx_word' id='word_1_228' title='bbox 578 1982 731 2047; x_wconf 82' lang='lat' dir='ltr'>exordium,</span> <span class='ocrx_word' id='word_1_229' title='bbox 743 1981 789 2052; x_wconf 89' lang='lat' dir='ltr'>qui</span> <span class='ocrx_word' id='word_1_230' title='bbox 800 1980 882 2037; x_wconf 90' lang='lat' dir='ltr'>etiam</span> <span class='ocrx_word' id='word_1_231' title='bbox 893 1988 971 2052; x_wconf 88' lang='lat' dir='ltr'>pater</span> <span class='ocrx_word' id='word_1_232' title='bbox 1021 1991 1076 2052; x_wconf 89' lang='lat' dir='ltr'>tur,</span> <span class='ocrx_word' id='word_1_233' title='bbox 1090 1991 1119 2040; x_wconf 92' lang='lat' dir='ltr'>et</span> <span class='ocrx_word' id='word_1_234' title='bbox 1130 1982 1225 2042; x_wconf 79' lang='lat' dir='ltr'>Grmee</span> <span class='ocrx_word' id='word_1_235' title='bbox 1239 1982 1393 2039; x_wconf 68' lang='lat' dir='ltr'>mene‘luna</span> <span class='ocrx_word' id='word_1_236' title='bbox 1403 1982 1555 2054; x_wconf 89' lang='lat' dir='ltr'>appellatur</span> <span class='ocrx_word' id='word_1_237' title='bbox 1566 2000 1574 2040; x_wconf 81' lang='grc' dir='ltr'>ι</span> <span class='ocrx_word' id='word_1_238' title='bbox 1586 1984 1650 2040; x_wconf 89' lang='lat' dir='ltr'>inde</span> <span class='ocrx_word' id='word_1_239' title='bbox 1662 1986 1816 2051; x_wconf 87' lang='lat' dir='ltr'>neomenia,</span> 
     </span>
     <span class='ocr_line' id='line_1_20' title="bbox 177 2073 1817 2150; baseline -0.001 -16"><span class='ocrx_word' id='word_1_240' title='bbox 177 2078 297 2150; x_wconf 89' lang='lat' dir='ltr'>gentium</span> <span class='ocrx_word' id='word_1_241' title='bbox 322 2075 487 2133; x_wconf 75' lang='lat' dir='ltr'>etnstttams</span> <span class='ocrx_word' id='word_1_242' title='bbox 501 2081 562 2135; x_wconf 85' lang='lat' dir='ltr'>est,</span> <span class='ocrx_word' id='word_1_243' title='bbox 581 2073 688 2143; x_wconf 83' lang='lat' dir='ltr'>qnando</span> <span class='ocrx_word' id='word_1_244' title='bbox 714 2078 847 2128; x_wconf 90' lang='lat' dir='ltr'>mutatum</span> <span class='ocrx_word' id='word_1_245' title='bbox 872 2084 970 2126; x_wconf 88' lang='lat' dir='ltr'>nomen</span> <span class='ocrx_word' id='word_1_246' title='bbox 1021 2075 1049 2132; x_wconf 86' lang='lat' dir='ltr'>id</span> <span class='ocrx_word' id='word_1_247' title='bbox 1064 2084 1117 2142; x_wconf 89' lang='lat' dir='ltr'>est,</span> <span class='ocrx_word' id='word_1_248' title='bbox 1131 2091 1200 2132; x_wconf 83' lang='lat' dir='ltr'>nova</span> <span class='ocrx_word' id='word_1_249' title='bbox 1221 2075 1294 2130; x_wconf 90' lang='lat' dir='ltr'>luna.</span> <span class='ocrx_word' id='word_1_250' title='bbox 1317 2073 1403 2130; x_wconf 80' lang='lat' dir='ltr'>Erant</span> <span class='ocrx_word' id='word_1_251' title='bbox 1420 2074 1493 2130; x_wconf 92' lang='lat' dir='ltr'>enim</span> <span class='ocrx_word' id='word_1_252' title='bbox 1517 2074 1589 2146; x_wconf 86' lang='lat' dir='ltr'>apud</span> <span class='ocrx_word' id='word_1_253' title='bbox 1611 2074 1740 2133; x_wconf 79' lang='lat' dir='ltr'>liebrnos</span> <span class='ocrx_word' id='word_1_254' title='bbox 1765 2077 1817 2149; x_wconf 82' lang='lat' dir='ltr'>ipsi</span> 
     </span>
     <span class='ocr_line' id='line_1_21' title="bbox 178 2155 1818 2239; baseline 0.002 -16"><span class='ocrx_word' id='word_1_255' title='bbox 178 2169 283 2239; x_wconf 80' lang='lat' dir='ltr'>aceepit</span> <span class='ocrx_word' id='word_1_256' title='bbox 302 2164 376 2239; x_wconf 79' lang='lat' dir='ltr'>(Gen.</span> <span class='ocrx_word' id='word_1_257' title='bbox 394 2165 473 2235; x_wconf 78' lang='lat' dir='ltr'>surr).</span> <span class='ocrx_word' id='word_1_258' title='bbox 489 2162 617 2232; x_wconf 78' lang='lat' dir='ltr'>Quartus</span> <span class='ocrx_word' id='word_1_259' title='bbox 632 2161 716 2217; x_wconf 81' lang='lat' dir='ltr'>Dauid</span> <span class='ocrx_word' id='word_1_260' title='bbox 736 2155 823 2232; x_wconf 81' lang='lat' dir='ltr'>us‘que</span> <span class='ocrx_word' id='word_1_261' title='bbox 836 2160 870 2215; x_wconf 84' lang='lat' dir='ltr'>atl</span> <span class='ocrx_word' id='word_1_262' title='bbox 882 2167 971 2217; x_wconf 88' lang='lat' dir='ltr'>trans-</span> <span class='ocrx_word' id='word_1_263' title='bbox 1021 2167 1081 2225; x_wconf 90' lang='lat' dir='ltr'>dies</span> <span class='ocrx_word' id='word_1_264' title='bbox 1091 2166 1265 2224; x_wconf 87' lang='lat' dir='ltr'>calendarum</span> <span class='ocrx_word' id='word_1_265' title='bbox 1279 2180 1312 2221; x_wconf 85' lang='lat' dir='ltr'>er</span> <span class='ocrx_word' id='word_1_266' title='bbox 1329 2165 1407 2238; x_wconf 88' lang='lat' dir='ltr'>legali</span> <span class='ocrx_word' id='word_1_267' title='bbox 1430 2165 1599 2224; x_wconf 88' lang='lat' dir='ltr'>institutione</span> <span class='ocrx_word' id='word_1_268' title='bbox 1613 2167 1767 2235; x_wconf 84' lang='lat' dir='ltr'>solemnes,</span> <span class='ocrx_word' id='word_1_269' title='bbox 1783 2169 1818 2226; x_wconf 88' lang='lat' dir='ltr'>de</span> 
     </span>
     <span class='ocr_line' id='line_1_22' title="bbox 178 2250 1820 2330; baseline 0.001 -17"><span class='ocrx_word' id='word_1_270' title='bbox 178 2258 365 2326; x_wconf 82' lang='lat' dir='ltr'>migrationem</span> <span class='ocrx_word' id='word_1_271' title='bbox 395 2254 550 2328; x_wconf 80' lang='lat' dir='ltr'>Rabylonis,</span> <span class='ocrx_word' id='word_1_272' title='bbox 569 2267 655 2309; x_wconf 86' lang='lat' dir='ltr'>annos</span> <span class='ocrx_word' id='word_1_273' title='bbox 680 2252 793 2317; x_wconf 77' lang='lat' dir='ltr'>liabens.</span> <span class='ocrx_word' id='word_1_274' title='bbox 825 2251 902 2324; x_wconf 77' lang='lat' dir='ltr'>jutta</span> <span class='ocrx_word' id='word_1_275' title='bbox 919 2250 971 2308; x_wconf 87' lang='lat' dir='ltr'>lle·</span> <span class='ocrx_word' id='word_1_276' title='bbox 1021 2257 1160 2330; x_wconf 89' lang='lat' dir='ltr'>quibusin</span> <span class='ocrx_word' id='word_1_277' title='bbox 1174 2257 1301 2329; x_wconf 87' lang='lat' dir='ltr'>psalterio</span> <span class='ocrx_word' id='word_1_278' title='bbox 1314 2256 1414 2313; x_wconf 89' lang='lat' dir='ltr'>dicitnr</span> <span class='ocrx_word' id='word_1_279' title='bbox 1429 2273 1436 2311; x_wconf 92' lang='lat'>:</span> <span class='ocrx_word' id='word_1_280' title='bbox 1453 2254 1545 2312; x_wconf 85' lang='lat' dir='ltr'>Gaaite</span> <span class='ocrx_word' id='word_1_281' title='bbox 1569 2257 1598 2312; x_wconf 89' lang='lat' dir='ltr'>itt</span> <span class='ocrx_word' id='word_1_282' title='bbox 1624 2257 1700 2313; x_wconf 73' lang='lat' dir='ltr'>initia</span> <span class='ocrx_word' id='word_1_283' title='bbox 1721 2257 1820 2314; x_wconf 72' lang='lat' dir='ltr'>masis</span> 
     </span>
     <span class='ocr_line' id='line_1_23' title="bbox 177 2340 1816 2422; baseline -0.001 -17"><span class='ocrx_word' id='word_1_284' title='bbox 177 2348 298 2405; x_wconf 77' lang='lat' dir='ltr'>brainam</span> <span class='ocrx_word' id='word_1_285' title='bbox 316 2347 471 2410; x_wconf 68' lang='lat' dir='ltr'>veritates,</span> <span class='ocrx_word' id='word_1_286' title='bbox 482 2359 648 2410; x_wconf 67' lang='lat' dir='ltr'>coactarum</span> <span class='ocrx_word' id='word_1_287' title='bbox 665 2343 742 2415; x_wconf 73' lang='lat' dir='ltr'>juata</span> <span class='ocrx_word' id='word_1_288' title='bbox 761 2340 833 2398; x_wconf 76' lang='lat' dir='ltr'>LXX</span> <span class='ocrx_word' id='word_1_289' title='bbox 854 2341 971 2398; x_wconf 75' lang='lat' dir='ltr'>transla-</span> <span class='ocrx_word' id='word_1_290' title='bbox 1022 2351 1097 2416; x_wconf 82' lang='lat' dir='ltr'>tuta,</span> <span class='ocrx_word' id='word_1_291' title='bbox 1115 2349 1144 2404; x_wconf 84' lang='lat' dir='ltr'>ia</span> <span class='ocrx_word' id='word_1_292' title='bbox 1156 2349 1200 2404; x_wconf 86' lang='lat' dir='ltr'>die</span> <span class='ocrx_word' id='word_1_293' title='bbox 1214 2348 1325 2420; x_wconf 78' lang='lat' dir='ltr'>insignia</span> <span class='ocrx_word' id='word_1_294' title='bbox 1336 2346 1708 2422; x_wconf 65' lang='lat' dir='ltr'>solemnitatiteeattaffsal.</span> <span class='ocrx_word' id='word_1_295' title='bbox 1722 2348 1816 2421; x_wconf 81' lang='lat' dir='ltr'>uxta).</span> 
     </span>
     <span class='ocr_line' id='line_1_24' title="bbox 178 2433 1817 2511; baseline 0.001 -17"><span class='ocrx_word' id='word_1_296' title='bbox 178 2439 279 2496; x_wconf 89' lang='lat' dir='ltr'>tionem</span> <span class='ocrx_word' id='word_1_297' title='bbox 289 2436 432 2493; x_wconf 84' lang='lat' dir='ltr'>duodecim</span> <span class='ocrx_word' id='word_1_298' title='bbox 445 2436 561 2507; x_wconf 68' lang='lat' dir='ltr'>amphus</span> <span class='ocrx_word' id='word_1_299' title='bbox 575 2453 582 2491; x_wconf 74' lang='grc' dir='ltr'><strong><em>ε</em></strong></span> <span class='ocrx_word' id='word_1_300' title='bbox 595 2435 783 2505; x_wconf 84' lang='lat' dir='ltr'>generationes</span> <span class='ocrx_word' id='word_1_301' title='bbox 792 2433 871 2505; x_wconf 83' lang='lat' dir='ltr'>juxta</span> <span class='ocrx_word' id='word_1_302' title='bbox 883 2443 971 2491; x_wconf 89' lang='lat' dir='ltr'>utros·</span> <span class='ocrx_word' id='word_1_303' title='bbox 1021 2440 1159 2508; x_wconf 82' lang='lat' dir='ltr'>Eneteuia,</span> <span class='ocrx_word' id='word_1_304' title='bbox 1172 2455 1240 2496; x_wconf 89' lang='lat' dir='ltr'>nova</span> <span class='ocrx_word' id='word_1_305' title='bbox 1256 2439 1348 2511; x_wconf 85' lang='lat' dir='ltr'>templi</span> <span class='ocrx_word' id='word_1_306' title='bbox 1359 2438 1505 2497; x_wconf 82' lang='lat' dir='ltr'>dedicatio.</span> <span class='ocrx_word' id='word_1_307' title='bbox 1519 2438 1613 2496; x_wconf 81' lang='lat' dir='ltr'>Graece</span> <span class='ocrx_word' id='word_1_308' title='bbox 1626 2440 1700 2496; x_wconf 86' lang='lat' dir='ltr'>enim</span> <span class='ocrx_word' id='word_1_309' title='bbox 1716 2440 1817 2498; x_wconf 83' lang='lat' dir='ltr'>kainon</span> 
     </span>
     <span class='ocr_line' id='line_1_25' title="bbox 178 2523 1820 2602; baseline -0.003 -10"><span class='ocrx_word' id='word_1_310' title='bbox 178 2528 514 2602; x_wconf 62' lang='lat' dir='ltr'>quewdloesxiltbliffi</span> <span class='ocrx_word' id='word_1_311' title='bbox 536 2534 627 2580; x_wconf 91' lang='lat' dir='ltr'>tamen</span> <span class='ocrx_word' id='word_1_312' title='bbox 651 2525 817 2596; x_wconf 59' lang='lat' dir='ltr'>elindellssli</span> <span class='ocrx_word' id='word_1_313' title='bbox 829 2524 971 2580; x_wconf 64' lang='lat' dir='ltr'>Milibaefls</span> <span class='ocrx_word' id='word_1_314' title='bbox 1021 2531 1441 2600; x_wconf 75' lang='lat' dir='ltr'>diuturnorumouandoentn</span> <span class='ocrx_word' id='word_1_315' title='bbox 1451 2523 1552 2602; x_wconf 87' lang='lat' dir='ltr'>aliquid</span> <span class='ocrx_word' id='word_1_316' title='bbox 1560 2545 1658 2588; x_wconf 86' lang='lat' dir='ltr'>novum</span> <span class='ocrx_word' id='word_1_317' title='bbox 1666 2531 1820 2598; x_wconf 84' lang='lat' dir='ltr'>dedicatur,</span> 
     </span>
     <span class='ocr_line' id='line_1_26' title="bbox 178 2611 1819 2694; baseline -0.005 -7"><span class='ocrx_word' id='word_1_318' title='bbox 178 2619 246 2674; x_wconf 56' lang='lat' dir='ltr'>‘dili</span> <span class='ocrx_word' id='word_1_319' title='bbox 264 2615 386 2688; x_wconf 62' lang='lat' dir='ltr'>”iiilffli</span> <span class='ocrx_word' id='word_1_320' title='bbox 399 2614 488 2686; x_wconf 60' lang='lat' dir='ltr'>iiiiii</span> <span class='ocrx_word' id='word_1_321' title='bbox 499 2629 544 2670; x_wconf 58' lang='lat'>¹¹*</span> <span class='ocrx_word' id='word_1_322' title='bbox 566 2613 654 2684; x_wconf 88' lang='lat' dir='ltr'>ponit,</span> <span class='ocrx_word' id='word_1_323' title='bbox 666 2629 682 2669; x_wconf 62' lang='grc' dir='ltr'>θ</span> <span class='ocrx_word' id='word_1_324' title='bbox 698 2628 763 2684; x_wconf 56' lang='grc' dir='ltr'>ΨΜ,</span> <span class='ocrx_word' id='word_1_325' title='bbox 775 2611 971 2683; x_wconf 62' lang='lat' dir='ltr'>Villsti&#39;llienili</span> <span class='ocrx_word' id='word_1_326' title='bbox 1021 2622 1142 2678; x_wconf 82' lang='lat' dir='ltr'>encaettis</span> <span class='ocrx_word' id='word_1_327' title='bbox 1156 2621 1265 2678; x_wconf 89' lang='lat' dir='ltr'>dicitur.</span> <span class='ocrx_word' id='word_1_328' title='bbox 1279 2621 1355 2678; x_wconf 85' lang='lat' dir='ltr'>lianc</span> <span class='ocrx_word' id='word_1_329' title='bbox 1369 2621 1547 2679; x_wconf 87' lang='lat' dir='ltr'>dedicationis</span> <span class='ocrx_word' id='word_1_330' title='bbox 1556 2621 1649 2694; x_wconf 88' lang='lat' dir='ltr'>templi</span> <span class='ocrx_word' id='word_1_331' title='bbox 1662 2621 1819 2679; x_wconf 83' lang='lat' dir='ltr'>solemnita-</span> 
     </span>
     <span class='ocr_line' id='line_1_27' title="bbox 177 2702 1818 2783; baseline 0.002 -18"><span class='ocrx_word' id='word_1_332' title='bbox 177 2717 268 2774; x_wconf 69' lang='lat' dir='ltr'>aetute</span> <span class='ocrx_word' id='word_1_333' title='bbox 282 2707 309 2762; x_wconf 92' lang='lat' dir='ltr'>in</span> <span class='ocrx_word' id='word_1_334' title='bbox 325 2705 423 2777; x_wconf 88' lang='lat' dir='ltr'>populo</span> <span class='ocrx_word' id='word_1_335' title='bbox 436 2705 484 2762; x_wconf 83' lang='lat' dir='ltr'>Dei</span> <span class='ocrx_word' id='word_1_336' title='bbox 497 2720 592 2778; x_wconf 82' lang='lat' dir='ltr'>regunt</span> <span class='ocrx_word' id='word_1_337' title='bbox 605 2713 726 2776; x_wconf 73' lang='lat' dir='ltr'>mmpota</span> <span class='ocrx_word' id='word_1_338' title='bbox 744 2710 893 2776; x_wconf 87' lang='lat' dir='ltr'>coeperunt.</span> <span class='ocrx_word' id='word_1_339' title='bbox 907 2702 972 2760; x_wconf 78' lang='lat' dir='ltr'>Hauc</span> <span class='ocrx_word' id='word_1_340' title='bbox 1022 2717 1076 2766; x_wconf 88' lang='lat' dir='ltr'>tem</span> <span class='ocrx_word' id='word_1_341' title='bbox 1098 2709 1183 2766; x_wconf 79' lang='lat' dir='ltr'>iudaei</span> <span class='ocrx_word' id='word_1_342' title='bbox 1198 2709 1308 2767; x_wconf 84' lang='lat' dir='ltr'>Octobri</span> <span class='ocrx_word' id='word_1_343' title='bbox 1327 2726 1421 2769; x_wconf 89' lang='lat' dir='ltr'>mense</span> <span class='ocrx_word' id='word_1_344' title='bbox 1436 2710 1570 2768; x_wconf 87' lang='lat' dir='ltr'>calebant.</span> <span class='ocrx_word' id='word_1_345' title='bbox 1586 2711 1650 2769; x_wconf 83' lang='lat' dir='ltr'>Dies</span> <span class='ocrx_word' id='word_1_346' title='bbox 1666 2712 1818 2783; x_wconf 84' lang='lat' dir='ltr'>palmarum</span> 
     </span>
     <span class='ocr_line' id='line_1_28' title="bbox 178 2794 1816 2872; baseline 0.002 -16"><span class='ocrx_word' id='word_1_347' title='bbox 178 2814 294 2871; x_wconf 79' lang='lat' dir='ltr'>rratnqss</span> <span class='ocrx_word' id='word_1_348' title='bbox 314 2799 342 2855; x_wconf 90' lang='lat' dir='ltr'>in</span> <span class='ocrx_word' id='word_1_349' title='bbox 356 2796 512 2855; x_wconf 84' lang='lat' dir='ltr'>bominibus</span> <span class='ocrx_word' id='word_1_350' title='bbox 530 2805 596 2855; x_wconf 80' lang='lat' dir='ltr'>etas</span> <span class='ocrx_word' id='word_1_351' title='bbox 619 2804 682 2868; x_wconf 91' lang='lat' dir='ltr'>apta</span> <span class='ocrx_word' id='word_1_352' title='bbox 709 2796 884 2868; x_wconf 87' lang='lat' dir='ltr'>gubernando</span> <span class='ocrx_word' id='word_1_353' title='bbox 903 2794 972 2852; x_wconf 88' lang='lat' dir='ltr'>solet</span> <span class='ocrx_word' id='word_1_354' title='bbox 1021 2798 1317 2872; x_wconf 85' lang='lat' dir='ltr'>ideodicitur,eoquod</span> <span class='ocrx_word' id='word_1_355' title='bbox 1327 2802 1395 2858; x_wconf 89' lang='lat' dir='ltr'>ineo</span> <span class='ocrx_word' id='word_1_356' title='bbox 1404 2801 1534 2857; x_wconf 85' lang='lat' dir='ltr'>Dominus</span> <span class='ocrx_word' id='word_1_357' title='bbox 1544 2810 1573 2858; x_wconf 88' lang='lat' dir='ltr'>et</span> <span class='ocrx_word' id='word_1_358' title='bbox 1582 2799 1816 2869; x_wconf 71' lang='lat' dir='ltr'>sntnnrnosteu</span> 
     </span>
     <span class='ocr_line' id='line_1_29' title="bbox 176 2888 1817 2965; baseline 0.001 -17"><span class='ocrx_word' id='word_1_359' title='bbox 176 2893 294 2949; x_wconf 81' lang='lat' dir='ltr'>existere</span> <span class='ocrx_word' id='word_1_360' title='bbox 308 2905 402 2963; x_wconf 89' lang='lat' dir='ltr'>regno.</span> <span class='ocrx_word' id='word_1_361' title='bbox 413 2888 523 2959; x_wconf 71' lang='lat' dir='ltr'>Quarta,</span> <span class='ocrx_word' id='word_1_362' title='bbox 537 2889 615 2961; x_wconf 89' lang='lat' dir='ltr'>quasi</span> <span class='ocrx_word' id='word_1_363' title='bbox 627 2888 720 2946; x_wconf 90' lang='lat' dir='ltr'>senilis</span> <span class='ocrx_word' id='word_1_364' title='bbox 732 2896 817 2954; x_wconf 87' lang='lat' dir='ltr'>aetus,</span> <span class='ocrx_word' id='word_1_365' title='bbox 841 2902 857 2943; x_wconf 87' lang='lat' dir='ltr'>a</span> <span class='ocrx_word' id='word_1_366' title='bbox 881 2895 971 2944; x_wconf 89' lang='lat' dir='ltr'>trans·</span> <span class='ocrx_word' id='word_1_367' title='bbox 1021 2889 1094 2947; x_wconf 89' lang='lat' dir='ltr'>sieut</span> <span class='ocrx_word' id='word_1_368' title='bbox 1111 2891 1242 2962; x_wconf 84' lang='lat' dir='ltr'>propheta</span> <span class='ocrx_word' id='word_1_369' title='bbox 1258 2892 1358 2949; x_wconf 88' lang='lat' dir='ltr'>cecinit</span> <span class='ocrx_word' id='word_1_370' title='bbox 1380 2889 1474 2965; x_wconf 82' lang='lat' dir='ltr'>(Zaelr.</span> <span class='ocrx_word' id='word_1_371' title='bbox 1489 2890 1540 2965; x_wconf 81' lang='lat' dir='ltr'>rx),</span> <span class='ocrx_word' id='word_1_372' title='bbox 1564 2892 1733 2950; x_wconf 81' lang='lat' dir='ltr'>Hierusalem</span> <span class='ocrx_word' id='word_1_373' title='bbox 1754 2901 1817 2950; x_wconf 91' lang='lat' dir='ltr'>tea·</span> 
     </span>
     <span class='ocr_line' id='line_1_30' title="bbox 177 2978 1819 3057; baseline -0.001 -16"><span class='ocrx_word' id='word_1_374' title='bbox 177 2983 292 3056; x_wconf 80' lang='lat' dir='ltr'>migrari</span> <span class='ocrx_word' id='word_1_375' title='bbox 305 2980 566 3057; x_wconf 84' lang='lat' dir='ltr'>[transmigratione]</span> <span class='ocrx_word' id='word_1_376' title='bbox 591 2980 840 3052; x_wconf 77' lang='lat' dir='ltr'>babyloniamque</span> <span class='ocrx_word' id='word_1_377' title='bbox 863 2978 897 3034; x_wconf 93' lang='lat' dir='ltr'>ad</span> <span class='ocrx_word' id='word_1_378' title='bbox 920 2978 969 3033; x_wconf 80' lang='lat' dir='ltr'>ad-</span> <span class='ocrx_word' id='word_1_379' title='bbox 1022 2980 1112 3047; x_wconf 87' lang='lat' dir='ltr'>dens,</span> <span class='ocrx_word' id='word_1_380' title='bbox 1134 2980 1246 3036; x_wconf 87' lang='lat' dir='ltr'>asellum</span> <span class='ocrx_word' id='word_1_381' title='bbox 1276 2980 1380 3038; x_wconf 88' lang='lat' dir='ltr'>sedisse</span> <span class='ocrx_word' id='word_1_382' title='bbox 1406 2981 1585 3052; x_wconf 85' lang='lat' dir='ltr'>perhibetur:</span> <span class='ocrx_word' id='word_1_383' title='bbox 1601 2989 1667 3038; x_wconf 92' lang='lat' dir='ltr'>tuuc</span> <span class='ocrx_word' id='word_1_384' title='bbox 1690 2981 1819 3054; x_wconf 86' lang='lat' dir='ltr'>gradiens</span> 
     </span>
     <span class='ocr_line' id='line_1_31' title="bbox 176 3067 1819 3144; baseline -0.002 -13"><span class='ocrx_word' id='word_1_385' title='bbox 176 3083 288 3132; x_wconf 80' lang='lat' dir='ltr'>tentum</span> <span class='ocrx_word' id='word_1_386' title='bbox 307 3075 412 3133; x_wconf 84' lang='lat' dir='ltr'>Domini</span> <span class='ocrx_word' id='word_1_387' title='bbox 432 3072 581 3132; x_wconf 78' lang='lat' dir='ltr'>salvatoris</span> <span class='ocrx_word' id='word_1_388' title='bbox 602 3071 630 3128; x_wconf 93' lang='lat' dir='ltr'>in</span> <span class='ocrx_word' id='word_1_389' title='bbox 644 3085 738 3138; x_wconf 89' lang='lat' dir='ltr'>earne,</span> <span class='ocrx_word' id='word_1_390' title='bbox 753 3068 971 3144; x_wconf 87' lang='lat' dir='ltr'>generationibus</span> <span class='ocrx_word' id='word_1_391' title='bbox 1024 3086 1085 3128; x_wconf 91' lang='lat' dir='ltr'>eum</span> <span class='ocrx_word' id='word_1_392' title='bbox 1097 3070 1182 3128; x_wconf 89' lang='lat' dir='ltr'>ramis</span> <span class='ocrx_word' id='word_1_393' title='bbox 1204 3071 1356 3143; x_wconf 87' lang='lat' dir='ltr'>palmarum</span> <span class='ocrx_word' id='word_1_394' title='bbox 1369 3067 1512 3129; x_wconf 88' lang='lat' dir='ltr'>multitudo</span> <span class='ocrx_word' id='word_1_395' title='bbox 1531 3071 1649 3143; x_wconf 88' lang='lat' dir='ltr'>plebium</span> <span class='ocrx_word' id='word_1_396' title='bbox 1668 3071 1776 3129; x_wconf 73' lang='lat' dir='ltr'>abdam</span> <span class='ocrx_word' id='word_1_397' title='bbox 1792 3072 1819 3127; x_wconf 88' lang='lat' dir='ltr'>ei</span> 
     </span>
     <span class='ocr_line' id='line_1_32' title="bbox 177 3148 1819 3239; baseline -0.009 -4"><span class='ocrx_word' id='word_1_398' title='bbox 177 3178 206 3225; x_wconf 72' lang='lat'>01</span> <span class='ocrx_word' id='word_1_399' title='bbox 222 3168 281 3239; x_wconf 68' lang='lat' dir='ltr'>list</span> <span class='ocrx_word' id='word_1_400' title='bbox 302 3183 377 3234; x_wconf 65' lang='lat' dir='ltr'>nli,</span> <span class='ocrx_word' id='word_1_401' title='bbox 392 3182 474 3239; x_wconf 66' lang='lat' dir='ltr'>iwrio</span> <span class='ocrx_word' id='word_1_402' title='bbox 487 3167 567 3222; x_wconf 68' lang='lat' dir='ltr'>tntis</span> <span class='ocrx_word' id='word_1_403' title='bbox 583 3179 702 3221; x_wconf 66' lang='lat' dir='ltr'>timu</span> <span class='ocrx_word' id='word_1_404' title='bbox 722 3171 841 3219; x_wconf 62' lang='lat' dir='ltr'>illinit·</span> <span class='ocrx_word' id='word_1_405' title='bbox 861 3160 891 3217; x_wconf 79' lang='lat' dir='ltr'>ln</span> <span class='ocrx_word' id='word_1_406' title='bbox 906 3175 971 3231; x_wconf 72' lang='lat' dir='ltr'>qus,</span> <span class='ocrx_word' id='word_1_407' title='bbox 985 3148 1008 3213; x_wconf 75' lang='lat' dir='ltr'>C</span> <span class='ocrx_word' id='word_1_408' title='bbox 1023 3165 1209 3222; x_wconf 89' lang='lat' dir='ltr'>clamaverunt</span> <span class='ocrx_word' id='word_1_409' title='bbox 1224 3179 1232 3218; x_wconf 77' lang='lat' dir='ltr'><strong><em>z</em></strong></span> <span class='ocrx_word' id='word_1_410' title='bbox 1250 3163 1389 3229; x_wconf 84' lang='lat' dir='ltr'>llamaaa,</span> <span class='ocrx_word' id='word_1_411' title='bbox 1405 3166 1566 3233; x_wconf 81' lang='lat' dir='ltr'>benedictas,</span> <span class='ocrx_word' id='word_1_412' title='bbox 1583 3165 1629 3238; x_wconf 85' lang='lat' dir='ltr'>qai</span> <span class='ocrx_word' id='word_1_413' title='bbox 1646 3166 1715 3220; x_wconf 88' lang='lat' dir='ltr'>oeait</span> <span class='ocrx_word' id='word_1_414' title='bbox 1728 3167 1757 3220; x_wconf 86' lang='lat' dir='ltr'>ia</span> <span class='ocrx_word' id='word_1_415' title='bbox 1770 3182 1819 3221; x_wconf 84' lang='lat' dir='ltr'>ao-</span> 
     </span>
    </p>
   </div>
   <div class='ocr_carea' id='block_1_3' title="bbox 177 3252 1819 3605">
    <p class='ocr_par' dir='ltr' id='par_1_3' title="bbox 177 3252 1819 3605">
     <span class='ocr_line' id='line_1_33' title="bbox 177 3252 1818 3335; baseline -0.006 -11"><span class='ocrx_word' id='word_1_416' title='bbox 177 3270 209 3316; x_wconf 93' lang='lat' dir='ltr'>ut</span> <span class='ocrx_word' id='word_1_417' title='bbox 222 3261 297 3332; x_wconf 67' lang='lat' dir='ltr'>stati</span> <span class='ocrx_word' id='word_1_418' title='bbox 311 3269 450 3317; x_wconf 58' lang='lat' dir='ltr'>uenabulo</span> <span class='ocrx_word' id='word_1_419' title='bbox 467 3257 560 3323; x_wconf 60' lang='lat' dir='ltr'>festa·</span> <span class='ocrx_word' id='word_1_420' title='bbox 586 3256 664 3313; x_wconf 90' lang='lat' dir='ltr'>malis</span> <span class='ocrx_word' id='word_1_421' title='bbox 689 3254 874 3312; x_wconf 85' lang='lat' dir='ltr'>crebrioribus</span> <span class='ocrx_word' id='word_1_422' title='bbox 897 3253 973 3335; x_wconf 88' lang='lat' dir='ltr'>plebs</span> <span class='ocrx_word' id='word_1_423' title='bbox 1022 3258 1093 3315; x_wconf 84' lang='lat' dir='ltr'>miae</span> <span class='ocrx_word' id='word_1_424' title='bbox 1105 3257 1222 3323; x_wconf 82' lang='lat' dir='ltr'>Domini,</span> <span class='ocrx_word' id='word_1_425' title='bbox 1238 3273 1285 3313; x_wconf 79' lang='lat' dir='ltr'>aaa</span> <span class='ocrx_word' id='word_1_426' title='bbox 1298 3255 1384 3313; x_wconf 83' lang='lat' dir='ltr'>lsrael</span> <span class='ocrx_word' id='word_1_427' title='bbox 1399 3256 1506 3330; x_wconf 79' lang='lat' dir='ltr'>(blatta.</span> <span class='ocrx_word' id='word_1_428' title='bbox 1524 3257 1592 3326; x_wconf 80' lang='lat' dir='ltr'>nt).</span> <span class='ocrx_word' id='word_1_429' title='bbox 1608 3252 1708 3328; x_wconf 80' lang='lat' dir='ltr'>Vulgus</span> <span class='ocrx_word' id='word_1_430' title='bbox 1724 3265 1818 3314; x_wconf 89' lang='lat' dir='ltr'>autem</span> 
     </span>
     <span class='ocr_line' id='line_1_34' title="bbox 177 3346 1818 3421; baseline 0 -15"><span class='ocrx_word' id='word_1_431' title='bbox 177 3350 291 3408; x_wconf 82' lang='lat' dir='ltr'>liebrma</span> <span class='ocrx_word' id='word_1_432' title='bbox 314 3358 469 3421; x_wconf 85' lang='lat' dir='ltr'>quassatur.</span> <span class='ocrx_word' id='word_1_433' title='bbox 493 3348 589 3413; x_wconf 81' lang='lat' dir='ltr'>Sexta,</span> <span class='ocrx_word' id='word_1_434' title='bbox 600 3361 660 3416; x_wconf 82' lang='lat' dir='ltr'>quae</span> <span class='ocrx_word' id='word_1_435' title='bbox 675 3361 749 3403; x_wconf 89' lang='lat' dir='ltr'>nunc</span> <span class='ocrx_word' id='word_1_436' title='bbox 772 3346 880 3417; x_wconf 86' lang='lat' dir='ltr'>agitur,</span> <span class='ocrx_word' id='word_1_437' title='bbox 905 3353 972 3402; x_wconf 81' lang='lat' dir='ltr'>aetas</span> <span class='ocrx_word' id='word_1_438' title='bbox 1022 3349 1083 3405; x_wconf 87' lang='lat' dir='ltr'>ideo</span> <span class='ocrx_word' id='word_1_439' title='bbox 1100 3349 1173 3406; x_wconf 90' lang='lat' dir='ltr'>hunc</span> <span class='ocrx_word' id='word_1_440' title='bbox 1185 3348 1257 3405; x_wconf 93' lang='lat' dir='ltr'>diem</span> <span class='ocrx_word' id='word_1_441' title='bbox 1271 3348 1448 3421; x_wconf 75' lang='lat' dir='ltr'>capitilavium</span> <span class='ocrx_word' id='word_1_442' title='bbox 1472 3356 1562 3414; x_wconf 86' lang='lat' dir='ltr'>vocnt,</span> <span class='ocrx_word' id='word_1_443' title='bbox 1576 3349 1640 3420; x_wconf 92' lang='lat' dir='ltr'>quia</span> <span class='ocrx_word' id='word_1_444' title='bbox 1653 3356 1719 3405; x_wconf 91' lang='lat' dir='ltr'>tune</span> <span class='ocrx_word' id='word_1_445' title='bbox 1731 3349 1818 3406; x_wconf 84' lang='lat' dir='ltr'>moris</span> 
     </span>
     <span class='ocr_line' id='line_1_35' title="bbox 178 3437 1819 3515; baseline -0.001 -17"><span class='ocrx_word' id='word_1_446' title='bbox 178 3443 251 3499; x_wconf 87' lang='lat' dir='ltr'>nulla</span> <span class='ocrx_word' id='word_1_447' title='bbox 259 3443 462 3515; x_wconf 82' lang='lat' dir='ltr'>generationum</span> <span class='ocrx_word' id='word_1_448' title='bbox 474 3440 516 3496; x_wconf 85' lang='lat' dir='ltr'>rel</span> <span class='ocrx_word' id='word_1_449' title='bbox 527 3449 678 3510; x_wconf 87' lang='lat' dir='ltr'>temporum</span> <span class='ocrx_word' id='word_1_450' title='bbox 691 3437 845 3494; x_wconf 88' lang='lat' dir='ltr'>seriecerta</span> <span class='ocrx_word' id='word_1_451' title='bbox 856 3452 864 3492; x_wconf 79' lang='lat' dir='ltr'><strong><em>z</em></strong></span> <span class='ocrx_word' id='word_1_452' title='bbox 876 3437 972 3504; x_wconf 87' lang='lat' dir='ltr'>sed,ut</span> <span class='ocrx_word' id='word_1_453' title='bbox 1021 3448 1064 3495; x_wconf 83' lang='lat' dir='ltr'>est</span> <span class='ocrx_word' id='word_1_454' title='bbox 1072 3439 1179 3495; x_wconf 85' lang='lat' dir='ltr'>lavandi</span> <span class='ocrx_word' id='word_1_455' title='bbox 1190 3441 1278 3511; x_wconf 89' lang='lat' dir='ltr'>capita</span> <span class='ocrx_word' id='word_1_456' title='bbox 1290 3440 1498 3511; x_wconf 74' lang='lat' dir='ltr'>infantiumqui</span> <span class='ocrx_word' id='word_1_457' title='bbox 1509 3440 1624 3510; x_wconf 81' lang='lat' dir='ltr'>ungendi</span> <span class='ocrx_word' id='word_1_458' title='bbox 1636 3448 1708 3507; x_wconf 89' lang='lat' dir='ltr'>sunt,</span> <span class='ocrx_word' id='word_1_459' title='bbox 1719 3456 1755 3497; x_wconf 88' lang='lat' dir='ltr'>ne</span> <span class='ocrx_word' id='word_1_460' title='bbox 1767 3441 1819 3499; x_wconf 90' lang='lat' dir='ltr'>ob-</span> 
     </span>
     <span class='ocr_line' id='line_1_36' title="bbox 179 3529 1818 3605; baseline -0.002 -16"><span class='ocrx_word' id='word_1_461' title='bbox 179 3531 564 3605; x_wconf 79' lang='lat' dir='ltr'>mtasdecrepitsipsa,totius</span> <span class='ocrx_word' id='word_1_462' title='bbox 578 3529 768 3587; x_wconf 80' lang='lat' dir='ltr'>saecnlimorte</span> <span class='ocrx_word' id='word_1_463' title='bbox 778 3529 969 3586; x_wconf 84' lang='lat' dir='ltr'>consumenda.</span> <span class='ocrx_word' id='word_1_464' title='bbox 1022 3531 1176 3588; x_wconf 82' lang='lat' dir='ltr'>servatione</span> <span class='ocrx_word' id='word_1_465' title='bbox 1206 3532 1420 3603; x_wconf 78' lang='lat' dir='ltr'>quadragesima</span> <span class='ocrx_word' id='word_1_466' title='bbox 1443 3531 1580 3588; x_wconf 90' lang='lat' dir='ltr'>sordidata</span> <span class='ocrx_word' id='word_1_467' title='bbox 1606 3532 1818 3588; x_wconf 82' lang='lat' dir='ltr'>adunationem</span> 
     </span>
    </p>
   </div>
   <div class='ocr_carea' id='block_1_4' title="bbox 172 3621 1820 5792">
    <p class='ocr_par' dir='ltr' id='par_1_4' title="bbox 172 3621 1820 5792">
     <span class='ocr_line' id='line_1_37' title="bbox 179 3621 1819 3695; baseline 0 -15"><span class='ocrx_word' id='word_1_468' title='bbox 179 3622 973 3695; x_wconf 74' lang='lat' dir='ltr'>ilasaerumnosampleuasquelaboribusmundiaetatesqui-</span> <span class='ocrx_word' id='word_1_469' title='bbox 1022 3623 1193 3679; x_wconf 81' lang='lat' dir='ltr'>accederent.</span> <span class='ocrx_word' id='word_1_470' title='bbox 1205 3621 1263 3680; x_wconf 89' lang='lat' dir='ltr'>lloa</span> <span class='ocrx_word' id='word_1_471' title='bbox 1276 3631 1368 3678; x_wconf 72' lang='lat' dir='ltr'>auum</span> <span class='ocrx_word' id='word_1_472' title='bbox 1378 3623 1423 3679; x_wconf 88' lang='lat' dir='ltr'>die</span> <span class='ocrx_word' id='word_1_473' title='bbox 1435 3622 1587 3695; x_wconf 83' lang='lat' dir='ltr'>symbolum</span> <span class='ocrx_word' id='word_1_474' title='bbox 1600 3623 1819 3695; x_wconf 86' lang='lat' dir='ltr'>competentibus</span> 
     </span>
     <span class='ocr_line' id='line_1_38' title="bbox 177 3711 1819 3786; baseline 0.001 -17"><span class='ocrx_word' id='word_1_475' title='bbox 177 3731 231 3784; x_wconf 90' lang='lat' dir='ltr'>que</span> <span class='ocrx_word' id='word_1_476' title='bbox 243 3713 313 3771; x_wconf 80' lang='lat' dir='ltr'>lelie‘</span> <span class='ocrx_word' id='word_1_477' title='bbox 320 3723 406 3770; x_wconf 86' lang='lat' dir='ltr'>morte</span> <span class='ocrx_word' id='word_1_478' title='bbox 413 3714 545 3779; x_wconf 82' lang='lat' dir='ltr'>vicerunt,</span> <span class='ocrx_word' id='word_1_479' title='bbox 555 3711 840 3783; x_wconf 83' lang='lat' dir='ltr'>septimajumsabbati</span> <span class='ocrx_word' id='word_1_480' title='bbox 847 3713 973 3784; x_wconf 85' lang='lat' dir='ltr'>perennis</span> <span class='ocrx_word' id='word_1_481' title='bbox 1022 3716 1148 3783; x_wconf 88' lang='lat' dir='ltr'>traditur,</span> <span class='ocrx_word' id='word_1_482' title='bbox 1164 3725 1276 3786; x_wconf 85' lang='lat' dir='ltr'>propter</span> <span class='ocrx_word' id='word_1_483' title='bbox 1289 3715 1422 3771; x_wconf 89' lang='lat' dir='ltr'>conllnem</span> <span class='ocrx_word' id='word_1_484' title='bbox 1436 3715 1582 3772; x_wconf 79' lang='lat' dir='ltr'>uontntee</span> <span class='ocrx_word' id='word_1_485' title='bbox 1595 3715 1702 3786; x_wconf 79' lang='lat' dir='ltr'>paschae</span> <span class='ocrx_word' id='word_1_486' title='bbox 1720 3715 1819 3772; x_wconf 90' lang='lat' dir='ltr'>solem-</span> 
     </span>
     <span class='ocr_line' id='line_1_39' title="bbox 178 3804 1817 3879; baseline -0.001 -16"><span class='ocrx_word' id='word_1_487' title='bbox 178 3816 260 3863; x_wconf 81' lang='lat' dir='ltr'>aetate</span> <span class='ocrx_word' id='word_1_488' title='bbox 274 3806 527 3879; x_wconf 87' lang='lat' dir='ltr'>suseeptioctuvam</span> <span class='ocrx_word' id='word_1_489' title='bbox 537 3807 625 3861; x_wconf 77' lang='lat' dir='ltr'>heatae</span> <span class='ocrx_word' id='word_1_490' title='bbox 635 3805 841 3861; x_wconf 85' lang='lat' dir='ltr'>resurrectionis</span> <span class='ocrx_word' id='word_1_491' title='bbox 851 3812 970 3870; x_wconf 77' lang='lat' dir='ltr'>etatem,</span> <span class='ocrx_word' id='word_1_492' title='bbox 1022 3804 1817 3878; x_wconf 79' lang='lat' dir='ltr'>nitatem,utquijamadbeigratiampercipiendamiesti-</span> 
     </span>
     <span class='ocr_line' id='line_1_40' title="bbox 177 3893 1818 3973; baseline -0.004 -15"><span class='ocrx_word' id='word_1_493' title='bbox 177 3903 205 3958; x_wconf 87' lang='lat' dir='ltr'>in</span> <span class='ocrx_word' id='word_1_494' title='bbox 219 3917 272 3973; x_wconf 86' lang='lat' dir='ltr'>qua</span> <span class='ocrx_word' id='word_1_495' title='bbox 285 3914 392 3972; x_wconf 85' lang='lat' dir='ltr'>semper</span> <span class='ocrx_word' id='word_1_496' title='bbox 402 3914 463 3956; x_wconf 85' lang='lat' dir='ltr'>eum</span> <span class='ocrx_word' id='word_1_497' title='bbox 470 3899 585 3955; x_wconf 87' lang='lat' dir='ltr'>Domino</span> <span class='ocrx_word' id='word_1_498' title='bbox 596 3906 725 3971; x_wconf 84' lang='lat' dir='ltr'>regnem,</span> <span class='ocrx_word' id='word_1_499' title='bbox 739 3904 908 3954; x_wconf 85' lang='lat' dir='ltr'>exspectant.</span> <span class='ocrx_word' id='word_1_500' title='bbox 1021 3905 1098 3962; x_wconf 91' lang='lat' dir='ltr'>nant,</span> <span class='ocrx_word' id='word_1_501' title='bbox 1111 3896 1289 3966; x_wconf 72' lang='lat' dir='ltr'>lidemonium</span> <span class='ocrx_word' id='word_1_502' title='bbox 1299 3895 1489 3961; x_wconf 86' lang='lat' dir='ltr'>conliteamur,</span> <span class='ocrx_word' id='word_1_503' title='bbox 1501 3902 1658 3966; x_wconf 78' lang='lat' dir='ltr'>agnoscant.</span> <span class='ocrx_word' id='word_1_504' title='bbox 1673 3893 1760 3951; x_wconf 83' lang='lat' dir='ltr'>Coena</span> <span class='ocrx_word' id='word_1_505' title='bbox 1769 3895 1818 3951; x_wconf 76' lang='lat' dir='ltr'>do</span> 
     </span>
     <span class='ocr_line' id='line_1_41' title="bbox 483 3983 1818 4066; baseline -0.004 -22"><span class='ocrx_word' id='word_1_506' title='bbox 483 4008 597 4066; x_wconf 57' lang='grc' dir='ltr'>(ΜΤ</span> <span class='ocrx_word' id='word_1_507' title='bbox 614 4007 673 4065; x_wconf 52' lang='grc' dir='ltr'>χι,</span> <span class='ocrx_word' id='word_1_508' title='bbox 1021 3986 1122 4043; x_wconf 83' lang='lat' dir='ltr'>minias</span> <span class='ocrx_word' id='word_1_509' title='bbox 1135 3985 1206 4042; x_wconf 86' lang='lat' dir='ltr'>dieta</span> <span class='ocrx_word' id='word_1_510' title='bbox 1220 3994 1262 4040; x_wconf 89' lang='lat' dir='ltr'>cst</span> <span class='ocrx_word' id='word_1_511' title='bbox 1275 4000 1308 4041; x_wconf 90' lang='lat' dir='ltr'>eo</span> <span class='ocrx_word' id='word_1_512' title='bbox 1321 3985 1394 4055; x_wconf 88' lang='lat' dir='ltr'>quod</span> <span class='ocrx_word' id='word_1_513' title='bbox 1412 3984 1439 4040; x_wconf 91' lang='lat' dir='ltr'>in</span> <span class='ocrx_word' id='word_1_514' title='bbox 1460 3999 1494 4041; x_wconf 88' lang='lat' dir='ltr'>eo</span> <span class='ocrx_word' id='word_1_515' title='bbox 1517 3985 1561 4040; x_wconf 89' lang='lat' dir='ltr'>die</span> <span class='ocrx_word' id='word_1_516' title='bbox 1574 3983 1701 4041; x_wconf 83' lang='lat' dir='ltr'>Salvator</span> <span class='ocrx_word' id='word_1_517' title='bbox 1714 3984 1818 4055; x_wconf 85' lang='lat' dir='ltr'>pasrlra</span> 
     </span>
     <span class='ocr_line' id='line_1_42' title="bbox 446 4075 1818 4151; baseline -0.004 -14"><span class='ocrx_word' id='word_1_518' title='bbox 446 4081 483 4137; x_wconf 83' lang='lat' dir='ltr'>tte</span> <span class='ocrx_word' id='word_1_519' title='bbox 507 4078 702 4151; x_wconf 68' lang='lat' dir='ltr'>festivitatibus.</span> <span class='ocrx_word' id='word_1_520' title='bbox 1021 4094 1084 4136; x_wconf 89' lang='lat' dir='ltr'>eum</span> <span class='ocrx_word' id='word_1_521' title='bbox 1095 4078 1152 4134; x_wconf 88' lang='lat' dir='ltr'>suis</span> <span class='ocrx_word' id='word_1_522' title='bbox 1163 4077 1301 4147; x_wconf 87' lang='lat' dir='ltr'>discipulis</span> <span class='ocrx_word' id='word_1_523' title='bbox 1315 4075 1420 4132; x_wconf 85' lang='lat' dir='ltr'>iecerit</span> <span class='ocrx_word' id='word_1_524' title='bbox 1435 4076 1514 4145; x_wconf 83' lang='lat' dir='ltr'>Quod</span> <span class='ocrx_word' id='word_1_525' title='bbox 1528 4086 1556 4132; x_wconf 88' lang='lat' dir='ltr'>et</span> <span class='ocrx_word' id='word_1_526' title='bbox 1579 4076 1728 4147; x_wconf 74' lang='lat' dir='ltr'>hodieque,</span> <span class='ocrx_word' id='word_1_527' title='bbox 1743 4075 1818 4133; x_wconf 91' lang='lat' dir='ltr'>sicut</span> 
     </span>
     <span class='ocr_line' id='line_1_43' title="bbox 213 4168 1819 4240; baseline -0.007 -4"><span class='ocrx_word' id='word_1_528' title='bbox 213 4173 357 4230; x_wconf 59' lang='lat' dir='ltr'>Fabullus</span> <span class='ocrx_word' id='word_1_529' title='bbox 370 4172 442 4229; x_wconf 75' lang='lat' dir='ltr'>ueta</span> <span class='ocrx_word' id='word_1_530' title='bbox 456 4187 472 4226; x_wconf 72' lang='lat' dir='ltr'>a</span> <span class='ocrx_word' id='word_1_531' title='bbox 489 4171 566 4226; x_wconf 87' lang='lat' dir='ltr'>lestis</span> <span class='ocrx_word' id='word_1_532' title='bbox 578 4169 682 4234; x_wconf 66' lang='lat' dir='ltr'>diebus.</span> <span class='ocrx_word' id='word_1_533' title='bbox 694 4168 772 4239; x_wconf 68' lang='lat' dir='ltr'>quasi</span> <span class='ocrx_word' id='word_1_534' title='bbox 784 4168 922 4237; x_wconf 68' lang='lat' dir='ltr'>testinans,</span> <span class='ocrx_word' id='word_1_535' title='bbox 938 4181 972 4223; x_wconf 85' lang='lat' dir='ltr'>eo</span> <span class='ocrx_word' id='word_1_536' title='bbox 1022 4180 1064 4229; x_wconf 91' lang='lat' dir='ltr'>est</span> <span class='ocrx_word' id='word_1_537' title='bbox 1077 4171 1216 4236; x_wconf 87' lang='lat' dir='ltr'>traditum,</span> <span class='ocrx_word' id='word_1_538' title='bbox 1229 4169 1394 4235; x_wconf 87' lang='lat' dir='ltr'>celebratur,</span> <span class='ocrx_word' id='word_1_539' title='bbox 1406 4181 1585 4240; x_wconf 88' lang='lat' dir='ltr'>sanctumque</span> <span class='ocrx_word' id='word_1_540' title='bbox 1599 4168 1628 4225; x_wconf 93' lang='lat' dir='ltr'>in</span> <span class='ocrx_word' id='word_1_541' title='bbox 1641 4183 1675 4226; x_wconf 91' lang='lat' dir='ltr'>eo</span> <span class='ocrx_word' id='word_1_542' title='bbox 1688 4168 1732 4225; x_wconf 89' lang='lat' dir='ltr'>die</span> <span class='ocrx_word' id='word_1_543' title='bbox 1747 4168 1819 4225; x_wconf 86' lang='lat' dir='ltr'>ebri-</span> 
     </span>
     <span class='ocr_line' id='line_1_44' title="bbox 176 4246 1817 4335; baseline 0 -18"><span class='ocrx_word' id='word_1_544' title='bbox 176 4265 248 4335; x_wconf 88' lang='lat' dir='ltr'>quod</span> <span class='ocrx_word' id='word_1_545' title='bbox 258 4265 285 4320; x_wconf 94' lang='lat' dir='ltr'>in</span> <span class='ocrx_word' id='word_1_546' title='bbox 297 4265 339 4320; x_wconf 90' lang='lat' dir='ltr'>eis</span> <span class='ocrx_word' id='word_1_547' title='bbox 355 4261 412 4318; x_wconf 88' lang='lat' dir='ltr'>sola</span> <span class='ocrx_word' id='word_1_548' title='bbox 426 4246 471 4317; x_wconf 85' lang='lat' dir='ltr'>res</span> <span class='ocrx_word' id='word_1_549' title='bbox 482 4260 573 4317; x_wconf 82' lang='lat' dir='ltr'>dirim</span> <span class='ocrx_word' id='word_1_550' title='bbox 584 4259 624 4326; x_wconf 89' lang='lat' dir='ltr'>lit,</span> <span class='ocrx_word' id='word_1_551' title='bbox 641 4259 739 4330; x_wconf 85' lang='lat' dir='ltr'>quibus</span> <span class='ocrx_word' id='word_1_552' title='bbox 758 4259 887 4319; x_wconf 85' lang='lat' dir='ltr'>contrarii</span> <span class='ocrx_word' id='word_1_553' title='bbox 908 4267 972 4314; x_wconf 93' lang='lat' dir='ltr'>sunt</span> <span class='ocrx_word' id='word_1_554' title='bbox 1022 4278 1081 4319; x_wconf 88' lang='lat' dir='ltr'>sma</span> <span class='ocrx_word' id='word_1_555' title='bbox 1093 4264 1250 4328; x_wconf 87' lang='lat' dir='ltr'>coniicitur,</span> <span class='ocrx_word' id='word_1_556' title='bbox 1268 4269 1350 4332; x_wconf 90' lang='lat' dir='ltr'>atque</span> <span class='ocrx_word' id='word_1_557' title='bbox 1364 4262 1470 4318; x_wconf 88' lang='lat' dir='ltr'>initium</span> <span class='ocrx_word' id='word_1_558' title='bbox 1486 4259 1554 4315; x_wconf 85' lang='lat' dir='ltr'>Novi</span> <span class='ocrx_word' id='word_1_559' title='bbox 1572 4258 1761 4327; x_wconf 83' lang='lat' dir='ltr'>Testamenti,</span> <span class='ocrx_word' id='word_1_560' title='bbox 1786 4269 1817 4317; x_wconf 91' lang='lat' dir='ltr'>et</span> 
     </span>
     <span class='ocr_line' id='line_1_45' title="bbox 176 4351 1701 4427; baseline 0 -16"><span class='ocrx_word' id='word_1_561' title='bbox 176 4356 251 4421; x_wconf 88' lang='lat' dir='ltr'>lusti,</span> <span class='ocrx_word' id='word_1_562' title='bbox 266 4356 292 4411; x_wconf 91' lang='lat' dir='ltr'>in</span> <span class='ocrx_word' id='word_1_563' title='bbox 307 4355 406 4427; x_wconf 88' lang='lat' dir='ltr'>quibus</span> <span class='ocrx_word' id='word_1_564' title='bbox 423 4352 562 4425; x_wconf 76' lang='lat' dir='ltr'>instator,</span> <span class='ocrx_word' id='word_1_565' title='bbox 577 4352 669 4419; x_wconf 91' lang='lat' dir='ltr'>idest,</span> <span class='ocrx_word' id='word_1_566' title='bbox 683 4352 792 4408; x_wconf 87' lang='lat' dir='ltr'>dicitur.</span> <span class='ocrx_word' id='word_1_567' title='bbox 808 4351 972 4409; x_wconf 76' lang='lat' dir='ltr'>solemnitas</span> <span class='ocrx_word' id='word_1_568' title='bbox 1023 4356 1129 4414; x_wconf 81' lang='lat' dir='ltr'>Veteris</span> <span class='ocrx_word' id='word_1_569' title='bbox 1145 4356 1308 4413; x_wconf 83' lang='lat' dir='ltr'>Testamenti</span> <span class='ocrx_word' id='word_1_570' title='bbox 1327 4355 1444 4412; x_wconf 85' lang='lat' dir='ltr'>cessatio</span> <span class='ocrx_word' id='word_1_571' title='bbox 1456 4353 1620 4409; x_wconf 86' lang='lat' dir='ltr'>declaratur.</span> <span class='ocrx_word' id='word_1_572' title='bbox 1695 4400 1701 4407; x_wconf 93' lang='lat'>.</span> 
     </span>
     <span class='ocr_line' id='line_1_46' title="bbox 176 4443 1516 4525; baseline -0.004 -22"><span class='ocrx_word' id='word_1_573' title='bbox 176 4465 192 4503; x_wconf 86' lang='lat' dir='ltr'>a</span> <span class='ocrx_word' id='word_1_574' title='bbox 207 4448 293 4506; x_wconf 87' lang='lat' dir='ltr'>saeris</span> <span class='ocrx_word' id='word_1_575' title='bbox 306 4447 417 4512; x_wconf 90' lang='lat' dir='ltr'>dicitur,</span> <span class='ocrx_word' id='word_1_576' title='bbox 429 4446 467 4503; x_wconf 88' lang='lat' dir='ltr'>ita</span> <span class='ocrx_word' id='word_1_577' title='bbox 483 4454 621 4515; x_wconf 87' lang='lat' dir='ltr'>suscepta,</span> <span class='ocrx_word' id='word_1_578' title='bbox 633 4452 664 4499; x_wconf 91' lang='lat' dir='ltr'>nt</span> <span class='ocrx_word' id='word_1_579' title='bbox 689 4443 788 4500; x_wconf 90' lang='lat' dir='ltr'>mutari</span> <span class='ocrx_word' id='word_1_580' title='bbox 809 4445 845 4500; x_wconf 87' lang='lat' dir='ltr'>ob</span> <span class='ocrx_word' id='word_1_581' title='bbox 859 4443 969 4514; x_wconf 89' lang='lat' dir='ltr'>religia·</span> <span class='ocrx_word' id='word_1_582' title='bbox 1318 4467 1432 4525; x_wconf 60' lang='lat' dir='ltr'>CngT</span> <span class='ocrx_word' id='word_1_583' title='bbox 1447 4465 1516 4523; x_wconf 43' lang='lat' dir='ltr'>xpp·</span> 
     </span>
     <span class='ocr_line' id='line_1_47' title="bbox 176 4506 1505 4604; baseline -0.002 -9"><span class='ocrx_word' id='word_1_584' title='bbox 176 4555 240 4596; x_wconf 78' lang='lat' dir='ltr'>rtem</span> <span class='ocrx_word' id='word_1_585' title='bbox 258 4539 359 4596; x_wconf 73' lang='lat' dir='ltr'>clamati</span> <span class='ocrx_word' id='word_1_586' title='bbox 377 4554 431 4596; x_wconf 91' lang='lat' dir='ltr'>non</span> <span class='ocrx_word' id='word_1_587' title='bbox 446 4537 553 4601; x_wconf 88' lang='lat' dir='ltr'>debeat,</span> <span class='ocrx_word' id='word_1_588' title='bbox 578 4554 595 4593; x_wconf 91' lang='lat' dir='ltr'>a</span> <span class='ocrx_word' id='word_1_589' title='bbox 615 4536 683 4604; x_wconf 89' lang='lat' dir='ltr'>solo,</span> <span class='ocrx_word' id='word_1_590' title='bbox 706 4536 805 4602; x_wconf 88' lang='lat' dir='ltr'>idest,</span> <span class='ocrx_word' id='word_1_591' title='bbox 824 4535 903 4593; x_wconf 83' lang='lat' dir='ltr'>drmo</span> <span class='ocrx_word' id='word_1_592' title='bbox 925 4544 966 4591; x_wconf 79' lang='lat' dir='ltr'>at</span> <span class='ocrx_word' id='word_1_593' title='bbox 984 4506 1009 4565; x_wconf 67' lang='grc' dir='ltr'><strong>Β</strong></span> <span class='ocrx_word' id='word_1_594' title='bbox 1329 4539 1368 4593; x_wconf 87' lang='lat' dir='ltr'>lte</span> <span class='ocrx_word' id='word_1_595' title='bbox 1387 4538 1505 4593; x_wconf 79' lang='lat' dir='ltr'>radiato.</span> 
     </span>
     <span class='ocr_line' id='line_1_48' title="bbox 175 4627 1816 4703; baseline -0.003 -17"><span class='ocrx_word' id='word_1_596' title='bbox 175 4646 229 4703; x_wconf 92' lang='lat' dir='ltr'>que</span> <span class='ocrx_word' id='word_1_597' title='bbox 253 4630 340 4688; x_wconf 88' lang='lat' dir='ltr'>solido</span> <span class='ocrx_word' id='word_1_598' title='bbox 366 4629 516 4687; x_wconf 90' lang='lat' dir='ltr'>nominata.</span> <span class='ocrx_word' id='word_1_599' title='bbox 540 4628 689 4685; x_wconf 74' lang='lat' dir='ltr'>celebritas</span> <span class='ocrx_word' id='word_1_600' title='bbox 716 4637 808 4685; x_wconf 89' lang='lat' dir='ltr'>autem</span> <span class='ocrx_word' id='word_1_601' title='bbox 833 4636 966 4695; x_wconf 87' lang='lat' dir='ltr'>vocatur,</span> <span class='ocrx_word' id='word_1_602' title='bbox 1058 4630 1206 4687; x_wconf 87' lang='lat' dir='ltr'>Sabbatum</span> <span class='ocrx_word' id='word_1_603' title='bbox 1216 4630 1251 4685; x_wconf 87' lang='lat' dir='ltr'>ab</span> <span class='ocrx_word' id='word_1_604' title='bbox 1261 4629 1381 4685; x_wconf 77' lang='lat' dir='ltr'>Hebraeis</span> <span class='ocrx_word' id='word_1_605' title='bbox 1396 4643 1431 4685; x_wconf 83' lang='lat' dir='ltr'>ex</span> <span class='ocrx_word' id='word_1_606' title='bbox 1451 4627 1673 4700; x_wconf 88' lang='lat' dir='ltr'>interpretatione</span> <span class='ocrx_word' id='word_1_607' title='bbox 1693 4627 1816 4683; x_wconf 78' lang='lat' dir='ltr'>vocabuli</span> 
     </span>
     <span class='ocr_line' id='line_1_49' title="bbox 174 4717 1818 4796; baseline -0.005 -17"><span class='ocrx_word' id='word_1_608' title='bbox 174 4722 247 4796; x_wconf 89' lang='lat' dir='ltr'>quod</span> <span class='ocrx_word' id='word_1_609' title='bbox 260 4739 313 4779; x_wconf 92' lang='lat' dir='ltr'>non</span> <span class='ocrx_word' id='word_1_610' title='bbox 327 4721 364 4778; x_wconf 89' lang='lat' dir='ltr'>ibi</span> <span class='ocrx_word' id='word_1_611' title='bbox 380 4728 497 4785; x_wconf 81' lang='lat' dir='ltr'>terrem,</span> <span class='ocrx_word' id='word_1_612' title='bbox 510 4721 558 4777; x_wconf 89' lang='lat' dir='ltr'>sed</span> <span class='ocrx_word' id='word_1_613' title='bbox 570 4719 689 4777; x_wconf 77' lang='lat' dir='ltr'>eoelestia</span> <span class='ocrx_word' id='word_1_614' title='bbox 715 4728 817 4775; x_wconf 88' lang='lat' dir='ltr'>tantum</span> <span class='ocrx_word' id='word_1_615' title='bbox 840 4727 966 4790; x_wconf 89' lang='lat' dir='ltr'>aguntur.</span> <span class='ocrx_word' id='word_1_616' title='bbox 1022 4722 1063 4777; x_wconf 88' lang='lat' dir='ltr'>sai</span> <span class='ocrx_word' id='word_1_617' title='bbox 1078 4721 1186 4792; x_wconf 89' lang='lat' dir='ltr'>requies</span> <span class='ocrx_word' id='word_1_618' title='bbox 1198 4720 1375 4775; x_wconf 84' lang='lat' dir='ltr'>nominatur:</span> <span class='ocrx_word' id='word_1_619' title='bbox 1397 4719 1469 4788; x_wconf 92' lang='lat' dir='ltr'>quod</span> <span class='ocrx_word' id='word_1_620' title='bbox 1484 4719 1555 4776; x_wconf 84' lang='lat' dir='ltr'>Deus</span> <span class='ocrx_word' id='word_1_621' title='bbox 1567 4719 1594 4773; x_wconf 89' lang='lat' dir='ltr'>iu</span> <span class='ocrx_word' id='word_1_622' title='bbox 1612 4717 1682 4789; x_wconf 90' lang='lat' dir='ltr'>ipso,</span> <span class='ocrx_word' id='word_1_623' title='bbox 1695 4717 1818 4788; x_wconf 85' lang='lat' dir='ltr'>perlecto</span> 
     </span>
     <span class='ocr_line' id='line_1_50' title="bbox 174 4806 1818 4884; baseline -0.005 -14"><span class='ocrx_word' id='word_1_624' title='bbox 174 4815 286 4872; x_wconf 73' lang='lat' dir='ltr'>Paschae</span> <span class='ocrx_word' id='word_1_625' title='bbox 305 4813 481 4870; x_wconf 73' lang='lat' dir='ltr'>festivitatum</span> <span class='ocrx_word' id='word_1_626' title='bbox 506 4814 627 4867; x_wconf 87' lang='lat' dir='ltr'>omniurn</span> <span class='ocrx_word' id='word_1_627' title='bbox 649 4812 736 4884; x_wconf 78' lang='lat' dir='ltr'>pmima</span> <span class='ocrx_word' id='word_1_628' title='bbox 761 4818 816 4874; x_wconf 89' lang='lat' dir='ltr'>est,</span> <span class='ocrx_word' id='word_1_629' title='bbox 839 4811 873 4866; x_wconf 91' lang='lat' dir='ltr'>de</span> <span class='ocrx_word' id='word_1_630' title='bbox 891 4810 968 4881; x_wconf 87' lang='lat' dir='ltr'>cujus</span> <span class='ocrx_word' id='word_1_631' title='bbox 1022 4808 1133 4876; x_wconf 90' lang='lat' dir='ltr'>mundo,</span> <span class='ocrx_word' id='word_1_632' title='bbox 1146 4808 1333 4879; x_wconf 82' lang='lat' dir='ltr'>requievisset.</span> <span class='ocrx_word' id='word_1_633' title='bbox 1357 4806 1497 4877; x_wconf 85' lang='lat' dir='ltr'>Siquidem</span> <span class='ocrx_word' id='word_1_634' title='bbox 1512 4809 1540 4863; x_wconf 87' lang='lat' dir='ltr'>in</span> <span class='ocrx_word' id='word_1_635' title='bbox 1562 4821 1596 4863; x_wconf 95' lang='lat' dir='ltr'>eo</span> <span class='ocrx_word' id='word_1_636' title='bbox 1617 4808 1661 4863; x_wconf 88' lang='lat' dir='ltr'>die</span> <span class='ocrx_word' id='word_1_637' title='bbox 1682 4807 1818 4878; x_wconf 75' lang='lat' dir='ltr'>requierit</span> 
     </span>
     <span class='ocr_line' id='line_1_51' title="bbox 174 4898 1818 4983; baseline -0.004 -26"><span class='ocrx_word' id='word_1_638' title='bbox 174 4902 678 4982; x_wconf 67' lang='lat' dir='ltr'>vocabulojam&#39;snperiusdietumest</span> <span class='ocrx_word' id='word_1_639' title='bbox 695 4900 884 4965; x_wconf 79' lang='lat' dir='ltr'>Pentecosten,</span> <span class='ocrx_word' id='word_1_640' title='bbox 898 4899 968 4955; x_wconf 89' lang='lat' dir='ltr'>sicut</span> <span class='ocrx_word' id='word_1_641' title='bbox 1005 4901 1153 4983; x_wconf 78' lang='lat' dir='ltr'>¹Dominus</span> <span class='ocrx_word' id='word_1_642' title='bbox 1177 4901 1205 4956; x_wconf 89' lang='lat' dir='ltr'>in</span> <span class='ocrx_word' id='word_1_643' title='bbox 1223 4899 1364 4970; x_wconf 84' lang='lat' dir='ltr'>sepulcro,</span> <span class='ocrx_word' id='word_1_644' title='bbox 1384 4908 1417 4954; x_wconf 92' lang='lat' dir='ltr'>ut</span> <span class='ocrx_word' id='word_1_645' title='bbox 1440 4899 1541 4970; x_wconf 91' lang='lat' dir='ltr'>quietis</span> <span class='ocrx_word' id='word_1_646' title='bbox 1563 4898 1635 4953; x_wconf 90' lang='lat' dir='ltr'>illius</span> <span class='ocrx_word' id='word_1_647' title='bbox 1654 4898 1818 4969; x_wconf 82' lang='lat' dir='ltr'>mysterium</span> 
     </span>
     <span class='ocr_line' id='line_1_52' title="bbox 173 4989 1817 5069; baseline -0.004 -17"><span class='ocrx_word' id='word_1_648' title='bbox 173 5006 202 5054; x_wconf 82' lang='lat' dir='ltr'>rt</span> <span class='ocrx_word' id='word_1_649' title='bbox 212 4996 402 5069; x_wconf 86' lang='lat' dir='ltr'>puseba,upud</span> <span class='ocrx_word' id='word_1_650' title='bbox 414 4995 541 5051; x_wconf 78' lang='lat' dir='ltr'>liebrmos</span> <span class='ocrx_word' id='word_1_651' title='bbox 552 4994 667 5051; x_wconf 85' lang='lat' dir='ltr'>celebris</span> <span class='ocrx_word' id='word_1_652' title='bbox 679 4992 737 5049; x_wconf 89' lang='lat' dir='ltr'>dies</span> <span class='ocrx_word' id='word_1_653' title='bbox 748 4992 896 5063; x_wconf 86' lang='lat' dir='ltr'>erat,quod</span> <span class='ocrx_word' id='word_1_654' title='bbox 905 5001 967 5063; x_wconf 92' lang='lat' dir='ltr'>post</span> <span class='ocrx_word' id='word_1_655' title='bbox 1020 4995 1203 5059; x_wconf 76' lang='lat' dir='ltr'>confirmaret,</span> <span class='ocrx_word' id='word_1_656' title='bbox 1224 4994 1299 5063; x_wconf 87' lang='lat' dir='ltr'>quod</span> <span class='ocrx_word' id='word_1_657' title='bbox 1319 4989 1421 5049; x_wconf 82' lang='lat' dir='ltr'>iudaeis</span> <span class='ocrx_word' id='word_1_658' title='bbox 1444 4993 1642 5049; x_wconf 88' lang='lat' dir='ltr'>observandum</span> <span class='ocrx_word' id='word_1_659' title='bbox 1668 4992 1696 5045; x_wconf 85' lang='lat' dir='ltr'>in</span> <span class='ocrx_word' id='word_1_660' title='bbox 1718 4990 1817 5045; x_wconf 88' lang='lat' dir='ltr'>ambra</span> 
     </span>
     <span class='ocr_line' id='line_1_53' title="bbox 173 5078 1817 5159; baseline -0.004 -17"><span class='ocrx_word' id='word_1_661' title='bbox 173 5088 295 5159; x_wconf 90' lang='lat' dir='ltr'>quinque</span> <span class='ocrx_word' id='word_1_662' title='bbox 309 5087 425 5144; x_wconf 82' lang='lat' dir='ltr'>decadas</span> <span class='ocrx_word' id='word_1_663' title='bbox 438 5085 547 5156; x_wconf 79' lang='lat' dir='ltr'>pasatm</span> <span class='ocrx_word' id='word_1_664' title='bbox 567 5084 737 5149; x_wconf 86' lang='lat' dir='ltr'>celebratur,</span> <span class='ocrx_word' id='word_1_665' title='bbox 754 5083 825 5138; x_wconf 88' lang='lat' dir='ltr'>unde</span> <span class='ocrx_word' id='word_1_666' title='bbox 846 5091 874 5139; x_wconf 90' lang='lat' dir='ltr'>et</span> <span class='ocrx_word' id='word_1_667' title='bbox 885 5098 965 5140; x_wconf 90' lang='lat' dir='ltr'>voea-</span> <span class='ocrx_word' id='word_1_668' title='bbox 1019 5085 1103 5140; x_wconf 89' lang='lat' dir='ltr'>iuturi</span> <span class='ocrx_word' id='word_1_669' title='bbox 1115 5092 1278 5156; x_wconf 74' lang='lat' dir='ltr'>praeceptum</span> <span class='ocrx_word' id='word_1_670' title='bbox 1291 5091 1334 5137; x_wconf 90' lang='lat' dir='ltr'>est</span> <span class='ocrx_word' id='word_1_671' title='bbox 1347 5098 1355 5136; x_wconf 77' lang='lat' dir='ltr'>t</span> <span class='ocrx_word' id='word_1_672' title='bbox 1369 5080 1571 5154; x_wconf 86' lang='lat' dir='ltr'>sedpostquam</span> <span class='ocrx_word' id='word_1_673' title='bbox 1584 5081 1710 5136; x_wconf 83' lang='lat' dir='ltr'>Christus</span> <span class='ocrx_word' id='word_1_674' title='bbox 1728 5078 1758 5134; x_wconf 90' lang='lat' dir='ltr'>in</span> <span class='ocrx_word' id='word_1_675' title='bbox 1771 5094 1817 5136; x_wconf 87' lang='lat' dir='ltr'>se·</span> 
     </span>
     <span class='ocr_line' id='line_1_54' title="bbox 173 5170 1818 5250; baseline -0.002 -19"><span class='ocrx_word' id='word_1_676' title='bbox 173 5174 267 5232; x_wconf 89' lang='lat' dir='ltr'>bulum</span> <span class='ocrx_word' id='word_1_677' title='bbox 282 5177 408 5250; x_wconf 81' lang='lat' dir='ltr'>sumpsit.</span> <span class='ocrx_word' id='word_1_678' title='bbox 422 5175 508 5232; x_wconf 84' lang='lat' dir='ltr'>Pente</span> <span class='ocrx_word' id='word_1_679' title='bbox 527 5175 599 5230; x_wconf 90' lang='lat' dir='ltr'>enim</span> <span class='ocrx_word' id='word_1_680' title='bbox 617 5171 712 5230; x_wconf 72' lang='lat' dir='ltr'>Graece</span> <span class='ocrx_word' id='word_1_681' title='bbox 725 5173 853 5244; x_wconf 86' lang='lat' dir='ltr'>quinque.</span> <span class='ocrx_word' id='word_1_682' title='bbox 867 5172 896 5229; x_wconf 88' lang='lat' dir='ltr'>ln</span> <span class='ocrx_word' id='word_1_683' title='bbox 911 5189 965 5244; x_wconf 91' lang='lat' dir='ltr'>quo</span> <span class='ocrx_word' id='word_1_684' title='bbox 1019 5175 1114 5246; x_wconf 93' lang='lat' dir='ltr'>pulcro</span> <span class='ocrx_word' id='word_1_685' title='bbox 1127 5189 1177 5230; x_wconf 90' lang='lat' dir='ltr'>suo</span> <span class='ocrx_word' id='word_1_686' title='bbox 1191 5173 1251 5246; x_wconf 78' lang='lat' dir='ltr'>eius</span> <span class='ocrx_word' id='word_1_687' title='bbox 1264 5172 1378 5245; x_wconf 75' lang='lat' dir='ltr'>figuram</span> <span class='ocrx_word' id='word_1_688' title='bbox 1401 5171 1566 5244; x_wconf 81' lang='lat' dir='ltr'>adimplevit,</span> <span class='ocrx_word' id='word_1_689' title='bbox 1585 5171 1740 5228; x_wconf 82' lang='lat' dir='ltr'>obseruatio</span> <span class='ocrx_word' id='word_1_690' title='bbox 1754 5170 1818 5242; x_wconf 79' lang='lat' dir='ltr'>eius</span> 
     </span>
     <span class='ocr_line' id='line_1_55' title="bbox 173 5264 1130 5338; baseline 0.001 -19"><span class='ocrx_word' id='word_1_691' title='bbox 173 5265 380 5324; x_wconf 83' lang='lat' dir='ltr'>dissecandum</span> <span class='ocrx_word' id='word_1_692' title='bbox 404 5266 490 5338; x_wconf 87' lang='lat' dir='ltr'>legent</span> <span class='ocrx_word' id='word_1_693' title='bbox 515 5279 599 5336; x_wconf 86' lang='lat' dir='ltr'>panes</span> <span class='ocrx_word' id='word_1_694' title='bbox 623 5264 814 5335; x_wconf 86' lang='lat' dir='ltr'>propositionis</span> <span class='ocrx_word' id='word_1_695' title='bbox 832 5265 867 5321; x_wconf 91' lang='lat' dir='ltr'>de</span> <span class='ocrx_word' id='word_1_696' title='bbox 887 5265 967 5323; x_wconf 86' lang='lat' dir='ltr'>noris</span> <span class='ocrx_word' id='word_1_697' title='bbox 1019 5266 1130 5338; x_wconf 86' lang='lat' dir='ltr'>quierit.</span> 
     </span>
     <span class='ocr_line' id='line_1_56' title="bbox 172 5352 1524 5426; baseline 0 -17"><span class='ocrx_word' id='word_1_698' title='bbox 172 5352 297 5426; x_wconf 78' lang='lat' dir='ltr'>frugibus</span> <span class='ocrx_word' id='word_1_699' title='bbox 320 5354 504 5412; x_wconf 70' lang='lat' dir='ltr'>ammarum</span> <span class='ocrx_word' id='word_1_700' title='bbox 522 5355 622 5426; x_wconf 80' lang='lat' dir='ltr'>:euius</span> <span class='ocrx_word' id='word_1_701' title='bbox 646 5353 761 5425; x_wconf 83' lang='lat' dir='ltr'>liguram</span> <span class='ocrx_word' id='word_1_702' title='bbox 779 5370 866 5411; x_wconf 84' lang='lat' dir='ltr'>annus</span> <span class='ocrx_word' id='word_1_703' title='bbox 889 5352 965 5424; x_wconf 82' lang='lat' dir='ltr'>jubi·</span> <span class='ocrx_word' id='word_1_704' title='bbox 1310 5353 1425 5412; x_wconf 74' lang='lat' dir='ltr'>CAPUT</span> <span class='ocrx_word' id='word_1_705' title='bbox 1443 5352 1524 5411; x_wconf 83' lang='lat' dir='ltr'>xvtt.</span> 
     </span>
     <span class='ocr_line' id='line_1_57' title="bbox 173 5443 1545 5517; baseline 0.001 -18"><span class='ocrx_word' id='word_1_706' title='bbox 173 5443 239 5500; x_wconf 79' lang='lat' dir='ltr'>laus</span> <span class='ocrx_word' id='word_1_707' title='bbox 256 5445 284 5500; x_wconf 90' lang='lat' dir='ltr'>in</span> <span class='ocrx_word' id='word_1_708' title='bbox 299 5445 473 5503; x_wconf 84' lang='lat' dir='ltr'>Testameuto</span> <span class='ocrx_word' id='word_1_709' title='bbox 486 5446 578 5504; x_wconf 81' lang='lat' dir='ltr'>veteri</span> <span class='ocrx_word' id='word_1_710' title='bbox 595 5445 690 5517; x_wconf 87' lang='lat' dir='ltr'>gessit,</span> <span class='ocrx_word' id='word_1_711' title='bbox 704 5459 766 5515; x_wconf 76' lang='lat' dir='ltr'>quae</span> <span class='ocrx_word' id='word_1_712' title='bbox 784 5460 856 5502; x_wconf 86' lang='lat' dir='ltr'>sune</span> <span class='ocrx_word' id='word_1_713' title='bbox 869 5446 968 5504; x_wconf 91' lang='lat' dir='ltr'>iterum</span> <span class='ocrx_word' id='word_1_714' title='bbox 1285 5447 1323 5503; x_wconf 82' lang='lat' dir='ltr'>lis</span> <span class='ocrx_word' id='word_1_715' title='bbox 1343 5447 1481 5502; x_wconf 80' lang='lat' dir='ltr'>Dominiea</span> <span class='ocrx_word' id='word_1_716' title='bbox 1492 5446 1545 5501; x_wconf 82' lang='lat' dir='ltr'>alie.</span> 
     </span>
     <span class='ocr_line' id='line_1_58' title="bbox 173 5535 1819 5610; baseline -0.001 -19"><span class='ocrx_word' id='word_1_717' title='bbox 173 5550 224 5607; x_wconf 90' lang='lat' dir='ltr'>per</span> <span class='ocrx_word' id='word_1_718' title='bbox 236 5535 351 5609; x_wconf 73' lang='lat' dir='ltr'>figarum</span> <span class='ocrx_word' id='word_1_719' title='bbox 368 5539 587 5610; x_wconf 84' lang='lat' dir='ltr'>repromissionis</span> <span class='ocrx_word' id='word_1_720' title='bbox 608 5548 737 5595; x_wconf 80' lang='lat' dir='ltr'>aternam</span> <span class='ocrx_word' id='word_1_721' title='bbox 753 5537 878 5607; x_wconf 86' lang='lat' dir='ltr'>requiem</span> <span class='ocrx_word' id='word_1_722' title='bbox 900 5552 969 5608; x_wconf 79' lang='lat' dir='ltr'>pre-</span> <span class='ocrx_word' id='word_1_723' title='bbox 1056 5538 1277 5596; x_wconf 84' lang='lat' dir='ltr'>Dominieusdies</span> <span class='ocrx_word' id='word_1_724' title='bbox 1292 5537 1408 5610; x_wconf 90' lang='lat' dir='ltr'>proinde</span> <span class='ocrx_word' id='word_1_725' title='bbox 1420 5546 1547 5607; x_wconf 84' lang='lat' dir='ltr'>vocatur,</span> <span class='ocrx_word' id='word_1_726' title='bbox 1558 5539 1622 5609; x_wconf 87' lang='lat' dir='ltr'>quia</span> <span class='ocrx_word' id='word_1_727' title='bbox 1637 5538 1664 5592; x_wconf 90' lang='lat' dir='ltr'>in</span> <span class='ocrx_word' id='word_1_728' title='bbox 1678 5552 1712 5593; x_wconf 86' lang='lat' dir='ltr'>eo</span> <span class='ocrx_word' id='word_1_729' title='bbox 1724 5551 1819 5590; x_wconf 87' lang='lat' dir='ltr'>resur-</span> 
     </span>
     <span class='ocr_line' id='line_1_59' title="bbox 174 5623 1820 5701; baseline 0.001 -21"><span class='ocrx_word' id='word_1_730' title='bbox 174 5627 283 5698; x_wconf 84' lang='lat' dir='ltr'>tigurut.</span> <span class='ocrx_word' id='word_1_731' title='bbox 297 5629 448 5701; x_wconf 83' lang='lat' dir='ltr'>Epiphania</span> <span class='ocrx_word' id='word_1_732' title='bbox 459 5630 563 5698; x_wconf 75' lang='lat' dir='ltr'>Graue,</span> <span class='ocrx_word' id='word_1_733' title='bbox 575 5631 673 5686; x_wconf 87' lang='lat' dir='ltr'>Latine</span> <span class='ocrx_word' id='word_1_734' title='bbox 684 5630 818 5700; x_wconf 89' lang='lat' dir='ltr'>apparitio</span> <span class='ocrx_word' id='word_1_735' title='bbox 834 5631 891 5686; x_wconf 91' lang='lat' dir='ltr'>sive</span> <span class='ocrx_word' id='word_1_736' title='bbox 911 5645 968 5685; x_wconf 90' lang='lat' dir='ltr'>ma·</span> <span class='ocrx_word' id='word_1_737' title='bbox 1021 5630 1106 5686; x_wconf 90' lang='lat' dir='ltr'>rectio</span> <span class='ocrx_word' id='word_1_738' title='bbox 1118 5629 1224 5685; x_wconf 84' lang='lat' dir='ltr'>Domini</span> <span class='ocrx_word' id='word_1_739' title='bbox 1238 5629 1325 5685; x_wconf 86' lang='lat' dir='ltr'>nostri</span> <span class='ocrx_word' id='word_1_740' title='bbox 1343 5628 1482 5687; x_wconf 85' lang='lat' dir='ltr'>declarata</span> <span class='ocrx_word' id='word_1_741' title='bbox 1495 5639 1547 5688; x_wconf 83' lang='lat' dir='ltr'>est.</span> <span class='ocrx_word' id='word_1_742' title='bbox 1563 5628 1614 5697; x_wconf 83' lang='lat' dir='ltr'>Qut</span> <span class='ocrx_word' id='word_1_743' title='bbox 1625 5626 1684 5682; x_wconf 90' lang='lat' dir='ltr'>dies</span> <span class='ocrx_word' id='word_1_744' title='bbox 1697 5639 1752 5680; x_wconf 88' lang='lat' dir='ltr'>non</span> <span class='ocrx_word' id='word_1_745' title='bbox 1765 5623 1820 5681; x_wconf 78' lang='lat' dir='ltr'>Ju-</span> 
     </span>
     <span class='ocr_line' id='line_1_60' title="bbox 175 5717 1818 5792; baseline 0.001 -18"><span class='ocrx_word' id='word_1_746' title='bbox 175 5718 315 5780; x_wconf 82' lang='lat' dir='ltr'>missatatio</span> <span class='ocrx_word' id='word_1_747' title='bbox 328 5732 448 5780; x_wconf 85' lang='lat' dir='ltr'>vocatur.</span> <span class='ocrx_word' id='word_1_748' title='bbox 461 5724 500 5780; x_wconf 80' lang='lat' dir='ltr'>Eo</span> <span class='ocrx_word' id='word_1_749' title='bbox 510 5724 585 5781; x_wconf 82' lang='lat' dir='ltr'>entra</span> <span class='ocrx_word' id='word_1_750' title='bbox 598 5724 778 5781; x_wconf 76' lang='lat' dir='ltr'>diesshr&#39;rstus</span> <span class='ocrx_word' id='word_1_751' title='bbox 794 5722 968 5782; x_wconf 81' lang='lat' dir='ltr'>sidensindi·</span> <span class='ocrx_word' id='word_1_752' title='bbox 1021 5725 1098 5792; x_wconf 76' lang='lat' dir='ltr'>ducis,</span> <span class='ocrx_word' id='word_1_753' title='bbox 1110 5723 1158 5781; x_wconf 85' lang='lat' dir='ltr'>sed</span> <span class='ocrx_word' id='word_1_754' title='bbox 1174 5722 1336 5781; x_wconf 78' lang='lat' dir='ltr'>Christianis</span> <span class='ocrx_word' id='word_1_755' title='bbox 1362 5723 1389 5779; x_wconf 91' lang='lat' dir='ltr'>in</span> <span class='ocrx_word' id='word_1_756' title='bbox 1418 5723 1621 5781; x_wconf 88' lang='lat' dir='ltr'>resurreetione</span> <span class='ocrx_word' id='word_1_757' title='bbox 1645 5717 1752 5777; x_wconf 81' lang='lat' dir='ltr'>Damiai</span> <span class='ocrx_word' id='word_1_758' title='bbox 1767 5718 1818 5775; x_wconf 83' lang='lat' dir='ltr'>dc·</span> 
     </span>
    </p>
   </div>
   <div class='ocr_carea' id='block_1_5' title="bbox 0 0 2026 6197">
    <p class='ocr_par' dir='ltr' id='par_1_5' title="bbox 0 0 2026 6197">
     <span class='ocr_line' id='line_1_61' title="bbox 0 0 2026 6197; baseline 0 0"><span class='ocrx_word' id='word_1_759' title='bbox 0 0 2026 6197; x_wconf 95' lang='lat' dir='ltr'> </span> 
     </span>
    </p>
   </div>
  </div>
 </body>
</html>
