4042 6200
100 406 148 465 dib
471 423 473 428 ’
582 407 627 464 DE
646 406 821 466 umreaso
838 405 927 463 lelil
946 407 1029 464 xxti.
1047 438 1084 450 -
1101 407 1166 464 tto.
1186 407 1257 466 txt.
1672 407 1728 464 tut

99 540 155 595 que
170 520 310 586 dicuntur,
326 527 374 575 aut
387 534 447 574 unae
460 525 580 575 suutaut
594 519 770 591 plures,qula
781 519 887 574 numeri
902 524 926 583 Α
940 519 1062 576 trabibus
1081 530 1172 577 autem
1194 521 1221 576 io
1246 520 1314 575 libro
1333 519 1436 591 Rapum
1454 519 1490 574 lta
1513 518 1646 590 scripturn
1659 527 1705 575 esi
1721 534 1734 575 r

99 621 202 669 tantum
229 610 346 684 pluralis
372 619 415 667 εει
440 617 595 676 nomen,ut
612 610 720 675 litterae,
750 624 810 679 qum
831 609 888 679 epi·
939 609 1033 667 Poscit
1048 611 1176 668 Salomon
1193 611 1278 667 traice
1291 612 1319 666 in
1340 611 1477 682 demopcr
1491 610 1629 670 cirmitnm
1648 609 1733 680 sorim

100 705 193 760 stolam
214 702 380 773 signiticarrt.
396 700 484 758 Scalae
501 701 574 756 eninr
600 700 715 772 mystico
735 701 889 772 significant
938 720 1026 768 eccas,
1051 711 1079 756 at
1102 719 1155 758 non
1169 703 1297 758 iacerent
1318 701 1511 773 marirtcmpli,
1523 710 1576 758 etc.
1594 701 1652 772 (lli
1666 701 1730 775 liep.

37 843 38 862 ,
99 793 237 865 proiectus
245 799 463 861 sauctorum'pet
471 790 680 860 meditationes
691 805 795 845 eorum·
812 789 889 845 Unde
939 795 989 867 vr.)
1012 793 1063 863 Qui
1078 795 1170 866 itaque
1184 796 1276 852 trabes
1299 795 1407 862 domus,
1427 809 1487 865 quae
1506 795 1628 851 tabulata
1642 804 1733 865 porta·-

37 881 38 898 ¹
100 884 250 941 iuchesi
265 883 366 955 legitur
387 880 463 954 (Gen.
481 882 588 954 xxmrr),
603 882 676 953 quod
691 880 890 936 videritiacob
941 884 1015 948 bant,
1031 884 1083 940 uisi
1101 883 1403 954 predicatorossaocti
1417 884 1579 956 sunttppico
1594 884 1749 957 designati,¹

100 976 124 1030 in
137 975 244 1031 somnis
257 974 359 1030 scalam
365 982 484 1029 stantem
499 981 702 1044 superterram,
715 981 743 1028 et
759 969 889 1027 cacumcir
940 975 986 1043 qui
998 974 1062 1030 dum
1072 974 1124 1046 ipsi
1138 976 1282 1032 sublimem
1294 984 1376 1047 atque
1390 977 1576 1034 honorabilem
1589 977 1617 1034 ln
1638 977 1733 1035 Euole-

99 1065 154 1137 cjus
179 1076 296 1137 tangens
325 1063 435 1120 caelum.
468 1061 587 1119 Somnus
622 1062 675 1120 iste
705 1060 790 1120 Jacob
816 1076 891 1117 mors
940 1064 1039 1121 sialiei
1053 1066 1141 1122 locum
1156 1073 1276 1132 teneant,
1290 1065 1588 1137 intirmioresqaosouc
1602 1065 1731 1139 aclragi-

101 1157 153 1213 sire
175 1156 269 1229 passio
290 1164 333 1211 εει
357 1153 470 1210 Christi.
484 1152 567 1224 Lapis
586 1154 622 1209 ad
649 1162 732 1223 caput
751 1152 821 1225 ejus,
843 1152 890 1223 qui
940 1155 1047 1212 lessuis
1060 1156 1299 1227 praedicationibus
1312 1157 1658 1229 abirrllrmoramappetitu
1671 1173 1732 1214 sus·

101 1246 260 1305 nominatim
281 1244 481 1317 quodammodo
498 1244 587 1300 dictus
606 1252 650 1300 est
674 1245 757 1299 etiam
781 1250 889 1309 auctus,
941 1245 1060 1302 tollunt:
1082 1255 1164 1317 atque
1176 1246 1211 1302 ad
1227 1246 1349 1304 coelestia
1362 1247 1541 1304 desideranda
1554 1262 1587 1305 ac
1600 1248 1732 1319 speranda

101 1339 223 1395 Christum
250 1335 428 1408 significatur.
450 1333 536 1407 Gopet
561 1335 632 1391 enim
652 1336 701 1391 oiri
716 1335 837 1391 t'lrristae
851 1345 890 1391 cet
940 1337 1127 1407 suspendunt:
1145 1337 1202 1394 suis
1216 1337 1299 1393 etiam
1322 1336 1573 1406 intercessionibus,
1593 1347 1624 1393 ut
1638 1338 1667 1395 in
1680 1354 1733 1396 cat·

102 1430 126 1503 tl
136 1430 200 1485 Cor.
211 1428 274 1500 xr);
291 1428 352 1500 quis
365 1427 437 1482 enim
451 1427 538 1483 noscit
558 1426 698 1484 Christum
717 1429 753 1484 ab
762 1427 891 1484 unctione
939 1427 995 1499 ptis
1004 1426 1166 1497 persistant,
1180 1426 1358 1498 adjuvantur?
1370 1426 1437 1486 itero
1454 1430 1547 1486 trabes
1560 1431 1612 1486 sub
1624 1429 1679 1486 alia
1693 1430 1731 1487 si-

102 1516 251 1586 appellarit
270 1515 372 1570 bornus
397 1522 488 1571 auteur
515 1514 562 1572 liei
585 1514 745 1571 Bethlehem
770 1515 888 1572 dicitur:
939 1518 1112 1590 gnilleatioue
1121 1519 1149 1574 in
1159 1518 1305 1591 Evangelia
1314 1518 1401 1590 posita
1413 1527 1464 1583 est,
1477 1518 1523 1575 ubi
1534 1519 1664 1576 Dominus
1675 1520 1733 1575 ait:

103 1607 160 1676 quia
182 1606 221 1663 ibi
243 1616 323 1662 nams
339 1615 383 1662 est
398 1604 533 1662 Christus.
555 1604 638 1661 Porta
660 1620 725 1662 uero
740 1606 812 1672 ooeli,
826 1607 890 1677 quia
941 1608 1012 1676 Quid
1023 1621 1110 1666 autem
1124 1610 1194 1666 uider
1216 1610 1344 1681 festucam
1357 1611 1386 1666 in
1398 1608 1474 1664 oculo
1491 1610 1583 1683 [corne
1604 1610 1655 1677 toi,
1679 1618 1737 1665 tra·

103 1695 136 1751 ibi
163 1696 192 1750 in
217 1704 320 1752 terram
350 1694 503 1761 descendit,
536 1695 582 1750 ubi
607 1695 706 1749 iterum
733 1695 767 1751 ad
791 1696 890 1753 coelunr
940 1699 997 1754 iem
1023 1708 1120 1765 autem,
1144 1698 1333 1771 puminocalo
1348 1709 1393 1755 tao
1421 1709 1470 1768 ert,
1489 1716 1541 1756 non
1564 1700 1741 1759 consideras?

102 1788 266 1845 moseeudit.
280 1788 389 1845 Erectio
409 1795 501 1845 autem
512 1787 611 1858 lapidis
631 1792 795 1847 resurrectio
811 1790 890 1848 Cbri-
942 1788 1050 1862 (llotrlr.
1067 1790 1128 1864 ιιι.)
1142 1790 1192 1846 llic
1207 1792 1298 1848 trabes
1312 1801 1453 1863 peccatum
1467 1791 1566 1863 majus,
1578 1798 1606 1847 et
1615 1793 1739 1850 maxime

103 1880 134 1934 ιι·
154 1887 207 1935 est.
235 1878 320 1935 Parra
334 1878 408 1935 scala
432 1878 559 1937 cbristus
584 1887 637 1946 est,
651 1879 699 1952 qui
723 1881 792 1938 dixit
807 1897 816 1938 t
829 1880 887 1955 la'po
900 1877 925 1938 B
938 1880 1039 1938 invidia
1058 1880 1169 1954 intelligi
1181 1890 1288 1953 potest:
1304 1882 1562 1953 lestocapeccatum
1573 1882 1738 1941 minussire

102 1987 155 2025 aare
178 1971 221 2025 oia
232 1969 325 2041 (dean.
342 1969 418 2042 xrv);
433 1986 483 2042 per
504 1973 576 2028 banc
595 1972 780 2032 ascendebant
793 1981 823 2030 ει
841 1973 889 2031 de-
941 1970 1084 2027 subitanea
1094 1971 1245 2028 iracundia.
1259 1973 1373 2029 Asseres
1386 1972 1420 2028 ab
1430 1988 1490 2029 asse
1504 1974 1581 2040 dieti,
1606 1974 1739 2044 qulasoli

103 2059 267 2115 scandebant
290 2058 378 2130 augeli
395 2057 475 2132 (Gen.
491 2060 600 2134 uuor),
628 2062 656 2119 in
679 2062 891 2136 ouibusslguit'r·
940 2070 1087 2133 pauonum,
1102 2062 1350 2134 nequeconjuncti.
1365 2061 1500 2120 scindulae
1515 2079 1547 2120 eo
1568 2064 1642 2134 quod
1659 2064 1733 2121 scin-

102 2153 149 2207 cxti
168 2159 235 2207 errat
248 2151 421 2224 evangelistae
434 2153 629 2222 praedicatores
657 2153 760 2210 Christi
776 2170 891 2212 :ascen-
941 2156 1048 2221 dantur,
1063 2154 1154 2225 idest,
1170 2155 1336 2212 dividantur.
1350 2155 1380 2211 lu
1400 2155 1538 2212 asseribus
1553 2164 1646 2211 autem
1670 2155 1734 2226 quia

102 2242 192 2299 deutoe
216 2242 324 2312 utiqxre,
335 2256 398 2298 cum
408 2241 444 2297 acl
457 2242 658 2317 mretbgemtam
669 2244 729 2316 cius
743 2245 891 2316 superemi·
940 2254 1014 2302 tecto
1025 2244 1122 2304 domus
1143 2245 1317 2311 coureaiaat,
1328 2245 1398 2303 bene
1408 2245 1569 2318 paenitentia
1583 2245 1669 2317 accipi
1684 2259 1734 2316 po·

102 2335 286 2390 tentissimam
294 2333 892 2393 diriuimtcmexceduntuniuersamcreatu·
941 2345 1005 2404 test,
1019 2337 1062 2394 rel
1072 2338 1202 2406 ebaritas,
1225 2353 1287 2410 qam
1302 2339 1392 2409 operit
1416 2336 1617 2393 multitudinem
1638 2350 1735 2407 pecca-

103 2432 293 2480 ramzateum
304 2422 482 2480 invenientia
493 2424 639 2496 principio,
652 2423 889 2482 Verbumliamiul
942 2436 1031 2484 torum
1057 2427 1084 2501 (l
1104 2426 1178 2483 Pera.
1191 2425 1241 2501 rr),
1263 2436 1292 2483 et
1316 2428 1344 2484 in
1366 2427 1471 2500 psalmo
1495 2427 1631 2498 Propheta
1647 2427 1733 2483 dicit:

102 2513 888 2588 matbomiaummarquemtacmsunromntattom.1);
940 2516 1017 2575 Beati
1030 2535 1143 2590 anorum
1166 2519 1282 2574 remisere
1296 2527 1358 2573 rant
1384 2517 1546 2588 iniquitates,
1570 2528 1596 2573 et
1623 2533 1739 2589 qaorum

102 2608 296 2665 descendentes
312 2615 413 2674 autem,
435 2615 466 2662 ut
489 2621 552 2663 eum
569 2606 709 2664 inveniant
729 2605 831 2663 iactum
857 2621 891 2663 ex
940 2617 1008 2664 tecta
1028 2617 1089 2663 cum
1107 2618 1215 2680 peccota
1226 2605 1314 2681 (Psoi.
1330 2606 1417 2680 xxm).
1430 2606 1522 2679 Epigri
1535 2615 1564 2662 ει
1575 2606 1644 2662 clari
1658 2613 1739 2675 sunt,

102 2698 337 2766 antemnarum
351 2698 485 2771 sublege;
498 2695 592 2766 uteos,
605 2698 652 2770 qui
666 2697 718 2755 sub
731 2697 791 2769 lege
800 2705 890 2765 erant,
941 2698 1040 2771 quibus
1053 2699 1154 2773 lignum
1165 2698 1239 2772 ligno
1251 2698 1383 2756 adhaeret.
1397 2697 1473 2757 Clari
1487 2699 1563 2766 dicti,
1577 2700 1655 2771 quasi
1670 2700 1735 2755 elra-

101 2788 325 2862 mimecaton.
344 2791 393 2863 rr).
940 2788 1006 2855 labi,
1025 2789 1089 2859 quia
1104 2805 1139 2846 ex
1161 2789 1276 2862 elralybe
1297 2788 1375 2859 lluot,
1408 2789 1435 2846 id
1448 2799 1490 2846 εει
1503 2789 1599 2845 locro:
1623 2790 1736 2862 chalybs

401 2880 518 2938 entur
537 2878 594 2936 llll.
941 2880 1014 2937 enim
1038 2880 1140 2937 terrum
1160 2889 1211 2938 εει.
1231 2880 1306 2937 Glari
1331 2890 1422 2936 autem
1443 2882 1557 2954 mystice
1580 2890 1736 2938 soriniacam

408 2973 446 3028 iic
467 2972 601 3045 lipnoriir.
940 2972 1147 3044 praedicationes
1160 2973 1243 3029 eorda
1254 2972 1396 3030 homiuum
1409 2972 1601 3046 transfigentes
1623 2972 1741 3045 irrtelligi·

132 3066 290 3139 Lignarias,
301 3062 538 3137 generaliterligui
550 3062 641 3135 opilex
654 3061 815 3135 appellatur.
826 3060 892 3117 Car·
940 3073 1056 3138 possunt
1069 3083 1076 3122 r
1089 3066 1160 3124 uude
1173 3066 1201 3123 ln
1212 3063 1357 3123 Salomone
1371 3065 1555 3138 scriptumest
1569 3083 1575 3121 :
1592 3063 1678 3121 Vecta
1689 3082 1735 3121 ro-

101 3159 246 3231 pentarius‚
270 3155 389 3228 speciale
421 3171 519 3214 nomeu
536 3164 579 3212 est
602 3163 787 3226 :carpentum
815 3153 889 3218 lacit,
941 3159 1069 3227 pientiam
1092 3169 1116 3215 et
1137 3157 1238 3214 stimuli
1267 3168 1292 3214 et
1308 3158 1386 3229 panai
1408 3156 1476 3212 claci
1499 3157 1528 3212 in
1550 3154 1634 3211 attam
1654 3155 1740 3226 defici

101 3253 168 3309 aiem
191 3250 396 3306 navicularius:
413 3250 478 3319 quia
494 3257 599 3304 tautum
618 3248 728 3303 uariam
740 3255 783 3302 est
807 3245 891 3303 labri-
904 3229 926 3292 C
942 3248 1043 3322 (Eccle
1058 3248 1119 3322 ιιι).
1134 3248 1244 3305 tauma
1260 3262 1276 3303 a
1290 3248 1429 3304 veteribus
1442 3246 1541 3319 tegulae
1557 3247 1736 3311 vocabantur,

102 3352 175 3400 tator
193 3351 224 3400 et
237 3341 350 3398 artifex.
381 3340 550 3396 sarcitector
564 3337 663 3403 dictas,
689 3338 763 3408 quod
775 3352 808 3392 ex
821 3337 892 3392 mul·
941 3354 957 3393 a
972 3337 1086 3411 tegendo
1095 3338 1210 3405 scilicet,
1238 3340 1310 3395 aude
1327 3346 1355 3395 ει
1369 3336 1475 3409 apulae.
1500 3336 1685 3393 Commissum
1696 3335 1737 3407 di<

102 3434 135 3490 tis
150 3435 214 3490 biae
225 3442 253 3490 et
270 3432 334 3487 iude
348 3429 501 3501 conjunctis
526 3428 627 3485 tabulis
646 3444 730 3483 uuum
753 3427 819 3484 tecti
831 3442 891 3483 sar·
941 3429 1013 3486 citur
1024 3429 1180 3486 tabularum
1195 3427 1360 3500 coniunctio.
1378 3427 1488 3484 Tabula
1513 3435 1604 3483 auteur
1623 3436 1738 3499 possam

101 3525 153 3579 ciat
170 3539 273 3595 corpus
284 3541 293 3577 t
305 3523 377 3579 idem
389 3530 418 3578 et
442 3520 584 3594 lignarius,
603 3519 668 3590 quia
686 3518 801 3575 tectoria
811 3518 893 3590 liguis
941 3521 1095 3594 significare
1110 3519 1203 3578 lideles
1216 3520 1366 3586 auditores,
1393 3519 1441 3591 qui
1462 3533 1477 3573 a
1501 3517 1626 3574 trabibus
1643 3517 1685 3574 vel
1702 3518 1736 3574 ti·

103 3616 212 3671 inducit.
242 3614 364 3687 lignarii
387 3627 452 3685 ergo
476 3628 509 3669 ac
531 3612 697 3682 carpentarii
710 3618 793 3681 atque
806 3611 892 3667 sarci·
941 3612 1013 3685 gnis,
1031 3613 1082 3668 lroc
1095 3611 1291 3679 est,asanctis
1305 3611 1461 3668 doctoribus
1474 3617 1681 3667 sustentanurr:
1697 3610 1738 3667 sic

102 3716 220 3764 tectores
228 3713 345 3777 possunt
354 3704 468 3776 intelligi
478 3704 565 3760 sancti
574 3703 702 3759 doctores
721 3710 804 3772 atque
819 3717 890 3774 prm-
941 3712 969 3759 ει
982 3703 1160 3760 commissura
1173 3717 1267 3759 eorum
1279 3703 1368 3758 unitas
1382 3710 1410 3757 ct
1430 3701 1550 3757 charitas
1567 3699 1680 3771 intelligi
1691 3716 1732 3773 po

102 3800 236 3856 diatones
259 3797 413 3870 Evangelii,
441 3796 489 3868 qui
515 3795 638 3867 spiritale
665 3795 810 3852 aedricium
837 3796 892 3852 beo
942 3802 1006 3851 ιεει.
1020 3793 1113 3851 Sestio
1122 3802 1212 3850 autom
1222 3792 1478 3864 ‹lictaasequeado
1489 3807 1521 3849 ea
1539 3807 1600 3863 qum
1609 3793 1734 3864 caeperit.

102 3892 155 3946 sais
178 3889 355 3947 sermonibus
375 3896 457 3958 atque
473 3887 553 3943 bonis
577 3885 710 3957 exemplis
727 3895 891 3958 praeparant,
941 3887 1010 3943 Nam
1026 3901 1122 3944 secare
1138 3886 1237 3942 sectari
1252 3894 1280 3942 et
1295 3884 1372 3955 sequi
1386 3892 1440 3940 εει.
1457 3883 1547 3939 Sarrae
1574 3891 1664 3938 auteur
1686 3899 1737 3940 uo·

101 3992 126 4038 et
146 3983 205 4040 sive
225 3998 261 4039 ex
286 3982 393 4037 noviter
410 3979 586 4037 credentibus
599 3980 709 4035 domum
729 3978 786 4035 beo
809 3978 893 4033 aeaiu-
942 3994 1004 4035 men
1028 3980 1063 4035 de
1078 3991 1145 4035 sono
1168 3975 1271 4032 lactum
1297 3982 1351 4041 eat,
1371 3974 1399 4029 id
1422 3980 1475 4039 est,
1496 3972 1656 4028 astrictore.
1671 3969 1736 4029 ilaec

100 4084 172 4141 caat,
186 4074 246 4131 sire
257 4088 291 4129 ex
309 4074 363 4138 bis,
387 4086 456 4142 quos
469 4071 591 4127 baeretici
618 4078 700 4139 atoue
725 4068 892 4125 schismatici
942 4069 1159 4141 persecutionem
1182 4072 1211 4127 in
1229 4070 1399 4128 christianos
1420 4068 1518 4124 iactam
1533 4069 1568 4123 ab
1583 4065 1747 4124 infidelibus

100 4180 147 4235 per
159 4179 286 4221 errorem
311 4169 499 4232 corruperant,
524 4160 623 4215 iterum
639 4159 700 4216 iilos
713 4159 890 4230 increpando,
943 4160 1216 4233 signitcmepotcsr:
1232 4159 1521 4233 audeetiaripostolo
1534 4158 1669 4231 legimus:
1682 4156 1736 4212 ia·

100 4266 179 4327 atque
189 4254 364 4325 corrigendo,
378 4255 412 4309 acl
429 4251 552 4324 spiritale
566 4252 709 4308 aedilicium
724 4252 771 4307 liei
786 4260 891 4307 restau-
942 4255 1026 4327 pidoti
1038 4264 1109 4322 cent,
1120 4255 1183 4310 aceti
1199 4265 1270 4321 ram,
1283 4255 1310 4309 in
1329 4253 1458 4309 occisione
1469 4250 1552 4324 plodii
1566 4250 1745 4306 mortairant

101 4356 170 4401 rant
191 4346 310 4403 lindeet
328 4345 356 4399 in
371 4343 465 4400 Exodo
488 4342 655 4414 carpentarii
667 4341 803 4413 leguntur,
817 4351 846 4398 et
864 4341 893 4397 iu
944 4343 1023 4417 (liet.
1036 4344 1085 4417 xx).
1101 4345 1136 4400 Et
1145 4344 1242 4401 isaiam
1252 4345 1414 4415 prophetam
1429 4342 1518 4414 lignea
1543 4356 1621 4397 serra
1641 4356 1734 4397 serra·

99 4440 169 4496 libro
194 4440 302 4512 Regum
327 4436 399 4493 labri
422 4436 578 4508 lignorum,
602 4444 632 4490 et
653 4434 818 4491 cementarii
847 4435 894 4491 ‹la-
944 4448 1000 4493 tum
1014 4438 1154 4509 Scriptura
1169 4445 1271 4492 narrat.
1287 4435 1521 4500 Circinusdictus,
1535 4434 1606 4505 quod
1619 4448 1735 4506 vernem

99 4534 268 4598 scribuntur,
292 4530 339 4602 qui
353 4529 545 4584 instaurabunt
556 4535 706 4585 sartatecta
720 4527 818 4584 domas
828 4528 889 4585 liei.
906 4530 979 4636 Dd⁰
991 4527 1089 4584 efficiat
1100 4527 1241 4595 circulum,
1264 4527 1341 4599 carius
1355 4527 1452 4582 modus
1461 4525 1597 4595 duplicata
1612 4525 1684 4580 linea
1693 4524 1732 4590 llt,

99 4621 290 4679 {ammalario
309 4620 410 4676 dicitur
423 4619 632 4691 omnelignum,
647 4619 721 4689 qued
748 4634 782 4676 cx
797 4620 892 4676 caali·
944 4635 1005 4691 quae
1018 4619 1133 4689 simplex
1154 4634 1204 4691 per
1225 4619 1394 4675 latitudinem
1416 4626 1529 4675 exterma
1552 4617 1651 4674 bremt.
1665 4618 1737 4674 Pan-

98 4716 161 4785 qaid
188 4713 342 4771 efficiatur:
355 4710 398 4766 rel
424 4710 447 4766 si
476 4710 512 4765 ad
523 4707 635 4778 januam
652 4706 767 4775 celeras,
796 4710 840 4765 vel
857 4711 891 4765 ad
944 4719 1006 4766 ctos
1020 4717 1112 4765 autem
1129 4709 1156 4764 io
1169 4709 1258 4765 modio
1270 4707 1366 4765 oircbri
1384 4716 1508 4763 centrum
1523 4721 1539 4762 a
1552 4705 1655 4763 Grecis
1669 4707 1741 4764 dici-

99 4817 228 4874 rtatuam,
264 4804 380 4861 materia
405 4802 470 4858 erit.
493 4801 535 4858 tt
561 4801 662 4872 aliquid
687 4800 761 4857 euim
784 4816 893 4873 semper
945 4809 999 4866 tur,
1014 4799 1040 4854 in
1056 4799 1133 4869 cujus
1154 4798 1270 4855 medium
1283 4808 1380 4856 errncta
1390 4805 1568 4869 marengum.
1581 4796 1619 4853 lie
1632 4796 1740 4853 circino

99 4904 215 4959 materia
235 4902 395 4973 accipienda
422 4911 477 4969 εει,
502 4901 575 4959 εἰειι
598 4900 735 4957 elementa
749 4900 891 4956 materiam
944 4900 1037 4948 eutem
1059 4901 1087 4947 et
1107 4891 1213 4948 coeteris
1238 4890 1428 4947 instrumentis
1450 4887 1641 4946 ttsssstlttltitl
1655 4886 1734 4948 litia·

100 5011 193 5052 rerum
208 5010 272 5053 esse
292 4994 429 5051 dicimus:
451 4994 515 5065 quia
539 4992 747 5061 iudamque
764 4998 828 5046 suot
852 4990 892 5045 la·
945 4983 990 5040 ubi
1014 4983 1048 5038 dc
1070 4982 1158 5054 plaste
1183 4981 1248 5040 idoli
1269 4982 1373 5039 mentis
1386 4981 1427 5050 lit,
1452 4982 1491 5036 ita
1512 4980 1643 5051 scriptum
1668 4987 1739 5034 ostra>

98 5097 139 5145 cta
168 5088 363 5144 ridcrrras:et
386 5086 513 5152 materia,
534 5084 612 5157 quasi
637 5092 736 5149 mater,
757 5081 840 5138 diota.
864 5082 892 5139 ln
943 5072 1033 5127 Fili&
1049 5072 1177 5143 filiiflii
1200 5071 1265 5127 fimi
1290 5071 1506 5144 ‘’dimum''
1529 5069 1632 5140 illm·
1658 5077 1684 5123 θ’
1705 5068 1733 5123 in

97 5180 219 5240 materia
231 5180 305 5237 enim
323 5180 438 5252 mystice
453 5178 571 5250 intelligi
585 5184 676 5249 potest
685 5177 803 5232 bumana
817 5190 893 5230 crea-
951 5164 1046 5219 '1⁰¹¹‘ss
1072 5164 1194 5235 [miii
1217 5162 1295 5230 “Ma
1320 5173 1349 5219 ⁶⁸*
1367 5171 1489 5234 ⁰llm⁸¹i⁸
1508 5169 1546 5215 “²
1575 5160 1603 5215 θ’
1627 5159 1734 5215 miili

98 5282 179 5329 tura:
194 5273 269 5328 uude
289 5269 389 5326 artilex
411 5285 534 5326 summus
552 5283 602 5341 per
628 5265 826 5339 opilicessuos,
841 5267 893 5322 boc
943 5254 1183 5324 ferramentum.
1210 5253 1315 5324 Atili&
1329 5250 1581 5323 iffwfimsswdi'i
1603 5264 1734 5314 'wimiis

96 5374 148 5431 31,
169 5364 299 5421 domm
324 5370 433 5417 samos
458 5359 635 5431 muppppoeffl
658 5363 794 5428 „nepam
811 5370 893 5411 om.
943 5346 1066 5417 formarit
1080 5345 1189 5401 illudio
1203 5345 1315 5400 mncina
1333 5358 1343 5397 .·
1358 5344 1419 5415 fecit
1434 5341 1691 5412 illudinanpelari,
1709 5351 1734 5395 et

96 5466 153 5512 urm
175 5453 312 5521 ecelesiae,
339 5462 367 5509 et
385 5468 449 5507 rasa
474 5459 536 5521 apta
558 5449 593 5506 ad
612 5446 796 5505 ministeriam
810 5460 888 5501 snum
942 5436 971 5490 in
984 5436 1085 5491 circino
1099 5434 1302 5502 tornaaitillad,
1319 5444 1344 5490 et
1360 5432 1575 5505 sccitimopinem
1586 5431 1736 5502 oiri,oaaai

95 5547 229 5603 aefificat.
255 5542 361 5601 Trabes
379 5551 490 5608 vocate,
522 5540 642 5612 quadiu
665 5547 822 5594 transverso
845 5552 890 5608 po
941 5533 1088 5603 speciosam
1105 5532 1236 5587 bominem
1248 5530 1408 5585 incitassem
1425 5526 1541 5582 indomo
1564 5523 1632 5596 (leo.
1647 5528 1731 5597 xtrr).

96 5638 155 5694 sitae
191 5643 327 5705 utrosque
349 5632 471 5704 parietes
503 5631 669 5688 contineant
693 5627 773 5683 anuo
798 5636 888 5683 autem
942 5622 1078 5693 Quidquid
1093 5630 1185 5679 autem
1199 5620 1322 5679 deidolis
1339 5619 1441 5675 dictum
1466 5625 1518 5684 est,
1531 5624 1621 5689 potest
1636 5617 1737 5676 relerri

95 5736 158 5783 aaut
173 5728 263 5799 tigna,
282 5725 355 5780 aliud
371 5721 565 5794 trabcsttigua
586 5721 660 5779 cuim
671 5717 766 5788 juncta
785 5720 888 5776 trabem
942 5724 969 5770 et
988 5713 1023 5769 ad
1052 5715 1187 5771 hereseos
1211 5712 1356 5784 principes,
1382 5709 1429 5781 qui
1452 5706 1596 5765 simulacm
1622 5706 1733 5777 dogma-

96 5820 213 5877 laciurrt.
238 5818 343 5874 Trabes
373 5825 466 5873 nutem
489 5823 561 5881 sunt,
574 5829 635 5871 cum
655 5810 835 5868 suutrlolatae.
851 5811 889 5868 lte
944 5816 1001 5863 taur
1015 5822 1125 5866 sotorum
1148 5815 1231 5875 atquo
1243 5801 1377 5860 mendacii
1400 5799 1499 5857 artirlci
1526 5797 1607 5855 corde
1622 5812 1735 5869 controv
