4042 6200
431 523 719 638 mn
755 525 1129 645 manum
1165 527 1472 645 MAURI

506 731 698 790 FULDENSIS
715 731 862 791 ultumis
880 733 926 790 st
945 731 1136 792 doddttttm
1155 735 1414 799 nncmumscott

264 914 662 1074 liltttltttll
714 913 905 1071 silit
957 917 1256 1075 tltlltltt
1308 921 1657 1085 lttlttllltl

766 1137 1151 1286 utuuivlctttrt.
1198 1283 1206 1300 ,

806 1403 1127 1436 ...Q-...-

824 1503 1137 1624 uumrnrro‘

690 1719 736 1776 ΑΙ)
753 1718 958 1778 LOTHARIUM
976 1721 1239 1783 IMPERATOREM.

185 1947 251 2004 Pom
266 1940 512 2004 commentariolos
539 1955 608 2011 quus
631 1955 691 1997 mea
705 1939 828 2011 partitas
840 1937 867 1994 io
886 1936 941 1994 ile-
955 1940 979 2001 Α
994 1939 1093 1995 tentius
1105 1939 1254 2020 collegisse,
1281 1950 1306 1998 ct
1330 1943 1450 2015 ipsorum
1475 1960 1573 2005 seusus
1599 1950 1698 2023 ubique
1722 1967 1783 2012 ser·

150 2047 317 2111 ptnteucum,
331 2042 361 2090 ct
374 2032 402 2089 iu
413 2032 499 2090 libros
510 2030 625 2102 Regum,
645 2039 727 2101 atque
749 2029 776 2084 in
801 2026 943 2097 Paralipo·
974 2039 1072 2085 ·vassc
1086 2047 1093 2083 :
1106 2028 1169 2086 licet
1184 2029 1211 2086 in
1230 2030 1375 2102 aliquibus,
1400 2033 1542 2092 brevitatis
1555 2051 1648 2105 causa,
1662 2041 1782 2113 propriis

150 2144 252 2187 rueoon
286 2126 390 2192 edidit3
429 2131 492 2195 post
524 2119 775 2194 explanatiunculas
815 2118 945 2175 historia·
993 2122 1166 2178 sermonibus
1178 2137 1244 2178 usus
1259 2122 1323 2188 sint,
1341 2125 1444 2180 notatis
1458 2124 1609 2183 lorinsecus
1620 2143 1715 2200 eorum
1728 2145 1782 2188 oo·

151 2237 214 2277 nrm
229 2219 338 2283 Estlrer,
364 2217 457 2274 tuditi
473 2223 501 2271 et
525 2214 752 2279 iiachuitaeorum,
768 2227 819 2268 nec
844 2226 899 2266 uon
916 2216 945 2265 ct
993 2210 1124 2278 minibus,
1138 2228 1252 2283 quorum
1269 2213 1351 2270 verita
1367 2223 1414 2270 aut
1430 2230 1528 2274 seasm
1550 2217 1578 2274 iu
1589 2219 1695 2289 pmdta
1716 2235 1783 2280 ccu-

151 2309 299 2370 roluminis
309 2307 455 2380 Sapientia
469 2312 551 2376 atquc
564 2303 761 2369 Ecclesiastiei,
776 2302 944 2371 aliommqnc
993 2300 1112 2368 sistunt;
1128 2301 1280 2374 habeatque
1303 2304 1371 2361 satis
1397 2308 1567 2364 commodum
1581 2311 1781 2382 compendium,

151 2399 345 2472 opusculorum
358 2413 481 2455 meorum
503 2395 621 2462 laboret,
639 2394 675 2450 ad
688 2402 840 2451 extremum
855 2391 883 2447 in
897 2390 943 2447 tc·
994 2389 1103 2459 qnando
1117 2390 1144 2445 id
1156 2391 1227 2460 quod
1247 2391 1275 2447 in
1288 2392 1381 2449 multis
1392 2393 1530 2454 codicibus
1539 2395 1651 2458 Petrum
1665 2404 1782 2462 scrutari

153 2491 269 2549 rentiam
293 2503 403 2546 manum
428 2487 502 2553 misi,
525 2495 556 2542 ut
567 2484 688 2543 collectis
701 2484 821 2553 undique
835 2489 945 2538 sancto·
994 2478 1098 2547 debuit,
1117 2480 1144 2535 io
1167 2497 1249 2536 unum
1264 2484 1396 2553 repererit
1421 2485 1583 2544 collecmm:
1599 2488 1783 2560 riccjamsiiti

153 2597 216 2637 rum
240 2579 353 2636 Patrum
383 2578 537 2644 sententiis,
562 2575 644 2646 hujus
669 2587 777 2645 quoqne
804 2573 945 2643 prophetae
995 2569 1120 2628 laborare
1130 2586 1243 2630 neccsse
1255 2589 1318 2631 csso
1345 2576 1517 2649 inquirendo,
1546 2582 1591 2638 uiti
1611 2582 1783 2644 alicrtunla·

153 2687 254 2729 seusus
262 2667 458 2741 aliquantulum
476 2668 555 2723 arida
580 2665 676 2722 lectmi
694 2665 839 2742 aperirem.
852 2663 946 2731 anue
993 2663 1060 2726 iture
1075 2665 1159 2742 quieti
1172 2682 1228 2727 suae
1240 2666 1373 2727 ittrettrrit
1393 2670 1555 2731 tumultum.
1569 2676 1640 2750 Ergo
1653 2659 1782 2750 quonian

153 2763 222 2819 mitri
240 2763 274 2817 ad
290 2762 339 2817 hur
354 2760 508 2819 iaciendum
532 2758 655 2818 incubuit
666 2761 826 2827 necessitas,
840 2769 869 2815 ut
881 2761 944 2831 quia
995 2777 1082 2833 nuper
1095 2764 1209 2834 epistola
1223 2764 1257 2821 de
1283 2766 1442 2824 excellentia
1464 2776 1564 2838 restra,
1589 2770 1780 2843 oimperator,

153 2855 229 2913 bcatr
253 2853 409 2927 llieroaymi
423 2854 628 2927 explanationes
646 2855 674 2909 in
692 2855 766 2910 hunc
781 2853 944 2925 proplietam
995 2855 1029 2910 ad
1043 2871 1093 2912 nos
1106 2856 1190 2913 missa
1203 2857 1338 2927 pervenit,
1353 2859 1467 2916 hortans
1477 2862 1639 2932 parvitatem
1653 2879 1742 2922 meam
1752 2872 1784 2921 ut

155 2962 292 3018 nusquam
312 2947 346 3002 ad
371 2946 505 3018 integrunt
534 2946 655 3019 reperire
676 2945 762 3016 potui,
778 2944 825 3000 sed
839 2953 945 2999 tantum
996 2945 1077 3016 hrrjus
1092 2948 1230 3018 prophetae
1248 2946 1346 3005 librum
1363 2951 1441 3006 voltis
1454 2966 1628 3023 exponerem,
1644 2955 1784 3014 ultimam·

155 3039 259 3110 primos
270 3052 319 3093 sex
332 3036 427 3104 libros,
439 3037 485 3109 qui
498 3037 655 3109 pertingunt
664 3051 734 3108 peuc
748 3051 834 3107 usque
848 3034 882 3091 ad
893 3048 949 3091 mc-
995 3051 1048 3108 que
1062 3045 1167 3109 partem
1182 3037 1332 3097 Ezechielis
1350 3042 1499 3114 prophete,
1513 3046 1547 3103 ab
1561 3061 1594 3103 co
1606 3046 1665 3104 loco
1677 3049 1723 3107 ulti
1735 3064 1785 3109 et·

154 3130 284 3187 dmm
297 3129 442 3185 voluminis
464 3128 614 3201 prophetici
630 3146 637 3184 :
651 3128 722 3185 sicut
734 3142 787 3184 uec
799 3128 842 3183 rir
858 3125 946 3184 scler-
995 3127 1156 3197 positionem
1179 3127 1237 3198 ejus
1263 3131 1359 3189 beatus
1382 3149 1449 3204 papa
1468 3134 1614 3206 Gregorius
1639 3138 1666 3194 in
1680 3141 1785 3196 docitua

156 3221 279 3277 tissimus
293 3218 476 3276 Cassiodorus
500 3217 616 3274 Senator
630 3218 752 3274 inuenire
767 3232 797 3274 se
810 3230 891 3288 posse
903 3228 946 3271 as·
996 3216 1108 3274 homilia
1134 3218 1230 3274 morali
1245 3233 1326 3277 senisu
1351 3231 1434 3293 atquc
1459 3225 1603 3298 allegorico
1622 3228 1721 3294 linivit,
1733 3246 1784 3304 eqo

154 3311 234 3376 serit,
257 3324 338 3381 qoem
366 3317 456 3364 tamen
485 3307 579 3380 triginti
605 3306 690 3362 lituos
715 3306 778 3363 iude
801 3301 981 3377 scripsisset]
998 3326 1082 3383 usqne
1094 3308 1127 3366 ad
1138 3310 1219 3368 linem
1238 3313 1333 3369 rnorali
1353 3316 1521 3387 mysticoque
1545 3332 1626 3375 scnsu
1651 3321 1784 3390 perduct·

155 3411 293 3469 testatum
307 3403 466 3474 sagmatibus
479 3400 610 3458 iratribus
621 3400 733 3465 nostris,
745 3399 791 3470 qui
805 3397 947 3454 nobiscum
998 3423 1055 3463 rem
1068 3425 1075 3462 :
1088 3407 1160 3477 qnod
1184 3407 1249 3463 mini
1276 3408 1391 3465 arduum
1413 3410 1543 3481 nataeque
1562 3411 1668 3470 difficile
1694 3414 1782 3470 vigum

134 3492 266 3557 ‚divinos
289 3492 375 3550 libros
400 3500 568 3555 scrutantur,
597 3491 655 3562 inse
678 3489 814 3546 scribendi
828 3487 946 3545 studium
995 3505 1048 3559 est,
1064 3506 1093 3552 nt
1106 3497 1166 3563 hoo,
1182 3498 1253 3568 quod
1266 3498 1415 3557 doctnmm
1429 3501 1638 3560 arduennam
1657 3504 1785 3561 Emtesta

155 3584 341 3654 impenderem
356 3599 407 3639 :ac
414 3583 454 3639 sic
466 3581 539 3654 quod
550 3597 583 3638 ex
596 3596 650 3637 uno
662 3579 816 3652 expositore
823 3586 852 3635 et
862 3579 947 3635 inter·
997 3585 1130 3656 uragistri,
1150 3585 1221 3642 nitra
1238 3587 1312 3645 uires
1331 3604 1394 3645 suas
1414 3586 1672 3667 cssciudicarcmot
1687 3599 1715 3649 et
1728 3600 1785 3649 stn-

154 3680 234 3744 prete
246 3674 399 3730 divinorum
414 3673 545 3729 librorum
560 3669 667 3729 efficere
681 3685 734 3726 nou
749 3667 835 3741 potui,
849 3669 947 3725 saltem
997 3674 1085 3743 pendo
1099 3673 1134 3729 alt
1147 3689 1180 3732 eo
1208 3675 1421 3744 declinatcmnt,
1437 3677 1495 3749 ipsc
1507 3676 1631 3738 infirmus
1649 3690 1679 3737 et
1689 3681 1786 3739 debilis

156 3783 191 3829 ex
209 3768 333 3839 plurima
349 3768 508 3825 doctoribus
530 3768 678 3836 corumque
693 3764 809 3821 diversis
832 3762 948 3819 volumi·
996 3770 1023 3817 ct
1038 3777 1091 3817 non
1104 3769 1158 3817 tarn
1169 3777 1283 3836 corpore
1302 3772 1419 3836 aeqrotus
1436 3781 1517 3837 quam
1533 3769 1617 3825 ctiam
1640 3784 1721 3827 sensu
1735 3772 1787 3827 url-

155 3861 238 3917 triirns
261 3861 369 3918 illorum
398 3861 522 3933 petitioni
548 3859 745 3917 satisfacerent.
774 3857 841 3913 liam
858 3855 948 3932 lentur
997 3858 1089 3917 nutus,
1112 3852 1289 3922 pertinaciter
1311 3854 1389 3925 quasi
1403 3855 1503 3913 adhoc
1527 3856 1640 3917 idoneus
1665 3866 1788 3917 tentarer

137 3951 283 4022 .0riqenis
299 3950 479 4022 qnadraginta
503 3949 622 4020 quinquo
645 3947 766 4005 homiliis
784 3954 947 4019 praesentem
997 3942 1117 4014 aggredi.
1132 3940 1184 4010 unt
1198 3942 1262 4000 licet
1283 3945 1385 4017 ailquid
1403 3947 1495 4019 manni
1520 3964 1658 4020 nunquam
1673 3949 1783 4017 luerim,

154 4041 316 4113 proplietam
336 4040 429 4097 Attico
453 4053 579 4097 sermone
603 4036 771 4109 exposuisse.
796 4032 948 4107 Exquibus
997 4040 1088 4088 tamen
1101 4033 1182 4089 modo
1200 4033 1279 4107 longo
1292 4034 1421 4093 aliudme
1444 4050 1506 4093 esse
1519 4039 1608 4095 teudo
1628 4039 1785 4110 quamius·

27 4124 38 4141 '
155 4133 360 4205 quatuordecim
376 4140 481 4188 tautum
499 4129 645 4189 translatas
666 4129 842 4199 luteumque
855 4141 899 4183 me
919 4126 947 4182 iu
996 4137 1075 4177 ram:
1092 4122 1228 4195 quiqrayi
1256 4125 1415 4198 egritudine
1435 4140 1546 4199 pressus
1569 4127 1627 4200 jam
1641 4129 1740 4200 sepius
1754 4131 1783 4187 in

156 4224 210 4280 noe
219 4238 302 4294 opere
314 4238 368 4279 non
391 4238 486 4293 parum
503 4220 676 4292 adjurabant,
690 4217 948 4291 explanationesque
996 4213 1096 4271 lectulo
1110 4217 1253 4285 accumbo,
1263 4231 1346 4289 mam
1359 4218 1393 4275 ad
1404 4218 1578 4276 mrtmnduu
1592 4219 1634 4277 tel
1647 4222 1680 4277 ad
1695 4221 1787 4295 lcqea·

155 4324 318 4371 caeteromm
341 4312 547 4386 prophetarum,
566 4325 635 4383 quas
655 4310 784 4382 praelatus
797 4308 896 4367 divinae
909 4308 947 4365 le
996 4303 1060 4360 dum
1075 4305 1103 4361 in
1118 4307 1290 4365 meditatorio
1303 4311 1396 4367 sedeo.
1418 4309 1521 4368 idcirco
1534 4310 1662 4382 quoniam
1682 4331 1692 4365 r
1708 4327 1786 4371 uersa

156 4405 200 4476 qis
219 4405 356 4476 interpres
372 4403 479 4473 edidit,
508 4402 601 4459 multis
614 4402 642 4459 iu
662 4401 729 4460 locis
745 4400 871 4457 Ieremia
885 4416 947 4457 scu-
996 4401 1040 4452 cst
1054 4394 1082 4450 iu
1095 4395 1197 4453 luctum
1207 4396 1312 4453 cithara
1323 4413 1394 4467 mea,
1407 4407 1435 4456 ct
1448 4414 1580 4472 organum
1594 4416 1685 4457 meum
1699 4401 1726 4458 in
1742 4418 1787 4460 ro·

157 4496 259 4553 teatias
271 4494 360 4553 lucide
379 4504 572 4566 exposuerunt.
587 4492 635 4550 Sic
647 4499 675 4548 et
687 4491 783 4548 boatus
793 4503 863 4562 papa
875 4486 945 4546 Gre·
1000 4502 1010 4537 t
1027 4499 1086 4541 cern
1111 4484 1231 4543 nentium
1249 4486 1320 4561 (toi.
1335 4489 1414 4561 xxx),
1437 4488 1528 4546 »libet
1542 4504 1586 4547 me
1613 4491 1701 4565 uranx
1722 4507 1788 4567 poc·

155 4587 315 4662 musano
330 4601 426 4657 parum
443 4583 522 4643 uobis
535 4583 564 4640 ir
589 4581 717 4641 dictando
732 4581 844 4652 proluit,
857 4581 904 4652 qni
918 4579 946 4635 iu
997 4583 1059 4632 cata
1075 4591 1135 4632 mea
1164 4576 1273 4648 plorare
1300 4593 1381 4649 qnam
1405 4588 1487 4636 cantu
1516 4580 1650 4638 musicam
1677 4597 1785 4651 sanare,

157 4677 276 4739 fflwgig
288 4674 427 4747 qpqaeqlig
445 4674 512 4741 suis,
529 4688 606 4731 more
620 4687 682 4739 suo,
699 4670 852 4728 diuinorum
864 4670 946 4726 libro-
960 4651 983 4716 C
998 4665 1113 4722 dicendo
1137 4666 1172 4721 ad
1184 4658 1327 4723 Domitium
1345 4682 1407 4725 etim
1421 4667 1558 4741 Propheta
1576 4684 1584 4727 ἓ
1603 4690 1613 4724 t
1628 4669 1787 4731 incuriam!

157 4783 219 4824 rum
232 4765 384 4823 antennas
397 4764 565 4835 exponendo,
577 4763 655 4820 ndns
681 4776 790 4834 quoque
809 4760 947 4833 propinetur
1001 4773 1011 4808 t
1029 4770 1088 4812 sum
1102 4762 1129 4812 ct
1150 4754 1308 4814 humiliatus
1331 4772 1391 4815 suro
1414 4773 1628 4832 usquequaque:
1646 4761 1787 4834 rugiebam

156 4854 273 4928 maxim
288 4853 443 4913 tetimonio
452 4852 589 4910 enodavit.
604 4850 653 4911 liis
662 4865 728 4923 erqo
741 4850 867 4907 omuibus
883 4863 947 4906 con·
1002 4865 1013 4898 r
1029 4845 1157 4918 agernitn
1174 4848 1264 4906 cordis
1276 4848 1329 4905 mci
1344 4848 1476 4908 adtente
1490 4858 1517 4907 tc
1532 4860 1576 4909 cst
1586 4867 1667 4910 omae
1680 4854 1787 4911 deside-

157 4945 394 5011 tridentinorum
417 4942 576 5015 opusculum
593 4940 711 4999 madere
730 4939 859 5012 disposui,
874 4939 947 5011 quod
1003 4954 1013 4989 r
1031 4934 1101 4991 rium
1116 4951 1220 5005 uicum,
1233 4945 1262 4994 et
1274 4938 1391 5011 gemitus
1415 4955 1494 4997 mms
1510 4957 1525 4997 a
1541 4952 1568 4999 te
1594 4958 1649 4998 non
1666 4949 1710 4999 est
1722 4943 1787 5001 aitt-

159 5043 250 5090 tamen
269 5032 499 5105 iuriqiutiliitros
513 5031 656 5103 dispartire
678 5028 946 5100 decreri,nelonqi·
1002 5027 1163 5086 «conditus.
1178 5027 1233 5086 (lor
1248 5044 1338 5085 metm
1363 5032 1554 5087 conturbatum
1583 5040 1627 5089 est
1648 5031 1744 5100 inme,
1759 5042 1788 5090 et

159 5125 224 5181 mdo
238 5123 369 5181 librorum
385 5121 523 5179 fastidium
538 5122 632 5181 lectori
654 5120 767 5189 laceret,
787 5121 842 5177 imo
854 5119 951 5176 bresi-
1001 5117 1150 5175 ‹desernit
1173 5133 1217 5174 me
1243 5118 1374 5177 tortitudo
1399 5135 1470 5188 mea,
1496 5121 1628 5177 etlumen
1643 5121 1784 5179 oculorum

158 5222 201 5270 tas
212 5214 247 5269 ad
258 5211 364 5285 singula
390 5211 558 5268 discutienda
580 5211 729 5266 acutiorem
742 5209 876 5265 redderet.
890 5206 946 5264 Nec
1000 5227 1010 5266 r
1029 5222 1152 5267 meorum
1165 5217 1272 5266 nonest
1294 5225 1400 5265 naccum
1422 5207 1510 5282 (Psoi.
1522 5198 1639 5283 xxxin).
1657 5229 1667 5263 r
1686 5229 1695 5264 r
1709 5210 1787 5269 ilise·

159 5319 203 5361 me
226 5311 472 5376 praesumptuosum
496 5310 543 5359 aut
561 5298 730 5373 ‚superdeum
754 5299 897 5371 qnisquam
917 5297 945 5353 ia
1001 5317 1011 5352 r
1029 5313 1090 5354 rcrc
1102 5297 1156 5352 mei
1167 5298 1314 5354 secundum
1331 5314 1458 5371 magnam
1472 5299 1686 5356 misericordiam
1701 5309 1786 5369 tuam,

159 5395 312 5451 conditione
337 5392 417 5465 hujus
440 5392 531 5465 operis
558 5392 639 5449 debet
663 5389 761 5455 dicere,
791 5387 868 5459 qnasi
885 5394 947 5456 post
1000 5385 1120 5442 «delens
1134 5384 1304 5456 iniquitatem
1318 5384 1703 5460 meam(Pan1.u),quoniam
1721 5391 1748 5449 itt
1761 5404 1789 5451 ts

157 5485 276 5556 optimos
287 5491 315 5540 ct
337 5476 534 5541 disertissimus
546 5482 714 5557 expositores
728 5494 779 5552 ego
791 5478 907 5549 elinguis
920 5485 947 5534 et
1000 5495 1009 5527 r
1026 5474 1138 5531 conlidit
1148 5474 1238 5530 aalma
1253 5490 1312 5531 tnea
1328 5473 1413 5548 (Psoi.
1425 5475 1491 5550 um).
1505 5495 1515 5531 t
1534 5497 1545 5532 r
1560 5477 1736 5552 Neprnjicias
1745 5496 1789 5538 irre

161 5575 248 5630 tenuis
261 5571 364 5647 ingenii
386 5588 545 5647 magnorum
563 5573 683 5629 virorum
698 5570 786 5626 studia
802 5569 947 5625 temerario
1000 5585 1009 5619 t
1027 5564 1184 5634 intempore
1195 5564 1351 5631 senectutis,
1364 5572 1464 5621 etcum
1482 5564 1703 5624 deiecerittirtus
1719 5580 1787 5635 tusa,

161 5679 227 5720 ausu
242 5663 320 5721 uelim
336 5662 489 5731 ottuscarc,
505 5677 566 5719 cum
580 5677 624 5718 mc
645 5660 745 5718 uiderit
766 5675 859 5717 corum
879 5675 944 5716 scn-
1000 5676 1009 5711 t
1027 5673 1061 5714 ne
1075 5655 1247 5726 derclinquas
1267 5670 1310 5713 mc
1325 5652 1412 5729 (Psoi.
1438 5660 1541 5731 xxxin
1562 5657 1648 5736 lqitm·
1665 5661 1703 5720 olt
1718 5663 1790 5721 hane
