4042 6200
166 337 235 405 ttae
592 330 773 387 extusum
791 329 905 386 SUPER
923 324 1106 383 teuutttau
1126 357 1160 365 -—
1179 327 1242 381 Llll.
1263 326 1356 384 Xl'lil.
1719 329 1787 385 titt

163 452 277 521 gloriam
313 462 373 504 cum
405 447 506 503 sanctis
539 447 696 502 doctoribus
728 462 782 501 unu
814 446 1017 502 merenturrlt
1041 442 1295 511 spreteruntillam,
1311 444 1373 513 quia
1395 442 1521 498 uiderunt
1536 442 1791 515 ignominiamejos,

164 538 307 608 accipere,
342 537 390 591 scd
414 553 476 592 eum
503 536 611 593 diabolo
638 545 666 592 et
687 537 790 607 angelis
813 534 871 604 ejus
897 550 955 604 poa·
1009 530 1099 599 «ipsa
1122 539 1212 584 autem
1240 548 1359 602 genueris,
1386 543 1411 587 et
1446 548 1575 588 conuersa
1596 540 1753 589 retrorsum.
1778 557 1789 587 ι

165 643 227 681 traru
252 627 383 696 gehenne
408 633 538 696 cogentur
563 626 706 682 sustinere.
721 627 760 681 lie
777 639 832 695 quo
850 634 878 680 et
892 625 956 680 sub
1002 621 1120 689 ¹Causam
1134 623 1259 679 uindictae
1278 628 1422 695 expressit,
1447 629 1473 681 iu
1488 627 1620 697 principio
1635 629 1715 699 bajus
1727 644 1789 685 sen-

166 721 239 773 tlitur
254 736 260 773 ι

202 811 269 867 Zuio
290 830 300 863 r
321 811 355 866 Et
371 813 511 867 recordata
522 818 565 866 est
579 810 747 867 Hierusalem
772 811 877 865 illerum
892 807 957 862 ailli-

168 926 177 954 ι
199 902 297 958 etiouis
315 918 379 965 stru,
392 912 419 956 et
434 903 663 973 prevaricationis
674 902 794 958 omnium
818 901 956 956 desidera-

167 1014 177 1043 ι
203 992 296 1047 biliam
317 1007 439 1055 suorum,
454 1008 514 1060 cquae
529 994 661 1047 babuerat
686 990 815 1047 adiebus
838 990 956 1058 antiquis

168 1102 179 1133 r
203 1098 265 1138 cum
277 1081 385 1137 caderet
399 1081 513 1151 popolus
524 1081 583 1152 ejus
598 1081 625 1136 in
640 1096 720 1135 mano
735 1079 838 1146 hostili,
850 1089 877 1134 et
902 1094 955 1133 noo

169 1194 179 1225 r
201 1181 274 1230 esset
295 1173 449 1229 auxiliator.
463 1172 597 1229 Viderunt
609 1187 669 1229 eam
688 1174 780 1230 bostes
799 1179 826 1229 et
854 1171 955 1227 derise-

170 1282 180 1315 r
203 1274 267 1318 ruru
286 1263 399 1320 sabbata
413 1261 481 1331 eius.
501 1282 511 1315 r
532 1261 687 1318 Nousolum
703 1262 775 1316 euim
789 1260 956 1317 Hierusalem

167 1355 214 1410 illa
240 1364 346 1411 terrena
370 1354 454 1410 doluit
476 1342 506 1409 se
524 1354 639 1426 perdere
662 1353 859 1425 iracunditatern
879 1366 957 1406 suam

166 1455 194 1501 et
208 1444 367 1500 deliciarum
378 1441 542 1498 allluentiam
554 1443 625 1498 inter
635 1443 727 1498 hostes
737 1440 895 1503 constituta,
908 1437 956 1494 sed

166 1534 251 1590 etiam
265 1534 322 1590 baee
345 1533 471 1605 mystica,
490 1541 519 1589 et
542 1533 661 1587 trraximo
685 1531 777 1588 dolore
803 1538 954 1600 torquetur,

166 1642 229 1681 eum
245 1626 271 1681 in
282 1626 370 1696 prunis
387 1624 533 1680 constituta
545 1623 603 1694 jam
620 1638 681 1679 sero
692 1620 763 1678 dolet
782 1636 811 1676 sc
835 1629 899 1675 tuoe
910 1634 958 1674 ne·

166 1718 312 1790 gligeutem
328 1716 421 1780 luisse,
432 1717 540 1785 quando
554 1731 602 1786 per
620 1715 690 1772 bona
703 1729 786 1785 opera
805 1721 833 1767 et
854 1721 955 1767 recum

987 722 991 729 ⁴
1007 715 1106 778 tentiae,
1118 715 1181 783 quia
1199 715 1233 770 ob
1256 718 1465 787 magnitudinem
1475 719 1606 774 scelerum
1621 719 1789 776 Hierusalem

1006 805 1155 874 premeruit
1182 807 1426 877 transmigrationis
1452 810 1607 865 excidium:
1622 811 1725 882 ipsique
1744 812 1790 881 qni

1006 912 1066 953 eam
1088 904 1246 969 peccantem
1261 898 1397 954 latoribus
1422 901 1595 966 extollebant,
1622 903 1790 970 postmodum

1006 1003 1161 1058 oppressam
1175 988 1332 1060 captivitate
1354 990 1510 1044 deridebant
1524 1008 1531 1044 ε
1543 1007 1593 1045 nec
1617 991 1791 1048 condolentes

1006 1076 1054 1141 illi,
1071 1077 1181 1147 gemitui
1207 1078 1265 1147 ejus
1293 1078 1374 1131 ullam
1390 1078 1600 1135 consolationem
1624 1082 1789 1150 praebebant.

1007 1168 1076 1224 Hinc
1097 1179 1149 1234 est,
1170 1170 1241 1240 quod
1258 1184 1306 1239 per
1330 1169 1425 1224 lsaiarn
1441 1170 1510 1239 plebi
1523 1168 1640 1225 iudaice
1661 1171 1791 1226 Dominus

1007 1260 1047 1314 ait
1066 1277 1072 1313 :
1093 1259 1218 1330 ‹Popule
1240 1274 1328 1323 meus,
1348 1261 1393 1330 qui
1419 1262 1526 1314 beatum
1550 1269 1576 1314 te
1604 1261 1711 1326 dieunt,
1740 1262 1792 1332 ipsi

1009 1360 1036 1407 te
1061 1351 1217 1422 decipiunt:
1232 1361 1261 1406 et
1285 1353 1354 1405 riam
1376 1367 1517 1422 gressuum
1532 1362 1637 1408 tuorum
1662 1353 1794 1422 dissipant

1008 1441 1146 1515 (lau.1rr),
1177 1464 1187 1497 r
1215 1446 1271 1499 sire
1286 1445 1458 1499 conturbant.
1483 1443 1586 1499 Scribe
1606 1454 1633 1499 et
1653 1444 1791 1508 Pharisaei,

1007 1548 1076 1602 quos
1088 1543 1150 1590 aute
1164 1534 1233 1590 idem
1242 1535 1373 1605 Propheta
1386 1546 1526 1590 exactores
1538 1537 1727 1606 appellaverat,
1741 1553 1794 1591 nou

1008 1624 1163 1693 magistros,
1176 1632 1204 1678 ct
1228 1640 1309 1695 supra
1329 1625 1519 1696 illusores,qoi
1539 1637 1648 1698 propter
1670 1643 1794 1692 munera,

1008 1732 1069 1786 qure
1079 1725 1217 1772 excaecant
1232 1718 1324 1773 oculos
1346 1720 1428 1773 etiam
1445 1720 1606 1789 sapientium
1620 1720 1709 1792 (deut.
1725 1722 1793 1789 xri),

166 1809 399 1864 conversationem
422 1807 510 1878 potuit
530 1806 690 1877 sibimetipsi
717 1805 871 1861 subvenire.
896 1802 956 1858 Non
972 1795 994 1855 B
1009 1824 1062 1861 niro
1077 1808 1164 1862 solum
1190 1818 1346 1877 peccatores
1370 1812 1396 1864 in
1411 1810 1510 1880 popolo
1523 1827 1576 1865 ooo
1601 1812 1793 1882 corripiebant,

166 1893 253 1951 solum
265 1893 410 1949 enimcum
422 1893 523 1949 sanetis
549 1892 651 1964 arigalis
663 1893 691 1946 iu
705 1891 761 1947 rita
779 1899 881 1946 aeterna
902 1906 955 1945 non

166 1985 294 2051 exsultat,
308 1987 356 2042 sed
373 1985 402 2040 in
415 1982 520 2040 iulerno
536 2000 599 2041 curn
610 1984 724 2041 daenroui
739 1984 859 2040 cruciata
872 1980 956 2037 inira-

165 2088 260 2135 etoose
278 2079 415 2148 praeterita
433 2086 544 2149 peecata
557 2078 690 2149 deplorat,
704 2078 782 2150 juxta
794 2076 870 2139 illud,
883 2075 957 2146 quod

167 2169 307 2238 Scriptura
319 2175 386 2224 teste
401 2168 476 2238 impii
488 2169 516 2229 in
531 2167 638 2225 inferno
651 2168 747 2224 dicturi
766 2176 829 2224 sunt
841 2186 848 2222 ε
862 2185 872 2219 r
886 2167 957 2238 Ergo

166 2260 348 2316 erravimusa
367 2261 412 2317 ria
439 2260 571 2325 ueritatis,
600 2269 628 2314 et
650 2260 762 2331 justitiae
790 2259 880 2315 lumen
902 2274 957 2315 uon

166 2349 236 2405 luxit
259 2349 346 2416 nobis,
359 2360 388 2405 et
402 2348 442 2405 sol
455 2365 510 2405 uon
534 2357 577 2405 εει
589 2357 665 2403 ortus
683 2349 761 2404 nouis
780 2366 787 2403 ε
804 2349 905 2423 lassati
912 2363 958 2403 su·

165 2455 229 2496 mus
248 2440 275 2495 in
298 2440 342 2494 uia
356 2439 508 2511 iniquitatis
530 2447 558 2494 et
576 2439 745 2510 perditionis,
759 2448 787 2496 et
804 2439 957 2496 ambulari-

165 2531 301 2587 mustias
329 2529 452 2587 dilliciles
466 2531 556 2586 :uiam
570 2540 661 2586 autem
688 2530 794 2587 Uotuird
820 2531 956 2603 ignorari·

165 2636 238 2677 mus.
261 2620 330 2688 Quid
342 2622 421 2678 nobis
439 2619 541 2692 proluit
554 2621 692 2693 superbia,
704 2629 751 2677 aut
765 2621 830 2692 quid
850 2621 958 2678 divitia·

168 2727 228 2768 rum
248 2710 385 2782 opulentia
404 2711 519 2767 eontulit
542 2711 638 2768 nobis?
663 2711 841 2767 Transierunt
866 2711 957 2766 omnia

167 2802 212 2857 illa
232 2812 360 2872 tunquam
372 2803 468 2858 umbra
487 2801 595 2867 mortis,
620 2803 646 2857 in
674 2801 841 2872 malignitate
866 2813 956 2859 autem

167 2902 262 2950 uestra
287 2893 439 2963 consumpti
463 2907 556 2949 sumus
582 2892 740 2965 (Souris
772 2892 888 2949 'luncet
906 2893 956 2963 ipsi

167 2984 277 3057 maligni
299 2984 410 3055 spiritus
435 2984 559 3040 derident
577 2984 675 3048 otium,
701 2985 774 3055 quod
789 2984 957 3055 negligentes

1008 1896 1055 1949 sed
1069 1912 1119 1966 pro
1133 1897 1235 1952 diuitiis
1250 1906 1330 1967 atque
1350 1900 1515 1968 compendiis
1534 1901 1681 1960 elierebant
1710 1901 1796 1957 laudi·

1007 1985 1069 2050 bus,
1088 1995 1114 2042 et
1135 1987 1186 2057 ipsi
1198 1988 1350 2043 econtrario
1362 1989 1455 2044 beatm
1477 1991 1610 2046 ructabant
1624 2008 1681 2057 eos,
1701 2000 1730 2046 et
1746 2008 1793 2048 co-

1008 2074 1115 2131 lumnas
1129 2077 1225 2132 doinus
1235 2078 1293 2144 Dei,
1320 2088 1347 2132 et
1361 2088 1458 2134 cetera
1470 2096 1529 2149 quae
1548 2082 1635 2137 solent
1659 2082 1794 2139 adulterio

1008 2170 1108 2224 dicere.
1135 2169 1189 2225 Sed
1209 2171 1276 2227 tales
1298 2170 1416 2228 lautores
1430 2170 1530 2229 nrrllam
1546 2176 1572 2230 in
1588 2177 1632 2232 die
1644 2177 1794 2234 tribulatio-

1008 2260 1051 2315 nis
1066 2261 1258 2317 tribulantibus
1269 2263 1479 2319 cousolatiooem
1492 2266 1655 2335 praebebant,
1666 2267 1720 2324 imo
1730 2286 1795 2324 con·

1008 2349 1141 2408 lusionem
1169 2353 1302 2409 scelerum
1328 2369 1423 2409 eorum
1450 2354 1632 2423 denudabant,
1657 2367 1685 2413 et
1706 2360 1795 2414 cordis

976 2477 980 2483 ·
1009 2446 1183 2515 ignominiam
1199 2446 1419 2503 manifestabant.
1440 2448 1493 2503 lste
1509 2458 1552 2503 est
1565 2465 1629 2522 ergo
1642 2452 1737 2506 doctor
1749 2466 1795 2506 ce·

982 2538 1171 2603 :clesiaticus
1198 2539 1243 2608 qni
1270 2539 1417 2612 lacrymas,
1440 2554 1492 2595 oon
1513 2541 1597 2596 risum
1627 2549 1726 2605 moret,
1749 2543 1795 2611 qui

1008 2632 1121 2702 corripit
1141 2641 1309 2702 precatores,
1329 2634 1375 2702 qui
1394 2633 1495 2687 nullum
1508 2634 1628 2698 beatum,
1644 2634 1745 2689 nullum
1756 2634 1797 2688 di·

1008 2721 1046 2775 eit
1072 2735 1132 2777 esse
1153 2720 1268 2786 lelieem,
1294 2737 1343 2779 nee
1360 2724 1490 2793 pervertit
1516 2723 1677 2780 sententiam
1697 2722 1797 2791 italicis

1008 2813 1061 2877 sui,
1083 2811 1190 2866 dicente
1209 2812 1451 2884 Scripturasaueta
1471 2834 1478 2869 ε
1496 2814 1559 2868 «lle
1577 2815 1684 2869 beatum
1692 2814 1797 2883 jrulices

1007 2919 1170 2975 quemquam
1189 2908 1326 2963 homiaem
1353 2918 1419 2965 ante
1450 2907 1675 2979 urorteruldceli.
1703 2907 1752 2977 xi).
1781 2926 1791 2957 r

1008 2994 1062 3051 Sed
1085 3004 1111 3049 et
1131 2997 1157 3050 in
1170 2997 1222 3051 alio
1236 2997 1295 3052 loco
1306 3000 1419 3069 legimus
1435 3017 1442 3053 ε
1461 3000 1535 3066 ‹eri
1548 2997 1685 3052 benedixit
1709 2996 1797 3051 amico

166 3076 298 3133 inutiliter
326 3077 461 3134 duxerunt
491 3092 541 3148 per
564 3077 707 3150 presentis
741 3079 805 3135 rite
827 3079 954 3148 spatium.
1009 3099 1091 3139 ruane
1109 3085 1205 3158 grandi
1224 3102 1299 3152 roco,
1324 3103 1338 3140 a
1364 3087 1534 3143 maledicenti
1554 3083 1795 3158 uildill'ertll’roo.

168 3167 244 3224 Unde
267 3174 296 3223 ει
319 3183 391 3224 nuuc
413 3183 462 3238 per
482 3170 642 3240 proplietam
657 3169 778 3226 dieitur:
797 3187 807 3221 r
827 3140 992 3227 lliderootC
1008 3175 1132 3246 suerri.»
1165 3176 1241 3231 Unde
1267 3187 1427 3246 spernentes
1452 3176 1591 3231 bominum
1613 3173 1726 3243 judicia,
1747 3189 1798 3229 acc

165 3275 226 3316 eam
248 3260 341 3316 hostes
362 3268 389 3315 et
399 3260 554 3318 deriserunt
570 3261 681 3317 sabbam
703 3260 771 3330 eius.
790 3260 955 3334 »Praecepto
1007 3265 1132 3321 laudibus
1153 3281 1247 3321 eorum
1271 3265 1444 3332 exultando,
1479 3280 1529 3320 nec
1555 3251 1796 3321 obtrectationibus

165 3353 240 3408 enirn
262 3354 329 3425 legis
349 3354 384 3410 ab
403 3353 539 3410 exteriore
551 3370 632 3426 opere
646 3355 674 3410 iu
690 3355 802 3411 sabbato
822 3362 955 3442 cessatur.
1006 3358 1220 3414 contristemur:
1235 3359 1282 3414 sed
1296 3359 1478 3431 ingrediamur
1492 3367 1593 3414 rectam
1607 3358 1689 3421 riam,
1704 3363 1732 3411 et
1745 3355 1795 3410 tri·

162 3445 265 3503 llostes
277 3448 349 3503 enim
364 3446 475 3502 sabbata
487 3446 609 3503 uidentes
623 3445 749 3518 irrident,
766 3460 828 3502 cnm
845 3444 956 3517 maligui
1008 3456 1077 3503 tasa
1093 3449 1194 3504 sanctis
1205 3448 1349 3519 Prophetis
1361 3448 1480 3508 semitas.
1494 3447 1642 3502 Aurliamus
1655 3447 1796 3514 iruuepru·

166 3537 277 3607 spiritus
294 3537 351 3608 ipsa
369 3537 520 3593 uacationis
536 3537 600 3601 otia,
614 3536 649 3591 ad
661 3536 838 3607 cogitationes
847 3535 956 3593 illicitas
1006 3539 1116 3610 pinetam
1129 3540 1181 3595 ulio
1192 3541 1252 3596 luco
1265 3542 1400 3597 dicentem
1414 3560 1442 3596 :r
1461 3539 1571 3595 Statcin
1584 3540 1646 3604 viis,
1658 3547 1685 3594 et
1695 3539 1793 3601 ridete,

165 3628 336 3697 pertrabunt.
362 3626 536 3697 Unaquaeque
563 3626 673 3690 anima,
708 3640 763 3695 quo
789 3633 892 3682 remota
922 3626 957 3682 ab
1006 3640 1034 3686 et
1049 3632 1214 3701 interrogate
1226 3634 1339 3688 semitas
1351 3632 1671 3704 llourimmmpiternas,
1686 3646 1746 3700 qun
1758 3631 1794 3684 sit

161 3717 288 3772 cateruis
304 3717 460 3774 actionibus
487 3716 589 3774 seruire
611 3716 741 3782 ereditur,
757 3730 790 3772 eo
803 3717 889 3789 tnagis
906 3733 954 3773 eo·
1006 3722 1049 3776 uia
1064 3721 1321 3799 bona‚etarnbulate
1338 3722 1567 3794 inestuans-1).
1586 3742 1596 3775 s

161 3821 226 3860 >rum
254 3806 388 3878 tyrannidi
401 3806 493 3861 illicita
521 3805 664 3877 cogitando
680 3805 839 3862 famulatur.
863 3806 957 3863 Sancti
1044 3809 1136 3865 ruera.
1148 3829 1159 3862 r
1173 3810 1273 3866 Sordes
1285 3813 1343 3882 eius
1353 3813 1381 3866 iu
1393 3812 1505 3881 pedibus
1516 3810 1586 3880 ejus,
1598 3827 1646 3866 uec
1657 3811 1798 3866 recordata

166 3906 256 3952 :rotem
270 3898 331 3964 riri,
358 3898 422 3970 quia
436 3897 528 3955 mundi
551 3898 677 3969 operibus
689 3914 743 3953 non
765 3914 889 3970 corpore,
909 3901 956 3957 sed
1009 3919 1018 3952 r
1036 3909 1078 3956 est
1094 3899 1155 3956 linis
1171 3901 1223 3956 sui.
1239 3902 1365 3972 Deposita
1377 3911 1419 3956 est
1429 3901 1616 3965 veliementer,
1628 3916 1681 3954 nou
1696 3901 1797 3955 liabens

167 3993 266 4048 uirtute
279 3993 432 4064 sopiuntur,
451 3992 611 4051 laboriosius
631 3994 778 4061 dormiunt,
807 4011 887 4066 quam
913 3996 956 4051 ri·
1008 4010 1018 4043 t
1037 3991 1244 4047 consolatorem.
1261 3992 1382 4048 »Sordes
1396 3992 1520 4064 gestatio
1531 3993 1655 4062 pedibus,
1666 3994 1710 4062 ‘itti
1723 4008 1798 4064 8105·

161 4082 249 4153 gilare
262 4091 417 4153 potuerunt,
442 4085 505 4154 quia
527 4087 554 4140 iu
574 4099 617 4154 eo,
641 4086 714 4157 quod
734 4087 856 4143 actiones
877 4085 957 4155 liujus
1006 4097 1066 4137 sum
1086 4084 1298 4139 conversationis
1311 4099 1368 4138 suae
1386 4083 1464 4138 malis
1477 4084 1572 4154 polluit
1586 4084 1712 4154 operibus
1726 4102 1732 4137 :
1748 4097 1797 4138 nee

165 4171 256 4226 soeculi
271 4172 427 4229 deserentes
449 4180 588 4248 superant,
599 4173 710 4231 mbusto
728 4173 956 4244 eoutlietuquoti·
1006 4171 1166 4228 recordatur
1179 4171 1241 4228 linis
1263 4173 1324 4239 sui,
1348 4181 1377 4228 et
1397 4173 1525 4244 temporis
1543 4171 1609 4241 justi
1627 4174 1721 4243 juilleii
1738 4174 1797 4228 bei.

164 4262 210 4317 die
222 4272 315 4318 contra
336 4264 494 4340 semetipsos
508 4272 639 4337 pugnant,
654 4280 695 4342 ne·
713 4281 791 4323 tuens
802 4281 851 4338 per
872 4265 956 4336 negli-
1008 4263 1085 4319 Unde
1097 4264 1217 4334 deposita
1233 4266 1420 4331 uehementer,
1434 4275 1461 4321 et
1475 4266 1592 4321 bostium
1608 4265 1730 4319 manibus
1743 4275 1799 4319 tra·

164 4354 284 4421 gentiam
301 4361 414 4425 torpeat,
439 4362 478 4422 ut,
494 4354 607 4411 subacto
630 4355 686 4411 otio
710 4356 744 4411 ad
759 4354 892 4410 desideria
907 4354 957 4408 iut-
1006 4357 1082 4421 dita,
1102 4355 1204 4409 nollrtm
1218 4356 1299 4410 babet
1316 4344 1522 4421 corisolatorem
1533 4356 1596 4425 quia
1617 4364 1736 4426 temporo
1748 4371 1798 4426 op·

165 4445 264 4501 munda
280 4444 418 4514 lrigeseat,
433 4460 468 4501 oe
485 4447 551 4516 ipsis
567 4446 710 4502 desideriis
724 4444 872 4514 bonisplos
882 4445 956 4515 justo
970 4482 995 4541 D
1008 4452 1141 4512 portuno,
1156 4443 1229 4500 cultu
1245 4445 1352 4516 pietatis
1367 4445 1602 4520 bonorare-noluit
1616 4460 1694 4501 suom
1707 4455 1791 4500 aucto-

164 4536 306 4601 inserviat,
319 4553 353 4593 ne
367 4536 419 4592 sub
433 4536 603 4594 discretionis
614 4537 705 4607 specie
720 4537 827 4593 sibimet
843 4551 956 4607 parcen·
1009 4551 1076 4590 rent.
1099 4533 1179 4591 Solus
1199 4536 1227 4590 iu
1248 4550 1281 4590 ea
1295 4535 1476 4592 dominabitur
1500 4535 1643 4601 inimicus,
1670 4535 1797 4605 qnoniam

165 4628 201 4682 do
231 4628 421 4698 aperlectiooe
435 4628 601 4697 languescat.
627 4628 689 4697 Agit
710 4627 779 4692 brec,
791 4634 845 4679 eta
863 4626 957 4681 mundi
1007 4628 1079 4682 bens
1089 4641 1171 4683 uerus
1183 4642 1243 4682 eam
1258 4627 1378 4684 deseruit
1391 4628 1503 4683 amicus.
1519 4627 1596 4683 Unde
1617 4627 1735 4682 inaximo
1751 4626 1798 4680 du·

166 4717 246 4787 liujus
266 4719 385 4789 inquieta
410 4718 627 4789 coucupiscentia
647 4732 677 4772 se
691 4717 799 4786 penitus
812 4714 957 4779 subtrabit,
1007 4716 1065 4772 iore
1078 4718 1206 4783 coutrita,
1220 4718 1412 4774 miserabiliter
1424 4719 1458 4773 ad
1472 4719 1556 4774 ileum
1568 4719 1676 4772 clamat.
1694 4735 1703 4768 r
1720 4716 1797 4782 l'ile,

164 4827 199 4866 ae
220 4820 387 4865 terrenarum
411 4811 547 4866 actionum
564 4809 709 4879 strepitum
732 4809 845 4872 deserit,
860 4815 887 4863 et
908 4820 958 4876 per
1009 4809 1132 4874 Domine,
1147 4808 1316 4865 afflictionem
1331 4808 1799 4879 meam,quoniamerectusestioi-

165 4902 266 4969 quietis
293 4900 411 4957 studium
425 4902 572 4957 virtutibus
596 4901 700 4955 intenta
714 4898 829 4969 uigilans
843 4898 955 4953 dormit.
1009 4901 1106 4957 micus.
1123 4921 1133 4954 r
1146 4900 1224 4957 Nullo
1237 4903 1308 4957 enim
1318 4902 1368 4957 sibi
1376 4902 1534 4964 resistente,
1548 4902 1633 4956 hostis
1643 4901 1677 4954 de
1687 4897 1798 4953 uictoria

166 4992 259 5062 dieque
277 4994 349 5048 enirn
376 4993 410 5049 ad
425 4992 630 5063 contemplanda
658 4993 762 5046 iuterna
788 4989 955 5060 perducitur,
1009 4993 1108 5063 gaudet
1121 4992 1239 5062 iniquus,
1259 4992 1332 5046 etde
1346 4992 1466 5060 potentia
1481 5007 1528 5046 sua
1543 4999 1637 5047 contra
1657 4987 1798 5042 lloruinum

165 5083 220 5138 nisi
241 5084 276 5138 ab
299 5084 340 5137 liis
362 5100 422 5153 quae
448 5083 566 5139 exteiius
589 5081 730 5151 implicant
752 5080 874 5135 studiose
893 5080 957 5135 sub-
1009 5085 1122 5155 erigitur
1135 5086 1275 5153 superbus,
1289 5080 1798 5154 propriislroedeputansriribus,nou

166 5173 299 5227 trabatur.
318 5171 386 5228 llioc
400 5181 442 5228 est
457 5173 539 5237 enim,
557 5171 629 5244 quod
648 5185 697 5241 per
711 5170 884 5240 semetipsam
905 5170 957 5226 Va-
1005 5173 1193 5244 iustoiudicio
1206 5175 1270 5239 liei,
1283 5174 1409 5243 quoniam
1420 5173 1498 5242 iuxta
1509 5169 1679 5225 Psalmistam
1692 5185 1700 5222 ε
1714 5188 1723 5221 r
1740 5167 1799 5222 lion

167 5265 235 5318 ritas
255 5263 339 5320 dicit:
355 5283 364 5315 r
382 5263 466 5318 Nemo
489 5271 578 5333 potest
590 5262 694 5318 seruire
716 5262 820 5318 duobus
841 5259 957 5316 dominis
1009 5271 1050 5316 est
1069 5264 1139 5317 boos
1154 5263 1180 5315 iu
1197 5268 1342 5330 conspectu
1359 5257 1428 5326 ejus.
1444 5258 1603 5314 Palluuntur
1623 5257 1671 5311 rire
1690 5254 1748 5324 ejus
1772 5256 1798 5311 in

164 5354 274 5418 (Herilli.
288 5355 334 5426 rr).
353 5353 554 5410 alliuePaulus
568 5354 606 5407 ait
622 5373 629 5407 ι
648 5352 756 5408 «Nemo
768 5352 887 5407 militans
901 5351 957 5407 lieo
1008 5350 1081 5405 omui
1104 5358 1244 5418 tempore:
1260 5345 1419 5401 auferuntur
1433 5345 1536 5415 iudicia
1556 5344 1603 5399 liei
1623 5358 1639 5398 a
1658 5343 1726 5399 iacie
1742 5342 1799 5411 eius

164 5443 286 5515 implicat
300 5460 329 5500 sc
341 5445 456 5516 negotiis
467 5445 642 5500 saecularibus
655 5459 663 5498 :
677 5453 705 5499 ut
718 5445 743 5500 ei
754 5444 858 5514 placcat
869 5443 912 5499 cui
926 5458 957 5501 se
1009 5440 1098 5514 (Paul.
1115 5443 1164 5514 rs).
1184 5463 1193 5493 ι

163 5536 290 5608 probarit
301 5534 342 5607 (ll
359 5535 426 5590 Tim.
441 5534 482 5606 ιι).
498 5553 507 5585 r
1042 5532 1102 5585 lod.
1125 5551 1134 5582 r
1153 5529 1260 5585 Hortum
1281 5543 1356 5584 suam
1376 5530 1452 5588 misit
1465 5529 1551 5585 bostis
1569 5531 1604 5584 ad
1623 5528 1713 5584 omnia
1728 5528 1797 5583 desi-

202 5622 281 5679 Hetlr.
304 5644 313 5675 r
330 5623 474 5680 Peccatum
486 5623 608 5694 peccarit
618 5623 796 5689 Hierusalem,
810 5633 954 5694 propterea
973 5666 980 5680 ,
1009 5647 1020 5674 ‹
1037 5623 1165 5679 derabilia
1178 5622 1237 5693 ejus
1250 5639 1257 5676 r
1269 5621 1332 5691 quia
1343 5620 1410 5675 uidit
1421 5630 1515 5690 gentes
1527 5621 1663 5691 ingressas
1674 5633 1732 5674 sent
1742 5626 1797 5671 toa-

168 5734 177 5766 i
200 5714 333 5771 instabilis
344 5712 415 5768 lacta
432 5721 482 5770 est.
504 5712 604 5771 Omnes
629 5715 675 5785 qui
695 5713 880 5785 glorillcabaut
893 5729 953 5770 earn
1010 5732 1019 5763 r
1038 5713 1107 5768 rium
1121 5728 1209 5775 sutrin,
1222 5712 1255 5767 de
1266 5711 1362 5781 quibus
1379 5726 1548 5781 praeceperas
1565 5726 1598 5767 ne
1617 5712 1749 5767 intrarent
1772 5707 1797 5760 iu
