4042 6200
175 380 242 440 ttbt
436 378 710 437 BNARRATIONUM
726 380 760 437 lrt
774 381 851 437 EPP.
871 382 974 439 stubs
992 384 1056 440 tm
1077 386 1122 442 ih.
1138 417 1173 430 ·-
1190 389 1225 445 th·
1243 390 1353 448 suist.
1373 392 1420 449 ΑΙ)
1438 392 1522 452 hobi.
1730 400 1800 459 ttttt

174 499 218 554 bis
237 496 285 570 qui
298 496 419 553 usndnrr
431 496 606 554 dimemsriut
619 512 636 552 n
649 506 760 569 morsm
773 497 828 553 dici
841 499 959 563 vitietur,
974 502 1225 561 nannenten
1240 508 1302 562 num
1322 517 1443 578 opertum
1460 509 1535 566 Pauli
1549 512 1731 582 sententium,
1746 531 1801 586 que

174 605 210 647 ne
224 596 400 662 penuuueeut
413 589 441 643 in
452 602 496 653 eo,
510 589 536 643 iu
547 601 601 659 quo
610 601 671 644 esse
683 589 774 644 edbuo
786 587 961 653 vidsbautm3
1014 594 1096 661 dicit,
1105 596 1148 651 cui
1160 611 1209 652 ros
1219 596 1353 653 exhibetis
1371 615 1465 656 servos
1477 602 1512 656 sd
1526 602 1717 674 obediendum,
1726 606 1800 666 servi

175 681 221 738 iric
233 694 299 736 vero
317 688 446 749 tunquam
460 679 494 733 sb
507 679 549 733 bis
562 679 608 749 qni
624 679 680 749 jum
690 679 863 734 ‹bscesserint
876 693 963 750 spec·
1011 684 1078 739 extis
1088 685 1132 740 oui
1144 685 1284 752 obedistis,
1298 688 1356 743 sivo
1366 690 1480 757 moesti,
1496 691 1553 746 sive
1561 692 1685 761 justitie.

174 777 245 836 ceto,
257 768 318 826 beri
332 767 851 839 mteurinnrmgsrinetibi,utquusi
864 767 962 839 gretia,
1046 773 1153 830 Gratias
1174 786 1261 830 nutem
1281 777 1348 842 beo,
1360 780 1430 849 quod
1448 796 1508 834 error
1519 782 1634 851 iubenis
1653 786 1720 839 terri
1741 801 1801 855 pee-

174 879 236 934 qum
252 861 370 918 mutuo
384 870 454 926 erut,
475 860 641 928 ubuuduret;
658 862 704 918 bic
721 872 811 919 sutem
835 873 962 933 tannsm
1011 866 1075 928 eud,
1094 866 1218 920 obedieris
1230 883 1263 920 ee
1275 868 1354 921 eorde
1363 868 1394 922 irr
1406 885 1464 924 eom
1477 870 1591 940 (ermom
1604 872 1746 940 doctrine,
1771 877 1800 932 ire

173 959 309 1025 prasente
325 950 383 1021 iem
394 952 480 1022 grstia
501 951 574 1013 dicit,
588 952 651 1021 quis
669 952 962 1024 contemnentibus,
1011 958 1165 1028 pereruditi
1174 960 1244 1013 entis.
1253 957 1390 1013 Credentes
1398 971 1484 1016 numm
1496 964 1524 1016 in
1532 962 1748 1028 dirimentem
1758 966 1772 1035 s
1785 994 1801 1008 ·

174 1043 221 1099 red
232 1043 281 1098 reb
300 1043 396 1113 gretie.
412 1041 525 1096 Nescitis
542 1043 605 1113 prtia
619 1044 662 1096 cui
674 1044 799 1099 exhibetis
818 1059 861 1100 rot
875 1061 963 1100 serron
1012 1049 1047 1102 rvi
1060 1064 1150 1102 snmus
1159 1048 1281 1119 justitie.
1294 1049 1411 1121 (hmbr.)
1420 1051 1484 1120 Ejus
1496 1054 1569 1108 enim
1588 1055 1661 1109 servi
1670 1055 1797 1120 dicimur,

175 1134 211 1188 ed
224 1132 411 1198 obediendum,
423 1132 489 1188 serti
507 1134 568 1187 estis
586 1134 831 1203 cirsterciensis,
843 1138 962 1197 tieem
1011 1139 1054 1194 cui
1071 1139 1264 1194 obedimusiit
1276 1139 1450 1210 quinjnsturn
1464 1144 1627 1199 estubcdhs
1639 1143 1801 1216 Christoiet

174 1223 228 1279 ceti
241 1223 270 1277 in
282 1231 401 1288 nonen,
417 1222 470 1278 sice
481 1222 634 1278 obeditionis
647 1226 682 1278 sd
694 1225 826 1296 justitium
836 1229 848 1280 i
858 1226 961 1298 (hmb.)
1012 1230 1070 1299 ipso
1082 1229 1152 1284 enirn
1165 1227 1269 1300 justitio
1283 1239 1335 1295 est,
1350 1238 1378 1285 ct
1390 1246 1451 1300 qum
1472 1225 1608 1302 precipit,
1620 1233 1694 1304 justu
1712 1234 1797 1305 suut),

175 1312 253 1370 Nunc
275 1327 311 1368 ue
327 1312 579 1383 sliudprosstentes,
602 1315 676 1372 eliud
697 1316 880 1384 tuoumueu
899 1333 961 1374 curu
1011 1317 1113 1374 idcirco
1135 1319 1202 1374 dicit
1223 1334 1317 1375 seruos
1338 1334 1389 1375 nos
1408 1318 1493 1375 iactos
1509 1321 1622 1390 justitie
1645 1338 1679 1376 ex
1702 1325 1798 1388 corde,

174 1404 247 1461 servi
268 1403 318 1460 liei
330 1403 456 1469 dicimur,
472 1405 557 1474 gestis
574 1406 644 1460 servi
662 1407 760 1462 diaboli
776 1407 960 1474 inveniamur,
1011 1424 1064 1463 nou
1077 1425 1111 1465 er
1124 1409 1801 1482 iegc3exvoluntute‚uonextimure,utpruiessio

173 1502 323 1568 premonet
342 1504 370 1550 et
393 1495 533 1551 denuntiet
544 1495 602 1564 eius
617 1511 665 1552 nos
680 1511 773 1553 servos
790 1511 860 1564 esse,
885 1496 961 1566 cuius
1011 1508 1104 1553 xronru
1115 1500 1196 1554 uninri
1206 1499 1307 1568 indicio
1317 1510 1464 1571 prometur.
1476 1501 1528 1557 Per
1536 1510 1661 1556 usturam
1674 1504 1747 1557 enirn
1759 1504 1801 1557 in·

173 1594 202 1643 st
214 1585 381 1642 voluntstem
395 1587 534 1656 explemus
546 1589 681 1658 operibus,
695 1597 723 1644 et
736 1601 790 1644 non
803 1605 899 1660 purum
909 1591 961 1646 ob-
1010 1588 1083 1665 ducti
1090 1603 1184 1644 sumus
1194 1587 1229 1643 ud
1237 1588 1325 1655 iidem,
1335 1605 1388 1646 non
1397 1606 1445 1661 per
1454 1591 1551 1661 legem,
1560 1591 1588 1645 in
1596 1601 1649 1661 qus
1659 1592 1801 1647 bnnndo-

172 1691 234 1735 etse
247 1677 332 1733 Deum
345 1677 467 1734 oonbteri
480 1679 632 1744 bominum,
645 1687 674 1735 et
689 1680 793 1736 ustibus
805 1680 911 1736 diabolo
921 1680 961 1736 ia·
1010 1680 1106 1735 ctrinee
1116 1680 1165 1736 Dei
1177 1679 1289 1749 imperio
1299 1680 1363 1737 iacti
1375 1695 1478 1747 sumus,
1487 1683 1801 1753 quibuxitnatursrn.iu

173 1769 271 1827 mutari
287 1786 295 1824 r
309 1784 373 1824 uum
385 1770 435 1824 hoc
448 1769 512 1824 olim
534 1769 606 1825 bem
618 1768 728 1825 denotet
741 1779 769 1825 et
781 1777 899 1834 srmsut,
919 1769 961 1826 di·
1010 1778 1108 1825 ustura
1117 1771 1190 1826 enirn
1205 1771 1345 1839 hebemus,
1355 1780 1387 1828 ut
1397 1787 1590 1844 cognoscamus
1604 1789 1699 1845 aquo,
1714 1783 1801 1844 ειιιει·

172 1874 260 1918 scus:
275 1857 351 1915 Picis
363 1860 420 1914 brec
432 1859 553 1932 [puputnr
566 1859 618 1931 bic]
633 1874 673 1914 ns
688 1859 765 1913 tabiis
783 1861 903 1924 honoret,
915 1876 960 1915 cor
973 1845 999 1915 B
1013 1875 1104 1930 quern,
1118 1871 1146 1915 et
1158 1862 1249 1931 inquo
1260 1877 1353 1918 sumus
1366 1863 1460 1919 sumu.
1477 1863 1575 1918 Forms
1589 1879 1655 1935 ergo
1668 1864 1800 1922 doctrinm

172 1962 260 2010 ιιιιειιι
273 1966 362 2007 eorem
377 1950 452 2022 lonqe
467 1960 505 2006 ret
527 1968 544 2005 u
558 1968 599 2005 ore
612 1950 720 2022 (ilerde
738 1966 783 2016 xv,
799 1949 853 2006 iro.
870 1951 958 2023 xm).
1010 1960 1062 2016 est,
1071 1949 1264 2022 inquodquum
1275 1951 1737 2019 trediditnosCrestorusturniiter.
1746 1955 1800 2012 hoe

173 2043 209 2100 m
228 2043 359 2100 Dominus
380 2044 417 2098 uit
430 2043 456 2097 iu
476 2042 641 2111 Evangelio:
665 2040 750 2095 Nemo
764 2051 847 2112 potest
860 2042 962 2097 drobrn
1010 2049 1064 2106 ost,
1079 2039 1316 2112 suprudixitripei
1326 2041 1376 2097 ciii
1390 2041 1434 2097 ies
1451 2051 1523 2096 mut.
1535 2042 1605 2098 Dum
1615 2043 1708 2099 vident
1719 2056 1800 2100 nutu·

172 2136 285 2191 dominis
297 2137 395 2191 seruire
408 2135 515 2208 (Barth.
529 2137 579 2205 vr).
594 2134 628 2188 Et
650 2133 677 2187 in
696 2132 755 2204 lege
769 2134 870 2189 dietum
890 2142 933 2190 cst
950 2150 959 2189 r
1011 2146 1048 2186 τε
1058 2145 1114 2186 sum
1123 2131 1272 2201 essequod
1284 2131 1628 2203 crodunt,utquodluduris
1642 2134 1683 2190 ier
1696 2143 1724 2190 et
1735 2150 1798 2205 pro·

174 2224 244 2280 bees
259 2242 311 2280 non
323 2226 457 2280 deridetur
471 2223 570 2295 (Gutnt.
586 2223 636 2293 vr).
645 2221 742 2294 (ung.)
757 2222 815 2277 iioc
829 2232 872 2278 est
883 2235 959 2294 crgo,
1008 2220 1099 2291 phere
1111 2223 1292 2292 praedicarunt
1303 2223 1338 2278 dc
1350 2222 1467 2288 Christo,
1483 2225 1534 2281 hoo
1545 2226 1660 2295 geurites
1673 2241 1706 2282 ex
1716 2228 1800 2283 corde

171 2319 244 2390 quod
257 2320 341 2374 inboc
351 2318 410 2373 ioco
416 2316 559 2388 Apostolus
568 2314 728 2385 docet,quia
741 2315 960 2384 uuusquisquein
1009 2311 1161 2379 contusum
1172 2312 1235 2369 bine
1246 2313 1328 2369 reiert
1337 2314 1437 2386 grunius
1448 2314 1572 2383 hominm
1583 2317 1715 2386 quiscum
1724 2333 1800 2374 esse·

171 2423 254 2463 nrunu
269 2423 317 2463 sun
330 2409 421 2472 hebet,
435 2416 463 2462 et
476 2406 502 2461 in
516 2405 619 2460 arbitrii
634 2413 777 2474 potestate,
794 2414 824 2459 ut
839 2412 887 2459 sut
897 2420 961 2476 pce-
1010 2419 1071 2460 mus
1081 2404 1151 2460 servi
1163 2405 1265 2475 peceuti
1282 2405 1460 2472 obedivimus,
1471 2422 1503 2462 ex
1515 2408 1597 2462 corvis
1617 2406 1801 2464 credentesiu

170 2500 225 2557 esti
236 2515 331 2556 servus
340 2500 375 2554 sit
385 2507 431 2553 aut
441 2497 611 2569 institimhd
621 2497 888 2566 qunmuuuqueeuiro
899 2509 960 2568 par·
1008 2493 1156 2560 Christum,
1171 2503 1201 2549 ut
1217 2496 1379 2551 serviremus
1390 2496 1456 2561 beo,
1471 2512 1524 2551 nou
1540 2512 1590 2567 per
1602 2497 1688 2568 legem
1700 2497 1799 2569 bisrysi,

171 2599 227 2646 tem
241 2589 410 2645 inclinaverit
420 2587 611 2652 obedientium,
626 2595 654 2641 et
667 2587 818 2656 cuicunque
830 2588 898 2657 pnrti
911 2602 961 2656 pn·
1009 2587 1057 2642 sed
1066 2600 1116 2656 per
1126 2585 1212 2658 iegcrn
1221 2596 1333 2641 neturus.
1348 2583 1529 2658 (Oripmuod
1540 2587 1611 2642 enirn
1622 2588 1688 2642 dicit
1697 2590 1797 2659 gratiss

171 2693 233 2734 reve
244 2677 370 2741 vetuerit,
381 2677 439 2731 buco
449 2676 502 2731 sibi
513 2690 575 2729 curn
586 2674 705 2730 vindicet
717 2690 835 2730 servum.
851 2676 879 2730 bn
893 2690 959 2745 quo,
1008 2675 1144 2748 Bromia
1154 2677 1241 2746 [sistis
1252 2676 1319 2731 serui
1327 2678 1435 2746 percuti,
1446 2677 1561 2734 osterrdit
1570 2692 1666 2732 omrres
1676 2679 1801 2734 bondnes

170 2769 389 2838 rrtdixi,sbsque
402 2767 454 2821 utta
467 2766 675 2825 eructationem
686 2766 763 2821 uobis
775 2766 960 2822 esscosteudit
1008 2766 1097 2836 primo
1109 2765 1214 2822 servire
1226 2774 1351 2835 peccator
1377 2765 1417 2821 sic
1429 2766 1501 2821 enim
1521 2767 1712 2837 scriptumest,
1733 2768 1798 2837 quis

171 2861 277 2918 arbitrii
299 2860 462 2917 libertatem.
480 2859 509 2914 in
529 2858 609 2913 nobis
634 2871 751 2926 numque
765 2864 809 2911 est
829 2856 959 2910 exhibere
1009 2870 1062 2911 non
1075 2854 1215 2924 estiustus
1236 2871 1317 2927 super
1330 2864 1447 2921 terrnm,
1465 2857 1511 2927 qni
1537 2855 1618 2912 incius
1640 2857 1750 2921 bunum,
1769 2866 1800 2913 et

168 2953 351 3013 obedientiam
370 2959 501 3016 nostram,
522 2950 565 3004 vet
584 2948 732 3019 justitiam,
755 2945 797 3000 vel
818 2954 959 3014 peontum
1008 2961 1062 3001 nou
1076 2946 1239 3016 peccaverit.
1255 2946 1347 3001 Primo
1360 2947 1433 3001 euim
1447 2955 1611 3002 uecesseest
1625 2947 1652 3001 in
1667 2946 1739 3002 omui
1751 2947 1797 3002 ho·

170 3046 227 3123 [rei
236 3044 361 3120 justitiet,
374 3043 416 3100 rei
430 3039 564 3115 peccstol.
581 3039 666 3094 Nemo
678 3049 768 3092 nutem
786 3044 876 3108 potest
893 3035 959 3091 duo·
1008 3037 1083 3092 mine
1095 3034 1159 3090 iiiud
1172 3035 1311 3108 compleri,
1324 3038 1398 3107 quod
1410 3036 1539 3107 scripturn
1552 3045 1603 3101 est,
1616 3038 1661 3091 sed
1675 3037 1797 3094 obiverit

169 3142 222 3198 bus
233 3139 314 3196 nurui
326 3137 442 3193 dominis
455 3134 567 3200 servire,
590 3140 700 3203 peceato
714 3138 740 3185 ct
759 3127 881 3197 iustitie.
905 3128 959 3182 but
1008 3131 1172 3195 mandnurn,
1185 3140 1317 3202 psccmnn
1330 3131 1431 3187 reeicit.
1441 3130 1497 3186 iioc
1507 3142 1571 3187 vcro
1581 3131 1654 3201 quod
1663 3131 1798 3201 sequitur,

168 3234 337 3290 enimunum
347 3228 411 3285 odio
422 3227 541 3290 babebit,
553 3232 693 3296 peccatum
707 3222 821 3287 scilicet,
837 3231 864 3277 et
875 3220 957 3275 abunt
971 3201 994 3263 C
1009 3222 1155 3296 sdpnuccs
1174 3220 1250 3287 dicit,
1272 3231 1301 3278 et
1323 3222 1429 3292 eosqui
1444 3222 1500 3292 jum
1514 3222 1703 3286 emendentur,
1725 3221 1798 3290 qrmd

169 3318 523 3389 umsbit,idcst,iustitiom;
535 3325 672 3371 autunum
683 3314 957 3382 partemnpecmmm
1009 3312 1096 3369 dicit:
1112 3310 1219 3367 Gentius
1230 3321 1317 3367 aurern
1337 3312 1404 3375 beo,
1423 3313 1485 3384 peis
1500 3310 1586 3381 [sistis
1606 3313 1672 3367 remi
1687 3312 1797 3382 percuti,

169 3414 311 3474 desumat,
322 3408 436 3465 eteiinm
443 3406 614 3469 condemnet,
623 3404 649 3458 id
656 3400 855 3470 escjusinam.
865 3400 958 3456 Sirniie
1009 3404 1132 3460 obedistis
1144 3413 1233 3458 enters
1245 3419 1278 3458 es
1287 3403 1365 3459 corde
1378 3404 1407 3458 iu
1417 3419 1475 3458 enm
1490 3403 1601 3470 ismeone
1613 3403 1750 3465 doctrine,
1770 3402 1798 3457 in

168 3500 412 3574 ergoust,ctquod
419 3498 488 3554 dixit
500 3496 658 3567 Apostolus:
671 3493 745 3550 Serri
758 3496 819 3547 estis
837 3493 896 3563 ejus
915 3493 959 3546 cei
1008 3511 1089 3566 quern
1102 3494 1192 3548 traditi
1204 3495 1274 3549 cetis.
1291 3493 1446 3564 Surriergu
1463 3492 1563 3549 mimus
1575 3509 1670 3551 omncs
1684 3492 1798 3563 percuti,

168 3583 958 3661 obsdinir,rioepeecsti,sioejvstitie;scdctomcirqsifocit
1009 3588 1058 3643 sed
1077 3586 1123 3641 ubi
1147 3587 1245 3641 traditu
1265 3595 1307 3643 est
1327 3586 1404 3641 nobis
1416 3585 1501 3641 iorum
1523 3585 1663 3650 doctrinm,
1673 3594 1701 3640 et
1723 3584 1796 3647 huic,

169 3674 656 3755 petentummerverertperendinari.
664 3677 734 3745 vrrr).
742 3675 782 3729 hd
791 3678 841 3731 boc
849 3673 960 3745 respicit
1010 3694 1063 3734 non
1076 3686 1227 3747 uteunque,
1251 3676 1414 3747 nequesobs
1433 3676 1593 3739 vertisses
1607 3675 1743 3740 excorde,
1763 3689 1799 3730 ex

169 3778 296 3847 quumvis
305 3790 357 3830 non
369 3774 512 3843 urhecerit,
525 3780 553 3826 et
560 3773 649 3826 omnis
659 3771 705 3839 qui
715 3768 957 3839 teceritjmnttam,
1009 3768 1111 3832 animo,
1132 3782 1165 3822 ex
1182 3774 1236 3821 totu
1251 3765 1392 3821 devotione
1405 3765 1535 3834 elegimus
1559 3764 1677 3828 sirmiire,
1696 3762 1798 3819 liburn-

170 3883 266 3925 sernrs
279 3874 321 3923 est
327 3866 449 3937 justitie.
462 3865 540 3932 Quod
549 3863 673 3917 iortsssis
686 3869 761 3931 putet
773 3860 842 3915 eiius
857 3859 959 3915 ideirco
1010 3872 1073 3911 mur
1089 3872 1104 3910 n
1123 3855 1254 3911 servitute
1271 3853 1386 3924 peccati,
1404 3861 1432 3907 et
1443 3851 1573 3908 eiiieimur
1593 3851 1662 3906 servi
1673 3851 1797 3919 justitie.

169 3961 357 4025 subrelictum,
372 3966 403 4014 ut
413 3958 490 4029 quusi
506 3970 540 4013 cx
554 3953 783 4024 consequentibus
797 3953 894 4008 debent
915 3952 958 4006 in·
1010 3945 1087 4014 uuor
1103 3954 1194 4000 urbem
1208 3943 1286 4008 dixit,
1298 3943 1409 4013 istim
1422 3943 1559 4006 ‘initium
1573 3942 1600 3996 5²1
1611 3958 1691 4012 imm
1706 3942 1799 4001 “idm

100 4050 104 4061 '
172 4052 266 4124 telligi.
289 4051 354 4106 biibi
373 4059 461 4104 tumen
480 4047 589 4102 ridetur
601 4044 725 4100 consulto
741 4056 794 4097 non
812 4042 958 4097 additum:
1010 4039 1083 4105 estis,
1095 4036 1286 4107 requirentium
1301 4044 1367 4107 puto
1392 4035 1526 4105 quomodo
1538 4035 1724 4105 unusquisqne
1742 4045 1798 4091 tru-

171 4144 345 4214 nequeenim
360 4138 537 4197 conveniebat
560 4139 622 4204 dici,
637 4138 702 4208 quis
720 4137 810 4191 omnis
828 4136 873 4206 qni
895 4134 960 4190 iacit
1011 4134 1091 4190 dutus
1111 4149 1119 4185 :
1144 4128 1295 4186 invenimus
1318 4141 1435 4196 numque
1452 4126 1513 4196 quta
1529 4140 1585 4191 eos,
1600 4126 1647 4195 qui
1667 4142 1720 4180 nrm
1736 4141 1800 4196 pro·

169 4231 312 4303 iustitium,
331 4244 425 4285 seruus
437 4238 479 4283 est
492 4228 614 4298 justitiae.
633 4227 700 4281 Num
715 4233 743 4280 et
758 4224 829 4280 Deus
843 4225 901 4295 ipse
920 4223 961 4278 is·
1010 4227 1077 4281 hunt
1087 4224 1170 4279 burm
1184 4222 1284 4278 babere
1294 4222 1322 4277 in
1333 4218 1565 4284 notidurmtrudst
1576 4218 1646 4273 Deus
1657 4219 1800 4275 escendunt
1916 4254 1921 4263 ·

170 4325 210 4379 eit
220 4320 364 4392 justitium,
382 4329 409 4375 et
422 4334 475 4374 non
495 4318 596 4373 idcirco
609 4331 703 4371 servus
715 4314 828 4385 justitiis
838 4314 890 4369 dici
913 4328 961 4383 po·
1010 4315 1140 4371 desiderio
1156 4313 1243 4368 cordis
1253 4328 1343 4366 eornm
1357 4311 1385 4364 in
1402 4309 1605 4373 immunditiam,
1626 4317 1655 4362 ut
1668 4317 1800 4363 concurse-

172 4423 236 4481 test,
251 4412 419 4481 sedlustitire
432 4410 571 4465 Dominus.
592 4407 650 4464 Non
664 4422 728 4477 ergo
750 4406 785 4459 ita
798 4406 898 4470 omnis,
914 4405 961 4475 qui
1011 4407 1054 4462 iiis
1075 4406 1188 4476 afficient
1208 4417 1319 4472 corpore
1339 4417 1388 4455 run
1401 4399 1430 4453 ist
1452 4398 1594 4468 semetipsis
1607 4397 1697 4469 (burn.
1717 4396 1750 4469 r),
1771 4405 1800 4454 et

171 4508 238 4565 iacit
248 4507 393 4577 justitiam,
409 4519 504 4559 servus
517 4510 559 4556 est
572 4498 695 4571 justitiae,
708 4508 738 4553 ut
749 4497 839 4552 omnis
859 4496 905 4566 qui
920 4495 961 4550 ia·
1012 4497 1080 4553 nlius
1090 4494 1137 4566 qui
1149 4500 1385 4549 commutaverunt
1396 4488 1507 4561 giorinrn
1519 4487 1798 4559 incorruptibilisbei,

170 4600 211 4657 cit
224 4605 375 4669 peccatum,
387 4606 480 4651 servus
494 4601 536 4648 est
553 4591 665 4662 peccati.
680 4588 746 4643 Nutu
758 4598 786 4642 et
798 4592 856 4657 ipse
869 4587 960 4641 dinbo·
975 4560 999 4620 Ῑ)
1014 4588 1103 4643 tradet
1126 4585 1153 4640 in
1168 4582 1308 4654 passiones
1330 4579 1495 4652 ignominie,
1520 4578 1667 4648 dequibus
1686 4578 1712 4632 in
1734 4578 1801 4635 locis

171 4692 215 4748 ius
226 4691 286 4746 sine
298 4688 379 4747 dubio
389 4685 493 4759 peccari
511 4671 606 4739 servus
618 4689 669 4747 est,
683 4682 781 4751 qnippe
797 4679 844 4750 qui
858 4679 956 4734 uiscus
1011 4680 1080 4745 suis,
1091 4685 1172 4748 prout
1192 4674 1339 4745 potuimus,
1354 4672 1480 4729 diximus.
1498 4671 1534 4726 Et
1546 4670 1596 4727 hos
1607 4685 1672 4741 crgo
1690 4670 1736 4741 qui
1755 4685 1799 4725 se·

171 4783 209 4839 sit
222 4797 238 4837 n
249 4782 378 4837 servitute
386 4778 508 4850 justitie,
529 4784 556 4830 et
569 4776 596 4830 in
609 4782 754 4843 conspectu
775 4770 882 4827 bomini
898 4784 958 4823 om-
1012 4772 1142 4841 metipsos
1160 4767 1288 4824 exhibent
1309 4778 1401 4821 servos
1411 4762 1523 4835 justitie
1543 4761 1798 4831 perobedientism,
1912 4762 1917 4773 '

172 4871 320 4944 nipotentis
339 4868 489 4933 rebetisvit,
511 4874 653 4936 immitet
678 4861 812 4935 [propter]
835 4860 907 4930 quod
931 4867 958 4914 et
1013 4866 1085 4920 licus
1100 4859 1219 4925 tradidit,
1235 4867 1265 4913 ut
1279 4856 1464 4919 instituentur,
1479 4861 1508 4907 et
1528 4853 1683 4908 imbuantur
1703 4865 1798 4907 secuu-

172 4972 294 5036 apostata
307 4960 455 5031 appellatus
468 4964 519 5011 est.
536 4955 719 5022 Constmergo
731 4967 765 5005 ex
775 4950 817 5005 bis
829 4948 961 5005 sermoni·
1008 4954 1074 5010 dum
1089 4952 1203 5008 formum
1215 4944 1472 5017 doctriuaejustiticc.
1488 4941 1577 4997 biovct
1589 4957 1632 4996 me
1644 4940 1726 4995 otium
1736 4939 1797 5005 hoe,

171 5057 223 5111 bus
235 5053 308 5109 Pauli
324 5051 421 5120 quibus
437 5047 513 5110 dicit,
525 5045 589 5115 qnia
601 5044 645 5097 uui
662 5057 710 5096 ros
720 5041 855 5097 exhibetis
867 5056 960 5095 servos
1009 5044 1081 5116 quod
1093 5056 1146 5097 nou
1161 5040 1238 5104 dixit,
1250 5036 1379 5093 obedistis
1387 5049 1422 5089 ει
1431 5031 1513 5089 corde
1521 5030 1659 5091 docuisse,
1678 5029 1703 5082 in
1714 5042 1798 5100 quum

171 5147 207 5201 sd
217 5142 408 5207 obediendum,
418 5140 489 5195 servi
499 5137 565 5193 estis
576 5135 620 5191 cui
631 5133 772 5196 obedistis,
780 5133 837 5188 site
845 5132 958 5202 beowii,
1009 5135 1101 5192 traditi
1114 5133 1191 5197 estis,
1206 5132 1253 5186 scd
1268 5130 1383 5185 formum
1394 5125 1522 5182 doctrinm
1540 5121 1641 5193 posuit.
1656 5118 1711 5174 Neu
1733 5126 1799 5189 pnto

171 5237 230 5291 sive
248 5233 379 5302 justitie,
413 5230 477 5299 quin
507 5234 602 5297 sponte
633 5229 724 5278 nostra
755 5223 805 5293 ipsi
834 5239 883 5279 nos
912 5239 959 5278 ex·
1010 5225 1083 5296 qnod
1102 5238 1184 5278 unum
1208 5235 1268 5275 esse
1287 5217 1402 5273 senserit
1426 5212 1569 5285 Apostolus
1594 5210 1745 5267 doctrinam
1771 5217 1798 5263 et

171 5325 306 5387 bibemus,
322 5322 396 5378 notio
424 5327 548 5391 cogente,
573 5315 616 5370 vui
639 5324 752 5385 peccato
777 5315 898 5379 servire,
916 5315 959 5370 vei
1011 5315 1126 5371 formum
1139 5310 1291 5366 doctrinm:
1310 5306 1357 5363 sed
1376 5304 1443 5360 mibi
1461 5303 1568 5358 videtur
1589 5302 1661 5370 qnod
1681 5299 1798 5355 iorrusm

168 5416 281 5487 justitie}
304 5411 544 5485 perobedientirrm
568 5416 709 5473 nostrerum
730 5412 759 5461 et
779 5405 839 5460 ideo
863 5407 958 5461 borum
1011 5403 1141 5459 doctrinm
1165 5399 1255 5453 minus
1274 5410 1335 5452 esse
1353 5394 1457 5459 scierit,
1486 5407 1567 5462 quum
1588 5390 1674 5460 ipsum
1696 5387 1798 5444 ductri-

170 5522 279 5579 seruper
293 5505 447 5561 meminisse
468 5502 607 5563 debemus,
620 5514 655 5554 ue
681 5498 775 5553 insues
792 5497 916 5567 quereias
931 5498 959 5554 iu
1012 5510 1084 5559 rrum,
1099 5501 1127 5548 et
1144 5506 1216 5545 nunc
1227 5488 1336 5558 qrridem
1348 5486 1375 5541 in
1390 5483 1515 5554 praeseuti
1535 5482 1602 5548 vitu,
1620 5482 1684 5537 dum
1698 5481 1726 5535 in
1738 5494 1801 5535 cor·

171 5602 275 5678 peccati
299 5601 473 5656 excusatione
494 5593 739 5670 {excusationem}
765 5593 955 5664 proferemus,
1010 5599 1077 5655 pore
1094 5595 1197 5645 sumus,
1224 5587 1253 5634 et
1275 5582 1404 5649 aggravat
1423 5584 1560 5629 terrenum
1582 5574 1633 5627 buc
1658 5572 1799 5628 habituru-

170 5693 235 5765 quiu
248 5691 372 5748 mumius
394 5689 467 5750 iecit,
491 5698 520 5742 ut
534 5695 692 5755 peccatores
714 5682 894 5755 [peccaretur]
912 5692 958 5736 aut
1011 5678 1066 5732 turn
1083 5688 1193 5730 sensnm
1222 5671 1306 5727 muits
1324 5668 1488 5739 cogitantem
1514 5666 1591 5737 (Sep.
1614 5666 1668 5736 tx),
1684 5664 1799 5721 iorrunru

172 5794 276 5840 nuturae
290 5783 445 5847 necessitas,
471 5787 517 5833 aut
540 5777 630 5833 intulis
650 5774 779 5840 conditio,
794 5783 841 5829 out
862 5788 958 5829 cursus
1010 5767 1139 5825 dochino
1158 5763 1296 5828 babemus,
1309 5759 1632 5831 uonipsnrudoctrinum.
1645 5755 1798 5813 sicutidcrn
