4042 6200
206 255 259 314 stt
524 251 556 307 B.
576 249 702 308 Rlllile
723 248 832 307 batim
851 246 1012 305 ancilliae.
1032 245 1187 305 botuns.
1207 247 1351 305 bennun
1368 248 1459 305 enus
1479 249 1522 305 ΙΙΙ.
1793 253 1846 309 titt

206 368 278 429 culn.
295 366 396 423 idcireo
411 365 557 422 traduntur
576 367 604 421 in
626 366 803 436 ignominiam
825 364 993 436 passionum,
1011 365 1034 424 Α
1048 360 1085 417 ιὶε
1093 373 1204 435 propter
1213 363 1505 438 cicrnentiamjudicis,
1517 373 1545 421 et
1555 381 1608 421 non
1620 377 1732 438 propter
1747 371 1847 428 merita

205 469 236 515 ut
250 459 354 515 iaciant
365 473 424 528 quae
438 473 491 513 nou
505 458 677 513 conveniunt
1048 451 1274 523 delinquentium.

245 569 255 604 r
276 550 364 622 Super
386 565 440 620 quo
452 550 586 621 propitius
606 548 655 603 tibi
676 563 737 604 esse
751 549 866 619 potero?
880 547 940 603 Filii
961 548 998 603 tui
1088 563 1098 599 r
1121 544 1293 619 Negaverunt
1303 547 1458 615 Dominum,
1470 556 1498 603 et
1507 547 1651 604 dixerunt:
1663 548 1722 604 Non
1732 559 1774 606 eet
1785 549 1848 623 ipse

208 661 219 697 r
242 642 447 712 dereliquerunt
469 657 529 706 mc,
546 649 573 696 et
587 642 682 712 jurant
700 640 727 695 in
744 640 786 695 iris
803 641 916 711 quinon
935 649 999 696 suut
1053 655 1063 688 r
1086 635 1149 709 (sior
1164 653 1217 694 non
1232 647 1296 695 srrnt
1309 638 1393 711 bacci,
1407 654 1495 710 neque
1514 640 1605 695 reniet
1621 655 1770 711 supernos
1785 658 1847 696 ma·

209 754 221 790 i
243 736 289 792 dii.
305 734 431 791 sniumei
444 749 492 791 ens
506 743 534 789 at
544 733 671 789 moectinti
685 741 757 796 sunt,
772 743 800 789 er
812 734 840 789 in
851 734 929 789 donin
942 749 1000 789 nie-
1052 728 1140 783 ilum
1154 748 1161 782 ε
1174 728 1293 801 gladium
1308 739 1336 785 et
1348 729 1448 786 laniem
1463 746 1516 786 non
1528 730 1691 787 ridebimus.
1703 730 1850 803 Propbete

210 846 220 879 r
241 827 351 883 retr-icis
365 825 583 882 luxuriabantur.
599 825 666 895 Equi
679 834 814 881 amatores
828 826 855 881 in
872 824 998 890 laurinus,
1053 837 1063 871 t
1086 819 1196 876 luerunt
1214 824 1241 880 in
1258 832 1368 879 venturu
1383 824 1476 889 locuti,
1489 832 1516 879 ct
1529 840 1690 895 responsum
1706 825 1771 896 (siue
1786 840 1849 880 ser-

210 940 220 972 r
241 929 268 975 et
283 917 416 976 emissarii
431 916 495 971 lacti
513 927 578 972 sunt
591 918 667 972 initii.
683 916 871 988 Unusquisque
886 917 920 971 ad
933 930 998 970 uxo·
1052 932 1062 966 s
1084 916 1140 988 mo)
1162 930 1216 972 non
1239 916 1291 973 luit
1309 917 1337 972 in
1358 916 1418 972 eis:
1435 917 1495 972 bac
1515 931 1582 986 ergo
1602 916 1730 972 evenient
1751 915 1817 971 illis.
1836 935 1847 968 s

208 1029 219 1063 i
243 1025 300 1065 rem
311 1008 427 1080 proximi
441 1009 483 1064 sni
497 1008 646 1064 binniebat.
657 1007 783 1078 Nunquirl
798 1023 879 1079 super
890 1008 934 1063 liis
945 1023 998 1062 nnn
1049 1005 1117 1075 eria
1132 1016 1300 1078 negaverunt
1310 1007 1413 1074 Mum,
1428 1008 1486 1065 sive
1503 1007 1611 1064 mentiti
1631 1015 1695 1062 suut
1720 1007 1849 1070 bonvino,

210 1121 220 1155 r
241 1103 369 1166 visitabo,
384 1100 451 1157 dicit
464 1101 611 1164 Dominus,
626 1109 654 1156 ct
665 1101 692 1157 in
705 1109 785 1172 gente
801 1101 845 1155 tali
860 1117 912 1154 nnn
931 1100 999 1157 ulci-
1049 1106 1077 1152 et
1091 1098 1229 1164 dixerunt,
1242 1096 1301 1156 Non
1316 1106 1359 1155 est
1373 1099 1431 1172 ipse
1446 1095 1524 1168 errius
1533 1096 1638 1170 judicio
1652 1096 1720 1153 irent
1733 1097 1848 1161 omnia,

209 1212 218 1245 r
241 1192 432 1249 secturanima
444 1191 521 1246 mea?
537 1211 545 1239 v
564 1192 701 1266 κατάλογος
714 1199 887 1262 peecatorum
900 1191 998 1246 llieru·
1049 1193 1097 1248 scd
1108 1190 1220 1249 fortuito
1236 1193 1402 1250 aaronita
1424 1192 1599 1250 acciderant:
1612 1206 1700 1262 neque
1719 1191 1851 1246 evenient
1955 1187 1961 1198 '

206 1285 312 1341 salem:
329 1283 392 1338 diurn
408 1282 474 1338 dicit
484 1297 513 1337 se
526 1282 652 1354 ignorare
663 1282 735 1337 Deus
758 1298 811 1352 qna
832 1282 919 1353 possit
939 1282 999 1353 eius
1049 1299 1110 1355 qua.
1122 1284 1200 1340 nobis
1216 1284 1411 1355 prophetarum
1427 1299 1510 1341 voces
1525 1285 1680 1352 minantur,
1698 1298 1749 1340 nec
1769 1284 1851 1339 vide·

206 1378 350 1435 occasione
375 1376 519 1432 misereri:
538 1394 548 1428 i
568 1375 645 1442 Filii,
666 1374 770 1447 inquit,
790 1376 827 1429 tui
848 1375 1000 1445 derellqoe-
1049 1373 1140 1430 bimus
1152 1375 1281 1447 gladium,
1294 1390 1345 1431 nec
1357 1374 1457 1431 inanem
1471 1375 1666 1432 sustinebimus
1676 1374 1850 1432 obsidionis:

207 1475 271 1523 riint
282 1483 335 1524 ure.
358 1487 367 1519 r
385 1466 561 1538 Nequaquam
574 1465 641 1532 mei,
659 1465 706 1520 sed
720 1465 774 1530 tui,
788 1464 851 1536 quia
863 1465 957 1536 jrrrant
971 1465 998 1519 in
1050 1473 1079 1521 ct
1090 1464 1221 1537 quidquid
1237 1466 1321 1522 locuti
1341 1476 1408 1524 sunt
1427 1467 1582 1537 prophete,
1597 1466 1625 1522 in
1640 1475 1749 1522 emitum
1764 1466 1850 1521 locuti

207 1558 498 1630 irisquinonsuutdii.
513 1576 522 1609 v
538 1555 996 1612 Saturavieosctmmcbatisunt.i
1051 1566 1129 1625 sunt,
1143 1567 1171 1615 et
1192 1558 1273 1614 irrita
1296 1558 1387 1614 omnia
1412 1559 1595 1625 transierunt,
1621 1573 1672 1615 nec
1692 1559 1853 1614 babuerunt

206 1652 327 1707 tertiam
340 1652 401 1715 boc,
418 1651 463 1721 qni
477 1649 622 1719 acceptisa
635 1647 749 1702 bomirro
759 1647 861 1703 divitiis
870 1646 1000 1701 incuban·
1051 1664 1224 1722 responsum,
1235 1650 1288 1707 boe
1300 1659 1353 1716 est,
1373 1650 1530 1718 oraculum,
1544 1651 1602 1707 sive
1619 1666 1710 1708 sermo
1727 1650 1777 1705 lici
1791 1666 1850 1705 non

208 1754 250 1798 tes
265 1740 380 1797 luxirriac
405 1741 538 1797 serviunt.
559 1758 568 1791 r
586 1739 654 1809 liqui
678 1748 814 1794 arrratores
838 1738 864 1792 in
885 1736 1001 1793 feminas
1016 1722 1039 1783 Β
1054 1736 1106 1794 luit
1118 1739 1146 1794 iu
1158 1740 1220 1795 eis:
1236 1740 1554 1813 iduo'sustinebuntquae
1569 1754 1686 1811 sequens
1699 1755 1793 1796 sermo
1803 1740 1853 1795 de-

207 1833 272 1890 iecti
289 1842 362 1889 sum.
380 1853 389 1886 r
404 1833 457 1890 Pro
471 1835 616 1889 emissariis
631 1835 657 1889 in
670 1833 804 1890 liebraico
817 1835 947 1904 scriptum
960 1841 1002 1889 est
1052 1830 1156 1885 scribit.
1170 1830 1271 1887 Audiat
1285 1831 1336 1890 boe
1353 1832 1478 1889 Ecclesia
1491 1832 1647 1905 negligens,
1663 1841 1692 1888 et
1706 1832 1855 1903 providen-

208 1932 324 1991 ntztm,
341 1925 413 1995 quod
428 1939 524 1981 omnes
540 1940 606 1981 voce
622 1941 740 1981 consona
757 1925 865 1987 ὓεοντις
880 1933 1000 1980 tmustu·
1053 1921 1120 1977 tiam
1135 1922 1182 1978 bei
1199 1922 1333 1989 volutans,
1345 1923 1418 1994 qnod
1431 1932 1458 1979 et
1472 1923 1592 1995 gladium
1608 1932 1636 1979 rt
1652 1922 1751 1979 laniem
1770 1923 1855 1979 susti·

209 2013 314 2078 lerunt,
331 2014 358 2070 id
375 2022 432 2078 εει,
448 2014 580 2069 trabentes
593 2054 601 2080 ,
614 2023 644 2068 ut
664 2015 825 2070 ostendatur
844 2014 1002 2085 rnagrvitudo
1052 2021 1126 2078 neat,
1138 2013 1189 2070 nisi
1201 2022 1313 2069 ventura
1325 2014 1541 2085 credideritque·
1551 2014 1688 2070 dicuntur.

208 2103 379 2174 genitalium,
388 2103 466 2175 juxta
482 2103 548 2159 illud
566 2104 727 2170 Ezechielis,
744 2107 755 2156 'r
771 2104 849 2175 qrrasi
863 2105 1001 2160 asiuomm
1089 2124 1099 2157 i
1123 2105 1186 2161 llaec
1214 2106 1281 2163 dicit
1304 2107 1436 2163 Dominus
1459 2107 1656 2163 exercituum:
1675 2106 1743 2175 Quia
1766 2108 1855 2162 lvtcuti

209 2211 317 2262 carnes,
334 2210 431 2251 carnes
443 2211 538 2252 eorum
551 2195 660 2268 (Eureia.
676 2205 767 2269 axin).
782 2216 791 2249 r
805 2195 862 2252 lloc
876 2195 1004 2266 estquod
1056 2214 1066 2249 r
1088 2197 1158 2254 estis
1169 2197 1281 2253 verbum
1293 2198 1377 2264 istul,
1391 2213 1456 2254 ecce
1468 2212 1520 2270 ego
1533 2199 1568 2254 do
1583 2197 1665 2253 rerba
1679 2213 1740 2254 nim
1753 2200 1783 2254 in
1801 2213 1856 2253 ore

211 2287 238 2341 iu
250 2287 304 2342 alio
316 2287 375 2343 loco
387 2286 519 2357 scriptum
534 2295 594 2344 est:
612 2305 622 2339 v
638 2288 787 2344 Assimilati
798 2299 861 2343 sunt
873 2285 1003 2357 jumentis
1056 2307 1065 2340 v
1088 2296 1136 2342 tuo
1148 2287 1175 2342 in
1192 2287 1292 2359 ignem,
1305 2298 1334 2343 ει
1349 2287 1477 2358 populum
1490 2288 1571 2343 istum
1587 2289 1615 2343 io
1629 2287 1711 2359 ligna,
1725 2296 1753 2343 et
1764 2288 1851 2343 devo-

209 2378 411 2448 iusipientibus,
420 2386 447 2433 et
458 2378 562 2434 similes
575 2378 640 2434 iacti
653 2388 716 2435 sunt
730 2377 864 2452 cis(Psol.
874 2378 1001 2450 xcviiii»
1056 2397 1066 2430 r
1089 2378 1161 2434 rabit
1170 2393 1229 2436 cot.
1244 2398 1255 2431 a
1271 2377 1404 2435 biristis:
1420 2378 1564 2451 Prophetae
1577 2379 1688 2434 luerunt
1698 2380 1726 2434 in
1736 2389 1854 2434 ventvnn

211 2467 352 2540 Simulque
366 2476 469 2524 tanum
482 2470 601 2526 ostendit
615 2471 748 2526 irisauiam
764 2470 892 2537 libidinis,
905 2480 935 2525 ut
949 2485 1003 2526 non
1055 2466 1151 2533 locuti,
1164 2482 1216 2523 nec
1227 2476 1340 2524 ventura
1357 2477 1422 2524 sunt
1431 2484 1493 2539 quae
1506 2470 1655 2535 minentur,
1667 2477 1828 2541 propterea,
1837 2483 1857 2523 ο

210 2558 298 2615 solum
312 2560 464 2631 appetitum
480 2560 639 2633 rolrrptatis,
658 2562 705 2618 sed
720 2564 908 2639 χρεμετισμὸν,
921 2561 948 2617 id
963 2570 1005 2617 est
1054 2556 1205 2627 impleti,
1220 2556 1254 2612 (ιι)
1269 2556 1351 2612 lethi
1372 2573 1432 2613 ⁰¹0³
1446 2559 1473 2613 1¹¹
1491 2573 1539 2615 θιθ
1556 2566 1616 2622 ιιι),
1638 2573 1699 2629 qnae
1718 2560 1789 2631 ignis
1802 2559 1858 2613 ba·

211 2649 360 2714 binnitum,
378 2658 468 2716 rocci,
478 2659 506 2706 et
519 2661 611 2707 servet
620 2666 751 2723 equorum
765 2651 912 2709 furentium
927 2653 960 2708 ad
975 2652 1007 2706 li·
1057 2646 1138 2703 beant
1146 2656 1322 2719 potestatem,
1332 2656 1361 2705 et
1373 2650 1502 2734 populum
1515 2651 1598 2705 istum
1613 2651 1640 2705 in
1652 2650 1725 2723 ligna
1737 2665 1858 2705 eonver-

122 2738 132 2752 “
212 2744 332 2800 bilicem
358 2745 555 2814 metaphoram.
575 2744 643 2801 Cum
665 2745 738 2811 bsee,
763 2745 868 2816 inquit,
890 2744 1003 2807 leceris,
1058 2746 1309 2803 tarn‚utsermoue
1326 2749 1372 2796 tuo
1388 2742 1574 2813 etpropbetia
1590 2742 1722 2799 increduli
1738 2757 1858 2800 msere·

212 2835 337 2906 irnnqnid
359 2850 413 2890 non
434 2836 590 2891 visitatione
606 2836 738 2908 condigna
749 2836 840 2892 elet
854 2845 918 2891 uma
933 2835 1006 2907 quod
1057 2839 1177 2887 menter.
1210 2831 1257 2889 Sic
1282 2834 1364 2896 bens,
1380 2836 1451 2907 ignis
1482 2851 1649 2892 consumens
1673 2835 1793 2903 dicitur,
1824 2845 1858 2891 ut

212 2924 258 2980 bic
280 2926 401 2981 visitatio
428 2942 479 2997 pro
502 2942 582 2998 pruna
609 2936 727 2998 ponatur
747 2937 831 2997 atque
849 2926 1005 2998 suppliciis,
1057 2930 1202 2979 consumat
1217 2923 1245 2978 in
1268 2923 1362 2990 nobis,
1380 2924 1403 2979 si
1424 2939 1506 2995 super
1526 2923 1730 2980 fundumentum
1749 2925 1859 2982 Christi

209 3015 286 3087 justa
311 3018 377 3073 illud
391 3018 463 3090 quod
482 3019 612 3091 scriptum
635 3027 697 3075 est.
717 3038 727 3071 v
745 3019 868 3075 visitabo
882 3019 910 3074 in
930 3020 1005 3090 virga
1058 3014 1301 3082 edificaverimus‚
1323 3015 1431 3084 lenum,
1449 3016 1538 3090 ligna,
1554 3017 1680 3090 stipubm
1695 3017 1785 3090 (ilem.
1801 3020 1858 3090 rr).

211 3108 369 3178 iniquitates
380 3125 475 3166 eoram
488 3110 574 3183 (rint.
586 3110 745 3184 irrisuri.»
762 3112 812 3167 ‹Et
825 3113 852 3168 in
864 3121 944 3184 geute
959 3111 1005 3166 tali
1021 3091 1045 3156 C
1099 3126 1109 3161 r
1132 3107 1200 3163 Ecce
1215 3122 1266 3180 ego
1284 3106 1416 3165 maneam
1431 3123 1571 3178 supervos
1584 3115 1692 3179 gentem
1703 3109 1737 3165 de
1747 3108 1857 3181 bingin·

212 3216 266 3257 non
279 3201 425 3260 ulciscetur
434 3204 525 3259 anima
535 3205 614 3260 mea?
627 3225 636 3258 r
650 3206 798 3276 Postquam
811 3205 930 3276 peccatis
940 3204 1006 3260 obli-
1061 3219 1070 3252 r
1093 3214 1156 3271 quo,
1169 3199 1415 3265 inuesinenter
1424 3198 1556 3255 bmnlnus
1565 3216 1572 3253 :
1582 3199 1858 3271 geutemrobustam,

211 3301 274 3364 gata
290 3303 344 3361 est,
359 3310 531 3365 nequaquam
546 3305 659 3351 vocatur
668 3295 782 3367 populns
799 3294 865 3360 bct,
879 3294 926 3350 scd
938 3309 1006 3365 gens
1060 3309 1070 3342 i
1094 3301 1204 3363 genmm
1213 3292 1477 3362 antiquam,geirterrr
1485 3289 1563 3361 cujus
1574 3290 1712 3362 ignorabis
1721 3290 1860 3362 linguans,

212 3397 295 3454 aqua
311 3385 425 3441 recessit
439 3386 528 3441 anima
541 3384 600 3453 Dei,
615 3386 763 3442 securrdom
777 3385 842 3441 illud
853 3386 924 3455 quod
938 3385 1018 3442 scri·x
1061 3402 1070 3435 r
1094 3398 1144 3440 nec
1155 3382 1288 3455 intelliges
1300 3382 1365 3453 quid
1384 3382 1519 3455 loquatur.
1544 3381 1676 3437 Pbaretra
1698 3382 1759 3452 ejus
1774 3384 1859 3452 quasi

211 3480 290 3544 ptum
303 3484 364 3530 est:
381 3494 391 3527 r
409 3475 572 3532 Neomenias
584 3487 707 3543 vestras,
724 3486 750 3532 et
769 3477 894 3543 salibata,
907 3485 934 3531 et
948 3476 1007 3532 dics
1062 3495 1072 3527 i
1094 3476 1246 3549 sepulcrum
1260 3484 1367 3546 patens,
1382 3474 1502 3532 universi
1520 3473 1616 3530 fortes.
1630 3474 1664 3529 Et
1675 3473 1800 3530 comedet
1812 3489 1862 3530 se·

211 3562 297 3621 festos
313 3566 370 3621 odit
384 3567 474 3622 anima
491 3582 550 3623 mea
566 3566 634 3642 (Iso.
648 3568 679 3641 r).
696 3567 898 3636 i·Quodarrtem
915 3568 941 3624 in
954 3569 1007 3625 le·
1061 3585 1072 3620 e
1094 3577 1170 3640 getes
1190 3576 1252 3624 tues
1273 3575 1301 3623 et
1313 3582 1412 3639 panem
1437 3574 1524 3631 tuum,
1542 3565 1684 3625 devorabit
1708 3564 1780 3621 lilios
1795 3573 1862 3622 tuos

214 3655 266 3710 teri
285 3653 460 3710 Testamenta
475 3654 576 3711 dieitur
597 3672 647 3727 pro
668 3656 766 3712 allecto
779 3699 787 3724 ,
802 3658 830 3713 in
845 3656 925 3713 Novo
938 3658 1006 3714 seri·
1063 3676 1073 3711 i
1097 3667 1126 3715 et
1137 3658 1217 3725 lilius,
1242 3659 1366 3715 comedet
1384 3671 1492 3731 gregem
1514 3666 1591 3713 tuum
1612 3665 1641 3713 et
1658 3666 1783 3712 armenta
1798 3664 1860 3723 tua,

213 3755 290 3815 ptum
302 3754 345 3801 cst
359 3760 408 3817 pro
420 3747 547 3815 veritate,
560 3747 701 3806 Salsamre
713 3750 840 3806 dicente:
858 3768 868 3802 r
883 3750 1006 3807 Potesta-
1062 3769 1072 3803 r
1094 3750 1336 3807 comedetvinearn
1351 3757 1426 3806 taam
1439 3758 1468 3805 et
1480 3749 1560 3806 licum
1580 3757 1671 3812 mam,
1684 3757 1714 3804 et
1731 3756 1862 3804 coniuret

215 3846 268 3891 tem
292 3836 380 3893 balteo
402 3839 519 3908 ponendi
543 3839 662 3895 animaru
680 3855 784 3907 meam,
802 3849 829 3897 et
846 3850 1008 3912 potestatem
1062 3860 1072 3894 r
1094 3840 1248 3898 urbestuas
1261 3842 1389 3909 munitas,
1409 3842 1436 3897 in
1452 3842 1552 3913 qulbus
1576 3848 1604 3896 tu
1620 3840 1708 3897 babes
1726 3840 1860 3897 bdumam

213 3928 301 3984 liabeo
314 3929 437 3985 sumendi
455 3929 530 3985 illam
544 3930 635 4003 (dean.
649 3932 686 4003 r).
703 3952 714 3985 i
1063 3952 1073 3985 r
1095 3932 1194 4005 gladio.
1210 3933 1404 3990 Verumtamen
1423 3934 1451 3988 in
1465 3933 1561 3989 diebus
1573 3932 1641 3997 illis,
1654 3933 1693 3987 ait
1711 3931 1860 3997 buniam,

252 4042 262 4075 r
285 4023 433 4079 ascendite
453 4039 547 4080 moros
569 4022 629 4094 rjus
654 4024 719 4097 (siue
744 4024 957 4098 propugnacula)
981 4034 1010 4082 et
1063 4043 1073 4078 r
1095 4041 1149 4083 non
1162 4023 1861 4096 laciamrosinconsummationem.»Nequaquam

216 4135 225 4164 i
250 4114 379 4186 dissipate
393 4132 400 4167 z
412 4117 676 4171 consummationem
691 4124 783 4172 autem
801 4117 885 4174 nolite
904 4117 1006 4174 lacere.
1022 4142 1025 4149 ·
1060 4117 1146 4177 multo
1160 4125 1221 4188 post
1238 4125 1370 4189 ternpore,
1386 4131 1438 4173 nce
1449 4124 1479 4173 ut
1495 4115 1564 4172 ialso
1579 4115 1702 4181 creditis,
1716 4115 1865 4187 propbeta

217 4223 226 4256 r
250 4204 362 4262 buierte
384 4207 548 4278 propagines
572 4207 631 4279 ejus
650 4206 714 4280 (tine
734 4209 929 4281 sustentacula)
943 4210 1007 4281 quia
1061 4210 1139 4268 robis
1152 4211 1297 4282 loquentur
1311 4210 1340 4265 in
1355 4217 1478 4269 rentum.
1494 4207 1548 4264 Sed
1559 4209 1616 4280 ianr
1632 4223 1705 4263 nunc
1719 4208 1862 4264 adducam

217 4315 227 4349 i
250 4313 303 4353 non
319 4306 383 4354 sunt
396 4299 443 4355 dii.
456 4296 683 4356 Praevaricatione
692 4302 764 4356 enirn
776 4302 955 4374 prevaricata
968 4308 1013 4358 est
1062 4319 1145 4376 super
1154 4318 1203 4360 ros
1217 4311 1324 4375 gentem
1335 4302 1544 4374 Babyloniorum
1557 4342 1564 4366 ,
1576 4316 1636 4373 quac
1646 4300 1736 4358 veniet
1749 4300 1785 4356 de
1797 4300 1865 4357 lon·

218 4405 227 4436 ι
249 4386 277 4443 in
288 4403 332 4444 rue
345 4389 443 4445 donms
453 4387 547 4458 lsrael,
558 4398 587 4446 et
597 4390 694 4448 domus
703 4390 782 4458 luda,
795 4393 833 4449 ait
843 4393 1006 4451 beniacan
1063 4396 1175 4468 ginqoo,
1187 4404 1295 4465 gentem
1317 4395 1468 4460 robustam,
1489 4392 1523 4449 de
1541 4406 1596 4463 quo
1610 4392 1638 4447 in
1657 4391 1772 4448 ilebraeo
1789 4394 1863 4448 scri·

215 4481 333 4553 imperat
345 4482 490 4554 gentibus,
504 4483 537 4539 de
549 4484 648 4555 quibus
666 4486 894 4557 supradixerat:
914 4507 923 4539 r
941 4488 1007 4543 Per·
1061 4493 1136 4557 ptum
1158 4492 1200 4541 est
1216 4492 1295 4575 pnite,
1313 4494 1421 4557 gentem
1443 4483 1593 4553 antiquam,
1616 4484 1694 4551 cujus
1716 4482 1862 4552 quondm

214 4570 304 4625 cussit
316 4586 365 4627 eos
375 4572 419 4628 leo
430 4573 465 4629 de
479 4574 559 4642 silva,
572 4574 651 4647 lupus
663 4576 780 4631 vastant
790 4592 847 4644 eos,
863 4587 890 4635 ot
905 4579 1007 4648 pardus
1023 4638 1026 4642 ,
1061 4577 1216 4633 dominatus
1233 4587 1274 4634 est
1289 4576 1407 4633 Ncmrod
1421 4576 1497 4648 gigas
1509 4574 1587 4650 (Gerr.
1601 4573 1642 4648 x),
1655 4573 1733 4644 cujus
1748 4574 1863 4645 maon·

216 4660 243 4715 in
255 4659 412 4717 civitatibus
424 4676 529 4729 eorum,
546 4682 557 4717 i
572 4673 603 4721 ut
613 4665 761 4721 ascendant
772 4682 865 4724 muros
878 4667 1007 4725 ilierusa-
1061 4670 1103 4727 bis
1118 4669 1249 4740 linguam,
1268 4671 1325 4726 sive
1341 4678 1372 4725 nt
1385 4670 1414 4725 iu
1423 4668 1537 4726 llebraeo
1551 4668 1681 4740 scripturn
1693 4677 1756 4724 est:
1774 4687 1784 4720 i
1799 4666 1864 4726 Nee

214 4751 268 4809 lem
280 4793 288 4817 ,
300 4753 359 4809 sire
371 4756 586 4826 propugnacula,
599 4765 627 4813 et
640 4757 773 4828 dissipent
784 4774 845 4816 eam
860 4780 867 4815 ε
881 4775 1008 4818 corisum·
1062 4766 1197 4838 intelliges
1210 4767 1275 4836 quid
1289 4765 1434 4837 loquatur:
1453 4784 1464 4819 r
1480 4775 1522 4821 est
1536 4765 1609 4820 enim
1627 4762 1761 4818 niatomm
1785 4764 1866 4818 sola-

214 4846 362 4901 mationom
376 4855 466 4903 numm
480 4862 534 4903 nou
547 4847 658 4916 iaciant,
673 4859 703 4906 ut
714 4851 853 4909 salventur
869 4854 1003 4926 reliquie,
1062 4860 1146 4926 tium,
1168 4860 1190 4914 si
1214 4859 1274 4914 illos
1289 4859 1382 4916 hostes
1400 4859 1503 4915 babeas
1516 4874 1584 4929 quos
1596 4857 1684 4927 possis
1698 4871 1816 4931 regare,
1832 4864 1865 4913 et

213 4945 242 4994 et
257 4940 292 4995 sit
310 4939 511 5011 quiannontiet
526 4942 552 4996 in
566 4942 817 5015 gentiousgloriam
830 4944 889 5011 Dei,
905 4949 1008 5003 serori·
1061 4951 1107 5021 qui
1120 4958 1180 5007 tuas
1193 4949 1345 5021 intelligant
1358 4949 1603 5020 premebamque
1616 4948 1750 5020 sequitur,
1766 4946 1864 5017 ‹plra-
1898 4975 1901 4980 ·
2000 4952 2001 4995 l

215 5033 318 5104 tutique
339 5032 436 5090 miscet
455 5034 638 5091 clementiam.
652 5036 784 5107 Quodque
803 5038 906 5107 intulit,
926 5059 936 5093 c
956 5058 1007 5098 au·
1061 5050 1134 5098 retra
1146 5039 1206 5112 ejus
1219 5042 1298 5113 quasi
1313 5040 1466 5113 sepulemm
1480 5051 1598 5112 patens,
1615 5058 1626 5091 i
1641 5049 1670 5094 et
1689 5039 1717 5093 in
1739 5038 1863 5108 Septua-

214 5124 283 5181 lerte
305 5127 470 5199 propagines
494 5126 562 5197 ejus,
589 5128 648 5184 sive
671 5130 893 5200 sustentamini
915 5134 1006 5189 omnia
1061 5132 1135 5204 ginta
1158 5133 1275 5189 editione
1298 5148 1352 5189 non
1377 5132 1488 5201 dicitur,
1517 5131 1693 5204 babyloniam
1721 5129 1864 5203 signillcat

214 5218 271 5273 tolli
291 5220 392 5276 auxilia
405 5221 500 5292 jubet,
515 5238 576 5293 quae
592 5238 642 5280 suo
661 5224 727 5280 uitio
740 5226 876 5295 perdidit,
890 5242 923 5283 eo
936 5228 1007 5298 quod
1061 5233 1239 5281 armaturam.
1255 5223 1311 5281 Noc
1323 5223 1434 5280 dubium
1446 5224 1512 5293 quin
1529 5237 1641 5295 regnum
1664 5221 1861 5294 Assyriorum,

213 5313 390 5382 prevaricata
403 5314 440 5370 sit
454 5315 481 5370 in
496 5314 641 5372 [laurinum
656 5316 753 5373 domus
769 5317 850 5374 lsrael
865 5326 893 5374 et
911 5320 1007 5377 domus
1060 5316 1281 5387 Babyloniorum,
1294 5314 1434 5372 bledorum
1455 5324 1538 5387 atque
1551 5313 1696 5370 Persarum
1709 5311 1862 5385 sagittandi

214 5401 292 5467 luda,
306 5405 502 5463 decem-tribus
515 5418 542 5463 et
559 5408 626 5464 diras
644 5409 810 5481 significans.
831 5411 932 5466 Auiliat
956 5412 1007 5468 boc
1060 5407 1257 5479 peritissimum
1270 5408 1315 5464 sit.
1325 5405 1465 5477 Simulque
1476 5404 1767 5462 describitvastitatem
1777 5411 1862 5457 terrm

215 5489 349 5558 Ecclesia,
363 5495 436 5565 quod
455 5496 509 5552 cito
527 5500 597 5554 muri
611 5508 638 5554 et
653 5499 854 5572 propugnacula
873 5502 1007 5573 dissipen-
1058 5500 1173 5566 lindam,
1197 5498 1469 5568 interfectionemque
1492 5495 1658 5561 multorum,
1685 5492 1861 5548 abactionem

216 5593 259 5635 tur
273 5598 366 5638 corum
379 5587 425 5655 quii
438 5603 490 5643 non
506 5589 607 5645 babent
619 5605 695 5661 spem
710 5592 738 5646 in
752 5592 883 5658 Domino,
897 5601 925 5648 et
936 5607 1005 5662 prae-
1058 5608 1206 5663 pecorum,
1225 5590 1433 5648 subversionem
1457 5588 1565 5645 urbium
1590 5595 1671 5657 atque
1697 5598 1861 5651 murorum,

217 5672 371 5726 satiemini
385 5674 411 5727 ‘m
427 5691 488 5730 eum
503 5696 509 5731 :
524 5680 571 5733 sed
586 5689 675 5735 tamen
691 5697 743 5736 non
767 5682 814 5737 ttat
833 5697 1005 5739 consumma·
1059 5682 1131 5754 quod
1150 5681 1240 5753 gladio
1260 5680 1352 5737 hostili
1374 5687 1472 5739 cuncta
1494 5680 1647 5750 capiamur,
1667 5685 1695 5732 et
1719 5684 1811 5731 manea
1828 5672 1860 5727 irt
