4042 6200
197 317 251 375 rra
661 308 844 371 rxrosrrm
863 307 977 370 seren
994 297 1179 374 unnsmuit
1199 343 1234 356 -
1249 309 1314 374 tm.
1334 307 1377 372 ut.
1689 305 1691 318 ·
1781 309 1835 376 stt

198 428 283 486 tantis
296 425 375 485 malis
385 439 440 481 non
453 438 501 481 cos
514 422 611 494 perdat
623 435 710 496 usqne
722 423 757 479 ad
766 421 990 489 internecionem,
1004 428 1031 489 Δ
1044 432 1152 494 ceptum
1166 422 1260 495 posuit
1279 430 1305 479 et
1326 435 1380 478 non
1402 420 1550 494 preterire
1574 416 1662 496 (Dant
1679 426 1802 500 crtrriri.
1820 448 1831 482 r

196 518 246 573 sed
261 514 389 587 reliquias
402 513 492 568 salvas
505 510 601 578 iaciat,
620 511 785 576 veteomor,
798 510 844 583 qui
861 509 888 566 in
900 508 989 581 Baby·
1040 511 1166 570 budiuut·
1182 526 1229 570 me
1248 523 1279 568 et
1300 511 1439 578 sentiunt,
1460 525 1522 583 quae
1534 525 1652 570 sensum
1662 527 1718 576 non
1731 516 1836 580 babent

197 607 287 663 ionem
300 604 375 662 ducti
390 612 469 670 sunt,
484 602 643 675 dimissique
662 601 695 658 ad
715 602 847 660 culturam
862 616 989 675 agrorum
1040 600 1166 658 audiendi
1181 619 1189 656 a
1204 609 1234 658 et
1245 600 1511 673 populusquondem
1524 616 1604 659 meus
1620 616 1670 662 rue
1683 604 1753 662 ritio
1768 606 1836 664 stub

197 708 277 757 terrae
288 695 398 761 Judaeae,
411 698 454 753 rel
467 712 577 764 eorum,
595 697 641 769 qui
660 703 722 768 post
734 696 931 768 persecutionis
945 711 991 752 ar·
1041 700 1085 756 tus
1098 691 1227 759 effeetus,
1248 707 1302 748 non
1323 691 1411 750 sulem
1432 692 1599 759 conminuit,
1616 695 1664 754 sed
1680 695 1834 755 ctduleem

196 791 307 855 durem,
321 788 458 861 relinqu,
475 787 517 843 rei
531 785 702 843 confessione
715 785 797 842 fidem
809 786 916 844 Domini
933 802 991 845 ser·
1040 792 1184 855 exasperet
1196 783 1350 842 Dominum.
1364 781 1619 851 benemerentem,
1633 799 1649 839 a
1661 799 1714 852 nte,
1726 786 1833 846 etmihi

196 888 338 939 vaserunt.
1040 884 1117 948 terqn
1126 883 1312 962 reqteruntet
1321 874 1429 932 concito
1439 876 1566 932 abientes
1575 877 1676 950 qredn;
1691 892 1742 937 neu
1751 881 1834 937 unita

236 989 246 1025 r
269 969 347 1044 Quod
366 969 389 1025 si
412 968 556 1026 dixeritis:
570 966 662 1038 Quare
683 967 748 1027 lecit
767 967 901 1025 Dominus
918 968 993 1027 Deus
1040 976 1090 1031 eds
1101 968 1402 1034 retraxitcunsciuntit,
1412 976 1443 1028 ut
1452 968 1574 1033 dicerent
1584 969 1613 1027 lit
1622 970 1834 1030 misinensis:

197 1082 209 1118 r
231 1071 325 1121 noster
338 1061 417 1119 nobis
434 1061 493 1118 bec
505 1062 608 1129 omnia,
623 1061 698 1118 dices
717 1060 752 1118 ad
767 1076 833 1118 eus:
850 1060 927 1118 Sicut
942 1062 990 1119 de·
1043 1077 1052 1114 r
1069 1062 1219 1120 unsarans
1229 1076 1291 1120 eum
1303 1062 1349 1133 qui
1359 1061 1491 1120 datnobis
1500 1061 1619 1134 plurem
1632 1072 1836 1137 temporaneam

197 1171 210 1208 c
233 1154 382 1226 reliquistis
402 1169 446 1209 me
469 1160 498 1210 et
527 1153 652 1210 servistis
674 1152 727 1210 deo
745 1153 851 1220 alieno,
875 1154 917 1210 rel
939 1153 995 1212 diis.
1040 1156 1240 1214 esseratinern.
1258 1175 1267 1207 r
1284 1147 1337 1210 Der
1351 1165 1412 1224 quire
1426 1154 1519 1212 onmis
1531 1156 1835 1228 ustendltbunepleni-

197 1264 209 1300 r
232 1245 328 1302 ationis
343 1245 370 1301 in
383 1253 456 1301 terre
472 1253 573 1312 vestra,
583 1244 624 1301 sio
636 1245 763 1301 servietis
772 1243 868 1302 alienis
878 1246 906 1301 in
919 1252 995 1301 terra
1041 1248 1163 1306 ordinere
1172 1262 1271 1310 annuae
1283 1247 1382 1306 messis
1390 1288 1398 1313 ,
1407 1262 1457 1319 pro
1469 1261 1524 1319 quo
1534 1249 1639 1320 equita
1651 1250 1739 1321 prima
1750 1250 1835 1308 editio

197 1357 208 1392 r
232 1351 286 1393 non
303 1344 406 1393 restra.
421 1354 431 1390 r
446 1334 566 1392 Grandis
585 1334 699 1391 stultitia
720 1335 828 1392 nescire
848 1350 898 1391 cur
916 1335 990 1407 passi
1040 1348 1068 1395 ot
1093 1337 1276 1410 Symmachus
1304 1337 1486 1396 bebdnmndns
1507 1340 1678 1413 intepretati
1700 1352 1774 1400 sont.
1804 1342 1835 1399 ln

193 1429 263 1499 sint,
275 1444 336 1486 enm
352 1435 427 1483 tanta
438 1426 613 1499 peccauerint
626 1446 633 1482 ι
647 1426 791 1499 brevisque
801 1428 836 1483 ed
851 1427 991 1500 ambigen·
1040 1430 1154 1488 llelrraeo
1170 1431 1246 1490 enim.
1260 1431 1392 1502 seriptum
1405 1439 1447 1488 est
1459 1433 1572 1489 rerlrrm
1582 1434 1691 1500 iiim,
1702 1435 1777 1505 quon
1783 1449 1838 1506 pro

194 1531 239 1579 tos
257 1519 417 1593 responsio:
431 1538 440 1572 ι
455 1518 533 1578 Sicut
553 1519 676 1577 servistis
698 1520 749 1577 deo
768 1520 869 1589 alieno,
887 1520 990 1588 idest,
1039 1521 1218 1594 amoiqnnsra
1231 1522 1307 1579 nerlii
1318 1522 1518 1593 etauptlrnnrrur
1531 1522 1669 1596 signillert
1680 1522 1834 1596 etplrnttu·

194 1613 283 1682 Baal,
298 1614 356 1671 sire
369 1613 421 1672 diis
437 1613 534 1670 alienis
555 1623 715 1669 cunctenun
733 1612 854 1684 gentium
869 1613 898 1668 in
917 1620 990 1669 terre
1039 1609 1139 1672 dinem
1155 1631 1169 1666 r
1186 1610 1352 1683 intentares
1371 1623 1473 1672 restrae
1486 1613 1692 1676 manuum
1713 1617 1786 1683 teo,
1806 1625 1835 1674 et

193 1706 298 1773 iudea,
313 1706 354 1764 sie
366 1705 490 1763 servietis
502 1705 556 1761 diis
567 1703 665 1760 alienis
675 1702 705 1759 in
717 1711 859 1761 terrenen
873 1709 987 1761 restrae
1013 1767 1015 1771 μ
1043 1715 1186 1778 «poema
1206 1715 1298 1764 vestre
1324 1699 1522 1779 pmliruomnt
1544 1708 1645 1766 bonurn
1672 1725 1689 1764 a
1715 1709 1831 1766 moisi

193 1803 269 1860 baud
279 1802 391 1859 dubium
402 1801 467 1879 quin
477 1797 624 1871 Babylonis
634 1796 989 1870 annumerandam
1005 1777 1029 1839 Β
1043 1800 1114 1871 Ergo
1125 1799 1270 1870 siquendu
1281 1805 1309 1854 et
1321 1814 1400 1855 mene
1411 1789 1580 1858 tremende
1600 1799 1732 1857 terminos
1753 1805 1835 1866 snos,

192 1910 245 1952 vos
257 1892 400 1970 peregrina
411 1889 507 1961 religio
521 1890 648 1953 delectet,
667 1888 735 1961 quid
751 1903 863 1948 neeesse
877 1897 920 1944 est
931 1890 991 1945 loe·
1042 1901 1071 1947 ct
1086 1889 1178 1962 pluria
1197 1889 1357 1956 retralrit'nr,
1368 1904 1540 1962 nequequam
1552 1889 1712 1947 abbreuiuta
1725 1898 1767 1948 est
1777 1906 1834 1947 ma·

192 1983 325 2057 'qinqunm
340 1995 463 2053 errorem
474 1978 630 2052 suscipere?
642 1976 772 2035 liabitate
789 1993 853 2035 enm
874 1977 990 2047 talibus,
1041 1996 1093 2042 nus
1104 1979 1210 2040 Domini
1224 2020 1234 2045 ,
1247 1978 1347 2037 nitrea,
1359 1997 1413 2037 non
1429 1980 1529 2038 inciae:
1546 1983 1594 2039 sod
1610 1989 1724 2054 mccate
1741 1989 1833 2039 nostre

193 2072 252 2131 imo
263 2071 365 2131 servite
382 2071 427 2127 bis
444 2084 560 2142 quorum
579 2068 648 2125 deos
668 2067 768 2125 culitis.
784 2067 879 2126 Potest
893 2069 946 2125 boo
961 2078 991 2126 et
1041 2072 1100 2128 baec
1110 2069 1144 2130 ad
1157 2085 1208 2126 nos
1219 2069 1360 2126 'venientia
1371 2071 1552 2140 declinarunt,
1567 2080 1599 2129 ue
1609 2072 1643 2129 ad
1656 2072 1728 2129 alios
1735 2087 1833 2144 perge*

193 2181 277 2238 snper
290 2163 428 2222 haereticis
440 2161 538 2234 accipi,
553 2162 587 2218 de
599 2161 702 2234 quibus
711 2157 843 2233 seriptum
857 2169 899 2218 est
909 2178 916 2215 :
928 2178 938 2214 r
949 2160 989 2220 Et
1041 2166 1112 2230 reiut,
1125 2165 1238 2236 quinon
1251 2171 1442 2235 peecaverunt.
1458 2159 1493 2218 Et
1504 2162 1712 2234 prosternunt,
1728 2162 1833 2233 inquit,

192 2258 274 2315 nobis·
287 2257 428 2324 exierunt,
441 2258 490 2314 sed
504 2270 561 2316 non
574 2256 688 2316 luerunt
700 2268 735 2316 ex
755 2253 846 2313 nobis.
867 2250 897 2308 Si
916 2251 991 2310 onim
1037 2254 1265 2327 lomreniensail
1280 2269 1332 2311 nos
1344 2254 1457 2320 bonurn,
1466 2249 1544 2324 justa
1563 2252 1631 2310 illud
1647 2253 1719 2323 ‹prod
1735 2258 1836 2308 seeun-

192 2349 310 2407 luisseut
336 2364 373 2405 ex
395 2347 496 2414 nobis,
523 2347 693 2408 mansissent
722 2346 818 2418 utique
847 2343 990 2403 nobiseum
1040 2344 1105 2404 dnn
1119 2345 1240 2402 litteram
1259 2344 1392 2416 seriptum
1411 2352 1475 2399 oste
1490 2361 1499 2394 r
1516 2341 1648 2398 llaodebn
1665 2339 1833 2400 nebiburne

193 2433 223 2513 (1
237 2439 379 2513 Joan11);
399 2458 409 2493 r
425 2440 499 2511 quod
513 2439 639 2513 projiciet
656 2440 690 2498 de
709 2437 833 2496 Ecclesia
847 2435 993 2494 hereticos
1039 2432 1136 2505 pluant
1148 2449 1230 2505 super
1243 2442 1305 2491 enm
1316 2432 1433 2489 imbrem
1447 2430 1515 2506 (len
1527 2431 1567 2506 r).
1580 2430 1728 2488 Nescimus
1740 2432 1833 2489 aulem

192 2528 335 2594 Dominus
351 2528 398 2599 qui
413 2528 499 2588 multo
513 2537 635 2600 tempore
649 2526 822 2586 nonomine
836 2523 897 2597 ejus
913 2540 991 2584 nten-
1040 2526 1155 2585 imbrem
1167 2535 1371 2598 temporaneum
1384 2526 1413 2581 et
1426 2524 1587 2589 serotinum,
1600 2519 1700 2596 tugen
1708 2524 1835 2596 aeeiperu

192 2619 335 2677 deciorum
355 2633 467 2676 suorum
489 2617 635 2686 simulacra
648 2617 770 2676 venerati
784 2625 863 2683 snat,
877 2624 909 2674 nt
922 2614 991 2674 ioris
1039 2618 1268 2691 etlirenqeliunr,
1287 2627 1317 2676 et
1329 2615 1749 2688 dmumasrueutionesaprima
1764 2616 1836 2673 luere

191 2709 285 2770 oolam
298 2709 371 2784 quod
384 2709 805 2784 intnsprinsnenerabantur,ut
818 2707 903 2781 palen
911 2722 991 2782 sepe·
1039 2723 1130 2783 umere
1148 2710 1184 2767 ed
1205 2710 1394 2779 undecimam,
1416 2711 1445 2766 ln
1469 2708 1568 2780 quibus
1593 2707 1726 2779 operariis
1746 2707 1835 2765 ninere

194 2811 317 2860 rentura
334 2801 436 2860 tritico.
456 2855 466 2875 ,
1038 2790 1124 2864 unum
1135 2802 1198 2860 rite
1210 2807 1320 2859 abinea
1328 2799 1471 2873 praminrn
1484 2799 1628 2872 pollicetur
1642 2797 1753 2873 (uncti.
1770 2799 1831 2872 xx),

233 2913 243 2951 r
261 2893 428 2952 denuntiate
440 2893 598 2953 bocvdomui
611 2891 708 2960 berb,
720 2899 749 2950 et
762 2891 886 2950 auditum
904 2891 989 2949 tacite
1041 2914 1052 2949 r
1074 2895 1143 2966 Quin
1157 2893 1260 2952 inventi
1272 2893 1375 2950 suntin
1386 2891 1485 2966 populo
1497 2905 1558 2948 meo
1568 2890 1655 2963 impii,
1668 2889 1833 2947 insidiantes

195 3004 208 3042 c
230 2984 358 3053 intre,
372 2984 494 3044 &centes
508 3003 515 3040 ε
530 2984 620 3052 Audi,
639 2982 988 3057 moderantissimum
1041 2986 1148 3060 cquasi
1172 2997 1311 3058 aucupes:
1326 2985 1439 3058 luqrreos
1456 2993 1603 3057 perenne,
1624 2993 1653 3040 et
1673 2983 1783 3056 pedicas
1797 2983 1834 3038 ael

195 3100 207 3135 r
230 3078 316 3139 babes
328 3077 453 3152 conequi
464 3079 596 3141 habentes
607 3075 768 3139 oeulosnon
780 3076 890 3143 odon,
901 3084 929 3135 et
939 3091 989 3133 eu·
1041 3100 1051 3134 r
1071 3077 1313 3153 sepiendusrtror.
1329 3076 1408 3136 Siout
1429 3075 1647 3152 decipuleplena
1664 3073 1776 3149 aribus,
1791 3075 1833 3132 sic

194 3191 206 3227 r
229 3185 285 3237 res,
296 3178 325 3225 et
345 3184 401 3225 non
419 3167 527 3226 auditis.
545 3185 555 3220 r
571 3165 663 3227 blnitis
678 3166 767 3229 modis
781 3174 929 3237 pereuntes
941 3126 1025 3222 cre-c
1042 3189 1052 3226 r
1073 3171 1171 3229 domus
1182 3184 1277 3233 eorum
1290 3167 1377 3242 plenae
1393 3166 1465 3225 doio.
1483 3186 1493 3221 r
1509 3167 1545 3225 lit
1566 3166 1715 3224 declimret
1737 3167 1772 3223 ab
1791 3167 1834 3223 eis

192 3261 281 3317 nator
302 3259 340 3316 an
359 3258 493 3324 salutem.
509 3265 537 3314 er
550 3257 663 3315 srntrnn
685 3264 765 3315 ruent
786 3255 926 3329 poputum,
940 3255 987 3327 qni
1039 3262 1129 3320 imber
1144 3267 1375 3334 mnpuraneuset
1387 3258 1574 3325 mrmnrsst
1586 3259 1757 3316 omaunna
1776 3273 1832 3315 nun

191 3349 273 3421 quasi
286 3348 427 3421 sapientise
440 3346 551 3419 reliquit
562 3354 718 3412 auctorem,
732 3352 928 3417 mutilatam
940 3358 989 3402 ⁰⁰⁸
1039 3353 1202 3420 invenirent,
1217 3366 1308 3409 caete
1321 3349 1512 3422 rusticianam,
1526 3350 1589 3422 quia
1604 3349 1707 3406 insonti
1723 3358 1788 3406 srrrn
1801 3349 1829 3406 in

192 3440 356 3507 simulacris,
367 3440 401 3495 de
412 3439 510 3510 quibus
519 3437 650 3510 seriptum
665 3447 726 3494 ests
741 3434 862 3495 «ocutus
875 3437 987 3504 balent,
1038 3428 1136 3517 pdpulo
1148 3443 1210 3515 eins
1222 3442 1308 3516 impii.
1322 3441 1386 3500 lion
1402 3440 1483 3509 dixit,
1499 3441 1607 3514 iniquos
1626 3452 1655 3499 et
1671 3450 1834 3514 peccatores

191 3539 223 3586 et
239 3545 293 3586 non
307 3527 414 3595 rident;
430 3541 511 3584 auum
525 3526 642 3593 babent,
654 3533 748 3583 utnon
764 3525 888 3581 audiunt
902 3524 987 3582 sturi-
1039 3533 1081 3608 (ιη
1091 3534 1230 3592 menende
1244 3533 1380 3608 missin),
1392 3534 1443 3592 sort
1455 3534 1564 3607 impios.
1585 3532 1712 3604 impietas
1733 3544 1833 3606 aperto

192 3618 235 3676 les
248 3618 302 3675 illis
315 3618 381 3674 liant
394 3616 442 3691 qui
456 3615 560 3673 iaciunt
571 3629 620 3684 ee,
631 3623 660 3672 et
674 3614 827 3686 omnesqui
847 3614 989 3672 oorriidunt
1038 3632 1120 3699 negas
1132 3609 1227 3693 pensu,
1241 3625 1372 3697 jqqqqqm
1381 3634 1462 3697 ququo
1476 3634 1617 3697 mmm
1628 3626 1653 3682 sq
1668 3627 1832 3684 confflem

192 3710 224 3766 1¹¹
237 3710 278 3767 05⁸
292 3707 379 3782 (Pul-
390 3706 478 3779 Μὴ·
497 3705 633 3778 ’mille
644 3713 736 3762 ³⁰⁸⁰¹¹¹
747 3706 781 3761 ad
793 3705 891 3761 ludim
902 3704 988 3777 Dilui-
1038 3731 1171 3783 ermrem,
1182 3714 1530 3775 iacileadnriserioordiant
1539 3714 1624 3779 beorn
1634 3715 1834 3785 Deumiiuod·

193 3809 241 3857 tnr
251 3808 279 3857 et
292 3799 446 3858 addemnat
458 3797 552 3856 Jacob.
565 3798 649 3855 lsrael
663 3799 739 3855 enim
749 3796 835 3854 mutto
845 3795 903 3868 ianr
915 3806 986 3857 teor
1037 3822 1092 3879 que
1103 3822 1153 3867 nos
1162 3807 1281 3865 diximus
1295 3827 1305 3861 r
1320 3806 1481 3865 insidiantes
1494 3806 1579 3878 quasi
1591 3820 1721 3878 nuncupes,
1735 3825 1745 3861 r
1759 3816 1788 3862 ct
1802 3806 1831 3865 in

191 3908 262 3965 pure
275 3891 303 3949 in
312 3891 433 3965 Assyriis
446 3891 605 3959 exsulabat,
625 3890 760 3964 simulque
773 3889 822 3947 dat
835 3889 988 3962 intelliqee·
1038 3896 1217 3970 Septuaginta
1241 3913 1295 3957 nnn
1317 3898 1449 3963 hahetur,
1474 3896 1572 3967 Aquita
1596 3907 1625 3955 et
1649 3896 1830 3970 Symnranlms

194 3984 262 4039 tiam
274 3983 346 4055 quod
358 3983 441 4040 etiarn
454 3983 558 4057 absque
571 3991 708 4055 precepto
719 3981 835 4039 murati
848 3981 987 4041 mnsude·
1038 3988 1236 4045 transtulerunt
1252 3994 1340 4071 'pem
1359 4005 1369 4041 r
1389 3986 1466 4057 quasi
1491 3996 1550 4043 rote
1569 3985 1692 4057 armupis.
1717 4004 1730 4038 r
1751 3984 1831 4054 Qrmd

192 4076 308 4133 nemus
320 4073 470 4148 intelligere
483 4091 546 4147 que
559 4082 634 4131 neta
651 4083 724 4132 sunt.
912 4097 914 4101 ·
1037 4081 1120 4139 eriam
1130 4079 1176 4153 qui
1188 4080 1276 4137 nunus
1299 4077 1555 4136 insermendum
1572 4085 1602 4133 nr
1619 4086 1726 4142 mens,
1745 4077 1832 4132 instar

233 4187 243 4222 c
263 4167 305 4224 lle
318 4183 384 4240 erqo
399 4183 454 4223 non
466 4165 613 4235 timebitis,
627 4168 667 4226 eit
681 4167 827 4234 Dominus,
840 4177 868 4226 et
886 4184 903 4225 a
917 4167 990 4225 inore
1037 4170 1149 4243 aucupis
1163 4169 1257 4228 tendet
1267 4168 1390 4234 irrsidim,
1406 4168 1470 4224 dum
1485 4167 1602 4223 tormen
1611 4182 1642 4224 se
1653 4164 1830 4223 rceeutnrnd

197 4278 209 4312 r
231 4273 289 4315 mee
304 4274 358 4316 non
372 4258 500 4317 dolebitis
513 4259 577 4332 (siue
593 4259 746 4332 timebitis).
761 4259 811 4329 Qui
829 4261 907 4333 posui
924 4274 987 4317 are-
1037 4270 1172 4329 mmmm,
1186 4269 1216 4319 st
1229 4260 1345 4318 aberunt
1367 4258 1475 4316 demtus
1490 4267 1572 4329 ntqrtu
1595 4256 1745 4329 dispendiis
1766 4270 1831 4312 snus

196 4366 208 4400 r
231 4363 293 4405 nam
314 4348 461 4405 terminum
480 4348 569 4417 muri,
583 4357 749 4421 preceptum
772 4352 985 4429 sempiternam,
1037 4354 1301 4426 complentdouus,
1322 4360 1353 4407 ut
1374 4349 1519 4422 impleatur
1535 4348 1760 4422 pidlosoqdrornm
1784 4347 1831 4404 illu

196 4458 208 4493 r
229 4440 302 4511 qnod
324 4455 377 4496 non
401 4440 559 4510 preteribit.
577 4440 610 4496 Et
629 4443 870 4511 eorrrmorebuntur
889 4450 917 4499 et
931 4458 984 4500 non
1003 4446 1007 4450 ’
1037 4444 1183 4507 renuntia,
1195 4442 1292 4502 Dinnis
1305 4443 1383 4500 dines
1400 4450 1449 4497 eut
1462 4440 1589 4513 iniquus,
1610 4439 1660 4497 eut
1675 4440 1763 4497 lieres
1778 4438 1829 4495 ini·

196 4549 209 4584 e
231 4539 358 4603 poterunt
370 4531 435 4604 (eise
447 4532 601 4590 turbabitur
612 4542 641 4591 et
659 4549 712 4593 nort
726 4534 851 4607 poterit),
869 4542 898 4591 et
911 4534 985 4592 intu-
999 4496 1025 4558 υ
1037 4534 1106 4607 qui:
1122 4541 1204 4606 atque
1215 4533 1320 4590 utitem
1336 4532 1425 4589 ebitis
1437 4538 1540 4588 tentum
1555 4531 1630 4599 irunt,
1641 4531 1688 4605 qui
1700 4530 1830 4587 ridentur

196 4641 209 4677 r
231 4633 353 4682 arescent
367 4625 431 4700 (rire
443 4625 589 4699 sonabunt)
600 4625 698 4683 motum
706 4626 777 4700 eius,
787 4635 817 4683 et
828 4642 882 4685 non
898 4636 983 4685 trans·
1038 4626 1106 4684 loris
1115 4641 1188 4695 esse,
1200 4634 1229 4683 et
1237 4640 1310 4698 quos
1316 4624 1448 4683 Durrims
1455 4623 1571 4697 indicet,
1579 4631 1608 4682 et
1621 4638 1680 4680 noir
1688 4622 1719 4679 irr
1727 4623 1830 4680 nestris

195 4734 209 4769 r
231 4715 308 4774 ibunt
321 4715 397 4774 iDud.
412 4715 516 4788 Populo
524 4726 615 4775 auteur
627 4718 692 4777 butio
708 4717 808 4776 sacrun
821 4729 864 4777 est
879 4735 928 4777 cor
942 4721 985 4776 in·
1038 4719 1234 4778 convertimus
1247 4716 1422 4793 impluenmr,
1437 4728 1507 4791 quus
1518 4717 1650 4792 possidet
1663 4718 1751 4776 lindis
1766 4735 1829 4775 orn-

196 4826 208 4858 r
229 4806 368 4865 amulum
375 4817 843 4881 eterasperanszetreeesserurrt,et
850 4811 984 4878 abierunt,
1038 4813 1113 4869 nium
1123 4811 1255 4868 mdenrm
1269 4809 1393 4878 avaritia,
1407 4809 1658 4869 inutrentontinm
1669 4810 1703 4867 ed
1714 4825 1836 4868 nornen

196 4919 206 4949 ι
227 4907 257 4956 et
266 4914 319 4955 non
331 4899 456 4957 dixerunt
471 4901 500 4957 in
513 4901 597 4959 eorde
605 4917 669 4961 suo:
681 4902 831 4960 lictoemus
840 4904 984 4961 Dominum
1036 4918 1087 4963 ore
1098 4903 1323 4976 eorwmplemtrr,
1338 4903 1387 4959 red
1401 4917 1508 4959 manus.

196 5010 207 5040 ‹
232 4989 316 5046 Deum
334 4999 473 5060 nostrum,
485 4992 531 5064 qni
549 4992 597 5049 dat
616 4992 695 5050 nobis
713 4993 832 5065 pluviam
850 5003 986 5066 tempere·
1076 5011 1088 5045 r
1107 4991 1170 5048 idon
1183 4991 1349 5062 magnidcau
1363 5000 1427 5047 snut
1445 5001 1473 5047 et
1486 4991 1582 5058 ditad,
1603 4991 1829 5046 irrerassatisunt

196 5100 208 5133 r
229 5097 311 5141 marn
325 5090 354 5143 et
368 5084 517 5145 serotinam
533 5085 561 5142 in
575 5094 773 5158 temporesue,
789 5086 984 5159 plenitudinem
1039 5103 1050 5138 r
1070 5092 1100 5140 et
1125 5083 1302 5156 inpinguati,
1324 5091 1352 5139 et
1370 5082 1562 5154 preterierunt
1585 5086 1725 5136 mentones
1752 5094 1827 5135 meus

197 5194 207 5226 r
228 5178 435 5235 annnrremessis
449 5179 646 5239 custodentem
660 5180 747 5239 nobis.
767 5200 777 5234 r
792 5181 891 5238 bonnm
905 5183 988 5239 bens·
1040 5193 1050 5227 ι
1073 5173 1200 5245 pessime.
1210 5171 1328 5235 causam
1340 5187 1397 5227 nuo
1408 5169 1615 5241 indicaverunt,
1630 5183 1743 5225 carrum
1762 5169 1827 5242 (rire

195 5262 270 5330 licia,
281 5273 311 5321 nt
324 5266 554 5341 ingratosarquat.
569 5270 640 5336 «tto,
655 5271 751 5342 inquit,
762 5286 819 5328 non
827 5272 984 5336 enutritis»
1024 5332 1027 5341 Δ
1040 5283 1050 5315 r
1067 5262 1212 5335 judicium),
1222 5261 1316 5334 pupilli
1326 5276 1381 5319 ron
1393 5262 1560 5319 &mnne
1572 5261 1606 5317 ttt
1615 5260 1745 5332 judiutrnn
1757 5275 1828 5333 purr-

194 5354 243 5424 qui
261 5363 335 5412 tenta
349 5357 427 5413 robis
449 5359 653 5429 prnsritttltun
669 5361 840 5419 abiectionem
862 5362 988 5419 ‹tesidere›
1039 5377 1049 5410 r
1071 5370 1166 5428 perum
1191 5353 1260 5426 (tint
1277 5354 1374 5426 nimia)
1398 5368 1453 5411 nen
1475 5352 1675 5423 heimerani.
1701 5351 1830 5426 Numquid

193 5441 391 5516 perlectorum,
406 5449 454 5509 sed
468 5453 593 5511 timorem
610 5452 806 5525 ineipientium,
825 5453 895 5525 »qni
907 5454 985 5525 posui
1039 5469 1049 5502 r
1071 5463 1154 5519 super
1168 5448 1281 5504 bisunu
1291 5445 1426 5503 trisitabel
1438 5445 1506 5502 dicit
1522 5444 1669 5511 mouns,
1680 5455 1727 5501 aut
1745 5460 1829 5519 super

194 5549 307 5592 arenam
322 5538 466 5597 terminum
485 5542 563 5608 mari,
579 5542 624 5613 qui
640 5552 695 5599 tam
711 5551 807 5613 potens
822 5542 985 5599 sbmeutrrm
1040 5558 1050 5591 ε
1073 5536 1382 5611 munitium&
1398 5552 1455 5593 nott
1465 5536 1711 5594 uleisoelurent'me
1724 5539 1826 5595 metir

194 5632 223 5679 et
238 5622 384 5683 immensas
405 5630 542 5701 qurqitnm
558 5632 643 5688 moles
660 5648 721 5689 meu
739 5641 874 5705 precepto
889 5632 986 5688 littori-
1039 5630 1068 5686 st
1079 5629 1190 5687 reluere
1201 5630 1331 5686 munere
1343 5629 1507 5701 porsinquir
1520 5645 1581 5701 quse
1602 5630 1631 5687 ln
1650 5628 1811 5705 Septuagint

195 5715 247 5771 bus
261 5716 406 5785 rdrcnari,
417 5718 493 5788 juxta
508 5721 573 5776 illnd
586 5724 656 5793 quod
672 5725 850 5793 scriptumest
864 5741 872 5778 t
887 5743 896 5775 r
915 5722 986 5780 l‘nc·
1039 5724 1157 5780 editione
1173 5722 1355 5794 pretermissa
1366 5723 1559 5796 risnelmum
1571 5723 1625 5781 liet.
1636 5716 1687 5792 Del
1699 5723 1826 5791 tenderat,
