4042 6200
173 328 227 383 ill
664 331 710 391 DE
728 335 1009 400 obticescerent
1027 345 1109 406 llllll.
1129 381 1164 392 -
1183 350 1247 408 Lttt.
1269 351 1335 410 llll.
1756 359 1810 418 ete

168 442 281 498 curarit
297 439 374 515 (Gen.
389 444 467 516 m).
482 443 551 500 liam
563 443 631 502 tales
651 444 723 504 letos
736 464 802 505 ores
814 449 887 508 illius
900 467 966 509 cau·
981 471 1006 529 A
1020 456 1092 516 ictus
1108 460 1225 530 pariant.
1247 460 1323 518 llane
1340 461 1412 518 enim
1432 462 1593 521 teritinarum
1608 479 1670 524 csse
1686 477 1808 525 uamrom

168 532 319 602 cipiebant,
334 534 429 603 duales
442 534 678 592 uutbmsatictrm
694 538 810 610 desuper
821 543 969 601 ascenden·
1019 551 1123 618 dicunt,
1138 559 1170 607 nt
1180 552 1274 623 quales
1287 554 1478 624 conspexerint
1494 554 1550 611 sire
1565 564 1655 613 mente
1678 573 1812 629 concepe-

170 624 239 679 tium
257 625 285 681 in
302 641 435 696 aquarum
447 626 557 697 speculo
571 629 834 700 contemplabantur.
847 633 968 706 lienique
1019 641 1075 698 rint
1089 641 1117 697 in
1129 651 1252 699 extremo
1262 642 1409 714 voluptatis
1431 651 1498 700 estu
1521 645 1630 716 quando
1643 646 1810 718 concipiunt,

166 727 195 771 ⁰¹
212 718 264 773 ¹¹⁰⁰
284 718 372 789 libum
387 720 415 773 5¹¹
439 735 571 789 e‘lubium
595 719 723 792 Efeblblss
748 721 807 778 fles?
825 722 922 791 fertur,
937 735 968 783 til
1018 735 1099 791 talem
1113 746 1140 791 et
1155 737 1275 792 sobolem
1295 745 1448 808 procreent.
1469 738 1577 795 Etenim
1594 740 1694 795 animal
1716 742 1743 796 in
1760 758 1810 797 usn

166 823 317 877 generosos
333 808 465 880 objiciant
478 825 563 881 eones
585 811 689 867 risibus
704 816 963 872 concumbentium:
1017 841 1134 883 venemo
1147 827 1248 883 lorrnas
1257 829 1430 886 extrinsecus
1440 830 1515 885 intus
1525 831 1695 898 transmittit,
1703 847 1811 888 cotum·

165 921 223 976 quo
247 921 342 962 eornm
369 907 474 963 similes
504 910 649 980 concipere
677 918 705 966 et
729 927 824 968 creare
846 912 963 983 possint.
1016 918 1176 988 qnesatiata
1191 920 1271 990 typis,
1286 920 1357 990 rapit
1380 920 1526 991 speciesin
1541 923 1810 994 propriurnuoalita·

165 998 234 1055 llam
258 1009 288 1055 et
305 999 490 1058 columbarum
508 1005 660 1075 specierum
677 1005 821 1064 dilectores
842 1009 964 1079 depictas
1018 1019 1082 1066 tem.
1098 1010 1127 1065 lu
1143 1013 1326 1067 animantibus
1339 1012 1468 1081 bigenera
1493 1011 1630 1079 dictrntur,
1645 1030 1706 1084 quae
1718 1030 1751 1070 es
1767 1016 1807 1070 di·

164 1099 272 1159 poturot
290 1090 486 1161 pulcherrimas
498 1093 637 1150 columbas
651 1094 755 1152 hisdem
778 1098 854 1162 loeis,
866 1097 965 1168 quibus
1017 1102 1103 1156 versis
1119 1110 1279 1165 nascautur,
1298 1110 1329 1158 ut
1341 1101 1431 1158 mulus
1444 1117 1479 1158 ex
1491 1116 1561 1174 equa
1579 1111 1608 1158 et
1620 1104 1709 1170 asino,
1723 1104 1809 1160 burdo

163 1181 219 1237 ille
232 1192 376 1238 versantur
391 1199 399 1238 t
417 1200 471 1255 quo
486 1187 610 1256 rapiente
627 1187 687 1243 risu
708 1187 811 1244 similes
822 1197 962 1260 generent.
1015 1206 1048 1245 en
1062 1207 1133 1261 equo
1146 1202 1171 1248 et
1190 1193 1279 1248 asina.
1304 1192 1391 1249 ibride
1411 1208 1445 1247 er
1460 1193 1534 1264 apris
1549 1200 1578 1249 et
1591 1195 1692 1264 porcis,
1709 1195 1809 1267 tityrus

163 1272 230 1327 lorle
244 1281 296 1332 est,
311 1273 382 1342 qnod
398 1276 507 1345 nitidam
526 1277 652 1347 gravidas
676 1277 805 1334 mulieres
825 1277 922 1346 juben
934 1285 965 1333 ut
1014 1299 1048 1338 ex
1066 1299 1116 1339 ore
1130 1292 1158 1339 et
1170 1285 1257 1351 bireo,
1269 1300 1380 1342 muscus
1394 1301 1426 1342 es
1440 1301 1521 1355 capra
1537 1295 1565 1342 et
1578 1286 1672 1342 ariete.
1688 1286 1737 1343 Est
1756 1303 1808 1342 au-

163 1362 265 1417 nullius
278 1373 436 1420 intueantur
446 1367 580 1438 pessimos
588 1367 746 1423 animalium
761 1369 862 1435 vultus,
874 1378 905 1424 ut
916 1384 959 1441 cy·
1015 1375 1134 1431 temdus
1153 1376 1254 1447 gregis.

163 1454 327 1525 uocepbalos
338 1463 366 1511 et
383 1457 487 1524 simias,
503 1474 536 1515 ne
546 1458 648 1515 risibus
667 1469 842 1516 occurrentes
859 1460 962 1516 similes

769 1686 916 1766 ttrite
955 1685 1205 1767 OCTAVUS.

873 1827 1070 1840 m

429 1909 543 1966 CAPUT
561 1897 706 1965 rutbbtt.
969 1914 990 1973 Β
1005 1909 1098 1965 clentis.
1121 1908 1172 1976 Qui
1196 1908 1265 1963 bene
1280 1905 1371 1963 catulo
1391 1906 1537 1963 dormienti
1553 1907 1641 1965 tribus
1665 1910 1760 1969 diebus
1774 1921 1803 1970 ct

468 2001 506 2055 lte
520 2000 618 2056 bestiis.
1005 2001 1092 2055 tribus
1103 1998 1227 2054 noctibus
1237 2004 1410 2067 comparatur
1428 2015 1435 2051 ε
1456 1997 1518 2067 quia
1533 1998 1621 2055 triduo
1633 2000 1661 2058 itt
1675 2002 1802 2073 sepulcro

197 2091 348 2148 Bestiarum
360 2090 523 2147 roeabulum
541 2090 649 2162 proprie
673 2090 800 2145 convenit
817 2089 951 2155 leonibus,
999 2087 1095 2157 jacens
1109 2102 1232 2144 somnum
1247 2086 1341 2144 mortis
1356 2085 1496 2157 implevit,
1511 2095 1539 2142 et
1553 2089 1611 2160 ipsa
1623 2100 1711 2146 morte
1726 2109 1799 2152 mor-

158 2186 260 2256 pardis,
277 2183 402 2257 tigribus,
423 2183 503 2254 lupis,
528 2181 661 2254 vulpibus,
675 2182 854 2252 canibusque,
868 2189 897 2238 et
912 2181 951 2236 si-
1003 2179 1039 2234 tis
1052 2177 1193 2250 imperium
1210 2175 1284 2230 vicit.
1306 2175 1344 2230 lle
1358 2190 1412 2244 quo
1436 2174 1464 2230 iu
1479 2175 1578 2232 Genesi
1592 2179 1722 2249 scriptum
1738 2192 1800 2242 est:

159 2277 389 2344 miis,etceteris
407 2290 467 2347 qttae
489 2273 650 2330 relorerel
676 2273 811 2345 unguibus
824 2273 949 2339 seviunt,
1003 2264 1087 2336 Quos
1116 2265 1219 2322 rotulus
1240 2264 1341 2330 lconis,
1374 2266 1432 2337 quis
1457 2267 1594 2322 suscitabit
1616 2270 1700 2325 min?
1721 2270 1800 2345 (Gen.

157 2375 279 2444 exceptis
303 2373 484 2446 serpentibus.
515 2372 612 2429 Bestia
639 2373 802 2438 dietmari,
829 2388 881 2443 qiua
898 2389 950 2429 εω-
1002 2358 1087 2433 surr).
1101 2358 1203 2416 Leones
1215 2357 1351 2428 praepositi
1363 2357 1491 2414 Ecclesiae
1507 2357 1704 2439 intelliguntur.
1721 2361 1799 2422 Unde

157 2468 253 2522 siunt:
282 2465 348 2523 iera·
361 2465 512 2537 appellatae,
541 2480 574 2520 eo
600 2467 673 2536 quod
703 2463 820 2520 naturali
838 2473 952 2521 utantur
1001 2450 1031 2506 5¹¹
1041 2450 1140 2521 llll'²1³⁰
1152 2449 1259 2504 ⁰0m5¹¹5
1272 2448 1365 2504 ¹0⁰⁰¹²³
1386 2462 1450 2504 cum
1461 2448 1550 2504 h⁰b¹¹⁸
1566 2463 1601 2505 0¹
1614 2465 1669 2508 Ele
1683 2453 1711 2509 5¹¹
1725 2453 1800 2509 basi·

156 2557 283 2613 libertate
298 2567 325 2613 et
352 2557 486 2612 desiderio
511 2571 560 2611 suo
576 2553 707 2609 terantur.
735 2553 804 2610 Strnt
827 2556 900 2609 enim
917 2555 950 2611 lr-
1000 2545 1052 2600 b¹¹⁵
1064 2543 1155 2613 templi
1172 2542 1230 2598 sieri
1254 2541 1457 2613 lmlllllffll'ff·
1482 2538 1549 2597 “⁰¹¹¹
1563 2541 1609 2600 ¹0⁰
1621 2558 1671 2615 per
1684 2544 1798 2618 “butam

155 2647 228 2702 uera
242 2662 337 2704 mrum
351 2646 514 2713 uoluntates,
528 2654 555 2701 et
564 2646 617 2701 buc
628 2656 710 2717 atque
725 2645 787 2702 illuc
803 2655 944 2718 vagantur,
1000 2634 1318 2690 ⁸³⁰0l0¹l¹¹¹11¹⁰0l⁰l¹¹¹¹¹
1345 2630 1509 2701 impavidum
1534 2641 1634 2689 mlum
1652 2635 1797 2707 benificii,

155 2748 183 2795 et
194 2754 249 2809 quo
261 2740 370 2795 animus
383 2738 500 2805 duxerit,
515 2753 547 2793 eo
559 2736 694 2793 tertiatur.
706 2736 806 2793 Leonis
828 2739 947 2793 vocabu·
998 2743 1114 2799 quornm
1130 2726 1243 2797 rugitus,
1266 2725 1319 2781 boc
1338 2733 1391 2791 est,
1412 2724 1616 2795 praedicationis
1643 2743 1695 2784 ror
1712 2738 1797 2785 terret

155 2830 211 2885 Ιῃῐῃ
237 2847 272 2887 01
292 2830 388 2888 (ξω
413 2831 518 2905 origine
541 2830 667 2886 inflexum
690 2839 733 2886 est
757 2831 783 2886 Ῑῃ
809 2829 946 2887 Latinum,
998 2818 1179 2876 adversarios·
1208 2815 1285 2873 Unde
1314 2815 1445 2885 §Cllpllllss
1470 2823 1534 2872 cst:
1559 2815 1612 2871 Leo
1638 2816 1799 2888 {vilittt'mitt

153 2921 247 2980 crece
272 2925 344 2980 euim
368 2924 429 2980 leon
452 2933 575 2989 roratur,
597 2932 678 2982 etesi
699 2937 797 2979 nomen
821 2924 946 2990 nothum,
997 2912 1149 2976 tertiorum,
1175 2910 1210 2966 Μ
1226 2907 1325 2965 ’ttulit‘
1341 2907 1442 2978 PWW
1456 2921 1594 2963 murium
1608 2907 1645 2982 (Ρ
1647 2924 1701 2964 ml·
1720 2909 1798 2980 ¹¹¹)-

153 3014 217 3084 quia
244 3023 373 3086 exparte
398 3023 555 3086 corruptum
584 3025 645 3070 est:
664 3015 748 3071 leaena
764 3030 830 3072 vero
860 3024 947 3072 totum
996 3004 1183 3061 Elissbffltlssi
1203 3001 1349 3073 militm
1364 3015 1372 3028 '
1386 3000 1445 3073 ‘1¹⁴⁵’
1456 3015 1508 3054 ΜΒ
1528 2998 1652 3055 “mem
1669 2998 1798 3057 mmmm

153 3107 278 3164 Graecum
291 3116 343 3175 est,
358 3109 429 3164 sicut
439 3115 468 3165 et
484 3109 618 3165 dracena.
635 3108 671 3166 llt
685 3118 775 3166 autem
797 3111 881 3165 leena
904 3110 945 3165 lea
996 3095 1099 3153 ‘⁰⁶⁸⁸ss
1113 3104 1172 3152 ⁰⁸⁸³
1186 3092 1245 3166 ιιι*
1259 3109 1312 3149 ³⁰³²
1331 3089 1517 3164 liwi‘l'ewbl‘?
1535 3089 1625 3162 (Ᾰωθι
1648 3091 1703 3164 nt.)
1729 3091 1796 3149 ¹¹⁰¹ss

152 3195 270 3261 dicatur,
283 3205 443 3268 usurpatum
454 3207 525 3252 csta
543 3196 641 3268 poetis.
666 3197 721 3254 Leo
735 3206 826 3254 autem
839 3197 944 3265 Graeee,
995 3191 1078 3247 leoiu
1092 3187 1257 3258 ‚contrariam
1281 3193 1387 3257 litim
1410 3186 1536 3255 imbitur,
1563 3186 1672 3255 quando
1689 3189 1796 3244 tffltititt

155 3284 250 3342 laune
264 3301 313 3341 rex
338 3286 532 3356 interpretatur
548 3301 592 3351 eo,
617 3287 688 3358 quod
701 3286 828 3357 princeps
840 3288 876 3343 sit
886 3282 981 3346 ειη-0
996 3280 1056 3351 ejus
1067 3280 1280 3341 demonstrator,
1292 3286 1322 3333 ut
1334 3284 1378 3333 est
1393 3276 1460 3333 illutl
1479 3276 1553 3334 Petri
1565 3276 1706 3347 Apostoli:
1725 3277 1798 3351 lipi-

153 3377 227 3432 nium
244 3377 405 3433 bestiarum.
433 3376 515 3445 Cujus
530 3391 614 3446 penus
638 3375 774 3432 trifarium
802 3378 945 3443 diciturne
996 3374 1059 3441 tots,
1075 3373 1172 3446 iniquit,
1187 3371 1395 3442 etcrotettpus'o
1409 3371 1576 3428 cdrersnn'os
1594 3382 1676 3428 uester
1695 3373 1796 3430 Diabo-

151 3467 250 3537 qnibus
261 3468 370 3533 breues,
384 3474 412 3521 et
422 3466 487 3537 juba
504 3467 609 3536 crispa,
625 3466 746 3522 imbelles
764 3476 844 3523 sont:
862 3467 943 3540 longi,
996 3466 1048 3532 lus,
1062 3476 1187 3535 torosam
1199 3465 1238 3519 lca
1256 3465 1379 3535 ruqiesrs,
1403 3465 1506 3533 circuit,
1530 3482 1739 3539 queremonias
1751 3468 1798 3524 tte·

151 3568 179 3614 et
200 3575 280 3614 coma
296 3556 424 3630 simplici,
452 3572 540 3614 acres.
564 3558 677 3613 Animos
697 3573 792 3614 eorum
819 3558 894 3615 trous
917 3570 945 3616 et
995 3568 1066 3613 roret
1084 3557 1110 3629 (l
1123 3554 1196 3612 Petr.
1212 3555 1249 3625 ri.
1264 3555 1382 3611 liursnsn
1395 3553 1623 3627 inlobscriptum
1634 3566 1676 3614 est
1691 3575 1697 3613 :
1713 3557 1795 3630 [litoi-

150 3650 235 3705 moda
255 3650 379 3706 indicat:
398 3651 484 3706 virtus
502 3664 595 3705 eorum
611 3650 637 3704 in
654 3657 764 3719 pectore
778 3658 819 3704 est
835 3668 842 3703 :
861 3650 945 3707 drmi-
994 3658 1037 3705 tss
1051 3648 1144 3714 bonis,
1155 3657 1179 3703 et
1195 3663 1246 3702 ons
1260 3646 1360 3711 lecese,
1382 3656 1406 3702 et
1420 3647 1511 3703 denus
1526 3648 1675 3703 catulorum
1691 3648 1795 3704 leonum

150 3752 192 3796 tas
206 3742 232 3796 in
248 3742 345 3813 capite.
359 3738 434 3813 Septi
448 3738 759 3796 arenatoribusterram
771 3747 944 3808 contuentur,
994 3741 1100 3796 contrui
1124 3750 1185 3797 sunt
1201 3738 1273 3813 (tot.
1298 3739 1347 3811 rr).
1373 3738 1477 3797 Leonte
1501 3751 1591 3795 autem
1615 3742 1725 3797 nontine
1747 3740 1795 3794 ali-

150 3847 204 3902 quo
219 3830 309 3886 minus
319 3830 472 3901 conspectis
483 3828 624 3885 venabulis
636 3836 797 3885 terreantur.
813 3828 944 3886 liotarum
993 3831 1102 3902 qnando
1124 3839 1218 3888 sancta
1246 3830 1377 3897 Ecclesia,
1403 3829 1547 3902 aliquando
1570 3830 1719 3901 babylonia
1745 3831 1793 3886 de·

150 3918 247 3975 timent
264 3920 404 3989 strepitus,
420 3920 467 3974 sed
480 3919 556 3991 ipnes
572 3919 669 3991 magis.
693 3919 761 3975 Cum
772 3920 942 3986 dormierint,
993 3920 1126 3994 signatur.
1148 3922 1202 3978 Pro
1214 3936 1247 3978 eo
1260 3922 1344 3989 enim,
1357 3923 1431 3994 quud
1446 3931 1542 3979 contra
1557 3922 1730 3978 aduersarios
1744 3938 1794 3976 au·

149 4008 261 4079 sigibot
271 4008 364 4064 oculi:
388 4023 449 4063 cum
463 4009 611 4073 ambulant,
627 4009 712 4064 cauda
723 4024 772 4066 sua
785 4011 944 4080 cooperiunt
993 4013 1046 4068 tlax
1063 4021 1122 4080 est,
1144 4014 1228 4070 lemna
1241 4014 1362 4071 Ecclesia
1377 4014 1486 4077 dicitnr,
1501 4014 1573 4068 sieut
1584 4011 1706 4083 eiusdem
1720 4013 1792 4068 beati

148 4101 264 4172 uestigia
278 4116 336 4164 sua,
365 4115 399 4155 oe
415 4115 463 4157 eos
478 4109 591 4157 renator
609 4101 738 4157 inveniat.
758 4100 826 4157 Cum
843 4117 943 4172 genite·
991 4101 1044 4158 lob
1059 4104 1170 4160 uocibus
1185 4106 1364 4175 approbatur,
1389 4104 1435 4174 tpui
1449 4101 1608 4158 derelictam
1623 4102 1658 4156 ab
1670 4103 1792 4162 Ecclesia

150 4194 346 4261 rintcatulum,
367 4192 453 4250 tribus
467 4193 563 4250 diebus
582 4203 611 4251 et
627 4195 714 4251 tribus
728 4195 852 4251 noctibus
865 4202 942 4250 catu·
991 4194 1110 4250 todaean
1133 4195 1256 4252 indicans
1274 4196 1331 4252 uit:
1350 4193 1411 4250 Non
1423 4193 1590 4249 colcoucruot
1602 4210 1661 4249 enm
1678 4194 1728 4264 pilii
1748 4212 1791 4249 rn-

149 4284 190 4339 lus
204 4284 323 4341 dormire
341 4284 448 4340 sertor:
464 4294 530 4342 tune
545 4285 642 4342 deinde
663 4286 750 4357 patris
764 4285 874 4342 fremitu
899 4286 941 4342 rel
991 4286 1113 4339 tritorum
1132 4301 1178 4340 osc
1189 4286 1353 4356 pertransibit
1368 4301 1481 4355 perenm
1496 4283 1580 4339 teoena
1596 4284 1668 4356 (lob.
1682 4285 1790 4356 uxrio).

149 4375 236 4446 rugitu
250 4372 334 4429 reluti
352 4374 528 4432 tremefactus
539 4375 636 4433 cubilis
647 4376 734 4443 locus,
753 4378 887 4434 suscitare
898 4379 940 4433 di·
991 4375 1089 4432 leaena
1102 4375 1222 4432 Ecclesia
1237 4374 1343 4433 inlob:
1368 4373 1497 4447 Nunquid
1512 4376 1598 4446 copies
1616 4374 1707 4432 letrau
1724 4393 1793 4447 prc-

147 4466 349 4522 ritureatulnm
372 4466 560 4524 domrieutenr.
583 4466 663 4525 Circa
677 4470 813 4525 bominem
833 4471 939 4527 leonum
990 4467 1077 4523 dom?
1102 4478 1148 4522 ort
1175 4468 1278 4524 nmmos
1299 4466 1449 4522 catulorum
1471 4465 1529 4537 ejus
1551 4465 1695 4538 implebis?
1717 4466 1790 4538 (lob.

147 4564 243 4611 natura
256 4554 330 4610 mitis
343 4564 404 4610 est:
420 4564 459 4621 ut,
474 4557 526 4612 nisi
541 4557 606 4623 lesi,
620 4568 758 4629 nequeant
776 4561 867 4617 irasci.
890 4560 941 4616 Pa·
991 4559 1098 4633 xxxix.)
1123 4558 1212 4616 catuli
1237 4558 1337 4620 leaense,
1362 4557 1483 4629 Apostoli
1504 4558 1549 4615 ubi
1563 4567 1593 4614 et
1615 4573 1709 4630 supra.
1733 4559 1792 4615 illi-

147 4654 186 4702 tet
213 4646 286 4701 enirn
316 4660 413 4701 eornm
440 4647 625 4704 misericordia
651 4650 781 4720 exemplis
809 4652 936 4710 assiduis.
952 4639 1100 4723 unando
1116 4652 1209 4707 leseoae
1220 4651 1331 4708 nomine
1354 4649 1541 4721 btrjusmundi
1558 4650 1666 4716 civitas,
1696 4651 1721 4706 id
1736 4658 1791 4733 est,

145 4733 292 4794 Prostratis
304 4740 377 4794 eninr
390 4747 515 4809 pareunt,
532 4740 653 4813 captiuos
666 4742 761 4798 obvios
779 4743 807 4798 io
821 4745 937 4815 patriam
992 4743 1139 4816 Babylonia
1155 4742 1337 4813 exprimitur,
1362 4755 1424 4813 quse
1437 4747 1532 4799 contra
1549 4741 1633 4797 ritatn
1658 4740 1789 4795 innnocen-

145 4829 234 4885 redire
246 4828 423 4899 permittunt,
444 4830 581 4886 hominem
607 4833 726 4888 nonnisi
750 4849 848 4906 magna
868 4836 939 4894 tame
992 4832 1060 4888 tium
1086 4832 1254 4887 immanitate
1267 4831 1436 4889 crudelitatis
1459 4831 1606 4888 effrenatur
1621 4849 1628 4886 ι
1645 4845 1705 4900 qnae
1717 4832 1790 4886 auti-

146 4922 317 4978 interimunt.
343 4921 397 4979 Leo
410 4924 495 4990 eninr,
520 4924 566 4995 qui
581 4939 628 4979 rex
652 4932 694 4980 est
715 4926 875 4995 bestiarum,
890 4944 940 5001 per
991 4939 1045 4993 qno
1060 4923 1142 4986 hosti,
1157 4923 1234 4993 qrrasi
1247 4909 1398 4980 serissime
1421 4923 1503 4987 leoni,
1522 4923 1636 4987 sociata,
1651 4937 1789 4991 perversas

145 5011 330 5069 tortitudinem
344 5021 437 5086 typum
451 5023 527 5071 tenet
539 5014 650 5081 Christi,
664 5016 711 5087 uui
724 5026 765 5073 est
778 5035 826 5073 rex
845 5035 938 5092 regmn
990 5015 1175 5085 persuasionis
1187 5015 1246 5086 ejus
1259 5015 1362 5071 semina
1382 5014 1510 5085 concipit,
1520 5023 1548 5069 et
1562 5013 1693 5084 reprobos
1709 5029 1744 5068 et
1758 5028 1788 5069 sc

144 5112 171 5158 ct
189 5102 316 5161 dominus
328 5105 542 5173 dominantium,
566 5110 599 5165 de
620 5125 674 5180 quo
692 5111 823 5181 scriptum
845 5112 936 5167 estin
991 5106 1060 5162 tilios
1079 5105 1113 5161 ad
1137 5105 1339 5162 similitudinem
1363 5103 1527 5175 illiusquasi
1550 5102 1668 5160 erudelis
1682 5104 1787 5161 catulos

142 5192 325 5267 apocalypsi:
346 5194 415 5251 ecee
431 5198 491 5252 een
505 5196 545 5251 no
561 5199 594 5253 n
606 5200 675 5253 irin
694 5200 777 5266 tcta,
793 5202 872 5255 mro
885 5202 938 5257 na·
989 5194 1084 5266 uruit·
1098 5193 1186 5250 onst
1199 5202 1289 5250 auten
1302 5192 1409 5251 leonum
1422 5209 1486 5249 suni
1498 5192 1612 5264 quittoct
1629 5194 1737 5264 opnor
1752 5195 1787 5250 ad

143 5285 195 5350 rid,
216 5286 427 5356 mercturam
450 5298 475 5343 et
488 5288 586 5344 soluere
606 5300 702 5360 septem
727 5290 864 5362 sipnocuts
879 5296 938 5364 cias
990 5285 1110 5354 inlutum
1127 5284 1212 5340 ritem
1230 5284 1410 5356 melienorum
1432 5282 1577 5354 spirituum
1599 5296 1694 5339 errore
1705 5297 1788 5355 geue·

144 5378 236 5451 (spec.
251 5379 289 5451 r).
306 5379 383 5436 Unde
395 5389 423 5436 et
436 5379 518 5437 Jacob
530 5382 684 5451 patriarcba
704 5382 771 5437 dixti
787 5383 814 5438 in
829 5384 925 5440 peneus
992 5374 1062 5430 rati:
1078 5375 1124 5445 qni
1139 5383 1168 5430 et
1188 5374 1270 5431 simul
1285 5388 1380 5431 omncs
1397 5373 1551 5435 unircrsuur
1573 5371 1668 5427 mundi
1689 5372 1786 5428 cirint-

143 5471 232 5526 etione
255 5468 332 5527 lude
344 5471 390 5528 lilii
406 5474 446 5528 soi
462 5488 470 5528 a
486 5473 596 5531 Catulus
617 5474 699 5530 teonis
712 5474 795 5530 tuto.
818 5476 860 5530 Ad
870 5493 938 5547 pric-
991 5480 1056 5534 tent,
1079 5482 1161 5538 uuam
1172 5466 1346 5537 prediximus
1358 5464 1544 5536 Babyloniam,
1566 5463 1678 5527 tanum,
1701 5471 1729 5519 et
1743 5474 1784 5517 ιι·

142 5562 217 5628 donn
230 5562 271 5631 tili
290 5562 337 5626 sti,
354 5565 494 5619 ascendisti
509 5564 585 5637 (Gerr.
607 5565 700 5635 xtrr);
715 5567 843 5637 qrroniom
861 5566 939 5623 Cbri-
991 5578 1053 5617 meu
1080 5560 1149 5616 idem
1166 5559 1263 5629 singoli
1279 5557 1434 5629 uaoytoue
1459 5555 1505 5613 lilii
1521 5555 1600 5629 qnasi
1624 5571 1678 5612 non
1693 5553 1785 5610 leaeuae

144 5660 202 5708 stus
225 5653 362 5708 nascemlo
388 5656 513 5724 parvulus
542 5658 629 5713 iactus
652 5666 704 5721 est,
728 5665 755 5712 et
778 5657 805 5712 in
829 5672 938 5713 croceio
990 5653 1070 5724 plene
1080 5650 1160 5707 caurli
1175 5659 1318 5706 rorantur.
1337 5648 1414 5705 Siurt
1427 5649 1500 5705 enim
1513 5647 1577 5704 Sion
1593 5655 1648 5703 tots
1663 5644 1784 5703 Ecclesia

146 5743 307 5810 rsoeniletts,
322 5748 444 5814 captivos
457 5747 568 5817 populos
585 5748 618 5803 ilc
632 5756 765 5817 potestate
778 5747 878 5802 dioboli
893 5762 937 5803 rc-
991 5746 1106 5810 dicitnr,
1131 5744 1178 5800 blii
1195 5752 1285 5799 antem
1305 5740 1371 5799 Sion
1390 5750 1546 5800 sauctorum
1571 5736 1669 5811 singuli
1683 5735 1783 5809 quirius
