4042 6200
217 289 266 347 231
563 277 593 335 B.
614 276 741 334 nauum
760 275 870 334 nsunt
889 272 1050 334 necuter.
1072 273 1378 348 accubantium
1391 274 1480 331 PARS
1498 274 1530 330 ll.

1801 282 1855 343 232

214 393 276 459 mit,
287 390 401 447 alteram
413 388 499 445 cauda
514 389 625 445 obturat
638 398 667 445 et
676 391 775 460 operit,
793 399 875 461 atque
896 389 934 444 ita
959 402 1005 443 vc·
1019 393 1044 451 Α
1058 397 1111 453 est,
1122 387 1186 445 duat
1201 386 1307 445 occulte
1318 387 1437 460 perinte
1453 385 1610 454 Basiliscus,
1626 402 1688 446 curu
1701 388 1793 459 palam
1806 404 1851 446 re-

215 495 261 539 tes
270 481 330 538 illas
343 481 462 554 magicus
478 495 532 535 non
546 480 660 537 audiens
678 496 733 536 non
747 481 803 536 exit
816 481 850 536 ad
865 480 1005 536 incentha·

214 581 279 629 tero.
298 575 335 630 De
348 590 401 643 quo
412 573 478 629 dicit
500 572 662 629 Psalmists:
683 571 731 628 lra
745 572 799 628 illis
811 574 954 629 mandant
970 574 1007 629 si-

214 663 388 719 militudinem
398 665 535 734 serpentis,
546 664 614 717 siant
626 661 725 734 aspidis
736 662 825 717 sarda
838 672 862 717 et
880 662 1006 718 aileran-

199 759 245 811 ‘tis
260 773 336 812 aures
350 771 424 822 snas,
437 772 495 828 pun
509 772 561 810 nnn
571 754 693 810 exaudiet
705 769 792 809 nocem
804 753 1003 818 incantantium,

212 859 235 901 et
253 849 388 917 canapeia,
401 863 460 918 qna
476 847 672 901 incommuta
694 845 811 915 sapiente
826 841 913 915 (Part.
927 845 1004 916 urit).

213 939 271 1005 Quo
285 949 410 1008 serpente
425 937 462 991 ira
474 934 628 992 ludentum
641 949 690 1005 per
703 932 906 990 similitudinem
925 933 1006 989 nimis

211 1032 377 1101 aptissimam
387 1028 526 1085 diffinitur.
538 1026 741 1083 obstinatorum
752 1025 852 1096 quippe
864 1024 1004 1080 hominum

212 1123 250 1176 ira
266 1120 450 1177 irrevocabilis
472 1126 534 1183 est,
552 1118 599 1189 qui
614 1131 647 1173 ne
662 1115 817 1172 docentium
835 1115 1005 1186 predicatio·

211 1225 257 1264 ares
275 1210 431 1275 exaudiant,
453 1215 601 1280 procurant
623 1207 674 1264 sibi
687 1206 866 1262 voluntariam
888 1204 1005 1262 surdita-

210 1310 274 1355 tem.
297 1297 346 1355 Cui
360 1300 431 1355 malo
444 1299 609 1355 consuetudo
622 1297 724 1367 aspidis
740 1304 922 1367 comparatur,
945 1310 1005 1367 quae

210 1409 243 1446 ne
257 1392 338 1447 verba
354 1391 517 1446 incantantis
540 1389 682 1455 exaudiat,
696 1401 813 1458 suasque
826 1386 945 1443 latebras
958 1386 1005 1443 de·

1058 491 1129 536 uena
1141 478 1309 536 disseminat.
1324 479 1390 546 Lea,
1410 480 1477 537 dum
1494 479 1667 551 persequitur
1680 479 1848 539 innocentes.

1058 568 1157 635 lirano,
1173 583 1236 625 cum
1255 570 1422 643 negligentes
1448 571 1531 641 impia
1555 569 1704 626 voracitate
1727 570 1850 644 deglutit.

1058 658 1158 715 verum
1180 658 1240 716 baec
1262 659 1354 716 omnia
1370 660 1398 716 in
1413 660 1531 731 glorioso
1554 662 1669 717 aduemn
1683 660 1791 718 Domini
1803 677 1853 736 pe·

1057 749 1136 806 dibus
1153 750 1238 821 ipsius
1252 761 1391 824 prostrata
1405 751 1560 823 iacuerunt.
1587 753 1667 812 Solus
1690 771 1764 812 mnu
1793 766 1850 814 tam

1057 837 1160 897 lenacia
1180 840 1266 899 valuit
1282 842 1412 909 subdere,
1425 843 1474 914 nui
1488 843 1562 899 Patri
1576 854 1728 902 cameram
1742 854 1772 903 et
1785 862 1850 904 coa·

1056 930 1244 990 substantialis
1257 935 1406 991 secundum
1426 935 1595 993 diuinitatem
1609 938 1741 1009 probatur
1753 939 1850 996 existe

1056 1034 1097 1076 re.
1120 1019 1184 1077 llaec
1205 1023 1229 1078 si
1252 1022 1395 1096 diligenter
1420 1035 1574 1083 sanctorum
1595 1037 1702 1098 patrum
1719 1031 1850 1101 pradica-

1057 1109 1129 1167 tione
1147 1119 1309 1178 tractemus,
1339 1131 1390 1172 nec
1415 1115 1504 1189 aliqua
1534 1119 1698 1176 dementium
1721 1122 1848 1179 haeretica

1055 1202 1191 1271 pravitate
1215 1205 1356 1260 turbemur
1372 1225 1379 1261 :
1395 1216 1424 1263 et
1440 1208 1532 1264 omnia
1559 1210 1660 1276 nohis,
1687 1212 1760 1269 sicut
1775 1214 1847 1270 dicta

1055 1301 1139 1360 sunt,
1154 1294 1277 1351 absoluta
1291 1297 1406 1354 veritate
1418 1300 1592 1355 constabunt.
1608 1298 1723 1372 Scorpio
1747 1304 1848 1359 vermis

1055 1389 1192 1451 terrenus,
1212 1385 1260 1456 qui
1285 1386 1376 1455 potius
1391 1388 1529 1444 vermibus
1548 1397 1667 1460 aptatur.
1682 1389 1789 1446 haimai
1802 1407 1848 1446 ar·

211 1483 354 1554 relinquat,
375 1499 455 1538 unam
479 1498 572 1538 aurern
593 1481 686 1537 caudae
704 1477 917 1536 snaeindexiaae
935 1480 1004 1536 diei·
1055 1483 1159 1531 matum
1195 1476 1290 1533 aculeo
1317 1485 1346 1532 et
1374 1493 1408 1535 eu
1433 1494 1466 1535 eo
1492 1479 1588 1536 lirmce
1621 1490 1746 1538 vocatum
1780 1492 1845 1549 est,

210 1587 254 1629 tur
277 1577 415 1640 obturare,
441 1575 553 1630 atteram
580 1587 644 1629 vero
670 1573 698 1628 in
716 1582 816 1629 temam
841 1571 1002 1643 deprimere.
1054 1564 1127 1633 quod
1160 1566 1246 1621 cauda
1269 1565 1356 1639 tigat,
1389 1578 1501 1624 arcuato
1528 1569 1639 1625 vulnere
1668 1586 1772 1628 venena
1797 1574 1848 1629 nrt-

208 1664 256 1718 Cui
273 1659 1004 1733 meritoiualnienruparstlsnut,qui,eordisauribus
1054 1656 1160 1713 lunulat.
1193 1658 1336 1729 Proprium
1368 1668 1411 1718 est
1444 1673 1535 1719 nutent
1567 1662 1736 1733 scorpionis,
1774 1666 1846 1734 qrrod

208 1757 358 1821 obturatis,
374 1766 475 1811 sancte
499 1756 647 1825 scripturae
661 1755 755 1823 andire
770 1753 916 1810 noluemnt
928 1754 1003 1809 saln-
1019 1761 1042 1820 Β
1056 1763 1153 1805 mettun
1170 1748 1287 1820 palmum
1307 1767 1361 1806 nun
1385 1748 1475 1809 leniat.
1504 1752 1618 1824 Scorpio
1644 1754 1781 1810 diabolum
1809 1757 1847 1811 si-

208 1848 352 1902 herrinram
365 1846 786 1918 jussionem0bturareenima
813 1846 998 1903 sacerdotibus
1050 1839 1162 1911 suffieit
1182 1841 1225 1897 vel
1251 1842 1401 1899 ministros.
1426 1843 1504 1900 Unde
1528 1854 1570 1900 est
1593 1844 1658 1900 illud
1674 1844 1844 1903 Dominicuru

207 1945 324 1992 tractum
334 1946 388 2004 est,
405 1937 451 2008 qui
466 1949 546 1993 aures
559 1951 623 1992 snas
636 1945 696 1992 turc
707 1937 859 2008 replebant,
874 1952 909 1993 ne
923 1952 999 2007 pere·
1049 1929 1508 2007 ittEltttteli⁰1E⁶ct.l¹tt1¹¹il‚
1531 1936 1593 1992 dadi
1626 1937 1696 1993 volit
1729 1950 1844 2008 potesta-

132 2020 135 2026 ’
208 2030 293 2100 prinis
325 2030 413 2084 uerbis
445 2027 675 2084 intercedentibus
700 2026 812 2083 corilusa
843 2027 997 2083 carminum
1048 2032 1100 2079 tern
1124 2025 1246 2080 calcandi
1271 2042 1351 2096 super
1370 2038 1500 2099 serpentes
1527 2039 1552 2084 et
1577 2030 1725 2101 scorpiones
1750 2042 1774 2086 et
1800 2050 1844 2085 sn-

209 2121 340 2177 memoria
352 2121 517 2176 turbaretur.
532 2120 708 2191 ilipsapenus
719 2119 831 2190 aspidis,
842 2120 887 2191 qui
901 2117 998 2176 Latine
1047 2130 1094 2185 per
1112 2130 1213 2171 amnem
1228 2117 1347 2172 uirtutem
1361 2119 1461 2175 inimici
1476 2117 1552 2193 (Lae.
1576 2122 1616 2194 ι.)
1640 2121 1709 2178 Nam
1733 2132 1762 2179 et
1781 2124 1844 2181 alibi

208 2210 287 2264 sitnia
301 2210 402 2266 dicitur
414 2223 422 2264 t
435 2211 498 2282 quia
526 2225 607 2281 quem
631 2209 817 2274 momorderit,
843 2209 888 2265 siti
915 2210 995 2281 perit.
1052 2203 1182 2262 Dominus
1202 2206 1229 2262 in
1242 2207 1389 2280 Evangelio
1408 2210 1447 2265 ait
1460 2210 1545 2280 :Quis
1564 2213 1634 2268 enirn
1653 2226 1690 2270 cst
1710 2232 1743 2270 ca
1762 2218 1843 2281 colis,

208 2301 338 2372 ilypnalis
353 2317 438 2374 penus
464 2303 575 2374 aspidis,
602 2302 674 2373 quod
699 2317 795 2358 somno
815 2311 904 2358 necat.
921 2301 998 2359 lianc
1052 2311 1129 2367 tuem
1144 2297 1169 2351 δι’
1184 2300 1285 2368 pelittt'l
1298 2300 1370 2361 filisu
1386 2318 1451 2358 taus
1467 2319 1572 2373 panem,
1590 2308 1708 2378 nunquid
1729 2307 1843 2379 lapidem

205 2392 258 2446 sihi
270 2389 413 2462 Cleopatra
425 2392 551 2463 apposuit
561 2401 590 2447 et
604 2391 640 2447 ita
656 2399 743 2447 morte
755 2392 834 2462 quasi
845 2407 940 2447 somno
953 2407 998 2448 sc-
1047 2386 1121 2442 dnlit
1139 2388 1201 2443 illil
1214 2389 1265 2444 dat
1283 2393 1307 2447 si
1327 2392 1430 2462 petierit
1445 2411 1532 2463 anum,
1554 2398 1672 2469 nunquid
1691 2399 1843 2471 porripetei

206 2481 261 2536 luta
271 2492 323 2538 est.
333 2481 515 2538 Haemorrhois
527 2482 599 2553 aspis
613 2489 792 2551 nuncupatur,
801 2479 872 2552 qnod
884 2481 997 2553 satagui·
1052 2481 1232 2551 scorpioneml
1245 2486 1297 2537 Aut
1317 2484 1341 2539 si
1358 2486 1455 2556 piscem
1477 2489 1551 2558 petit,
1561 2490 1684 2561 *nunquid
1697 2501 1843 2563 mrpenteaa

206 2588 268 2629 nem
281 2575 368 2641 sudet,
382 2574 428 2644 qni
447 2574 481 2629 ah
494 2589 526 2630 eo
541 2589 648 2628 morsus
671 2573 771 2629 luerit:
788 2573 826 2627 ita
837 2579 867 2628 nt
881 2572 998 2629 dissolu·
1047 2571 1121 2626 talit
1136 2570 1197 2627 illi?
1211 2572 1287 2646 (Lac.
1300 2575 1351 2648 ιιι).
1362 2575 1427 2632 Tria
1446 2586 1509 2634 sunt
1523 2580 1602 2636 nchls
1617 2581 1734 2638 maxime
1749 2598 1843 2640 ncces·

207 2667 242 2722 tis
252 2668 337 2734 renis,
353 2667 483 2738 quidquid
494 2667 557 2722 ritae
573 2676 628 2733 est,
642 2682 691 2739 per
704 2667 861 2739 sanguinem
874 2677 994 2724 evomat.
1047 2664 1164 2732 sarimicl
1177 2672 1228 2732 cst,
1241 2665 1320 2734 tides,
1334 2683 1406 2739 spes,
1415 2670 1536 2726 charitas
1546 2689 1553 2724 ε
1564 2671 1643 2739 tides,
1659 2683 1689 2729 nt
1699 2682 1774 2731 recte
1783 2690 1842 2731 cre·

203 2755 298 2815 Graue
323 2760 396 2814 enim
424 2760 535 2831 sanguis
555 2759 641 2815 haema
666 2760 774 2816 dicitur.
791 2758 908 2817 Praestet
923 2762 996 2833 aspis
1046 2756 1142 2813 dumus
1156 2773 1163 2810 ι
1179 2770 1253 2827 spes,
1273 2766 1304 2812 nt
1331 2774 1439 2831 seraper
1459 2776 1521 2816 cum
1547 2762 1617 2819 bona
1638 2764 1770 2837 patientia
1792 2766 1842 2824 ilci

204 2864 312 2923 semper
323 2866 370 2909 cre
384 2852 488 2923 patenti
506 2860 533 2908 et
553 2852 696 2922 vaporanti
714 2853 810 2917 currit,
825 2851 902 2922 cuijus
914 2864 994 2924 poeta
1045 2848 1233 2920 prestolemur
1258 2852 1392 2922 promissa
1410 2872 1417 2909 ε
1438 2855 1578 2924 charitas,
1602 2866 1632 2912 ut
1657 2860 1751 2917 sedulo
1777 2877 1839 2919 eum

204 2941 244 2997 sle
274 2941 398 2998 meminit
416 2941 545 3013 :Oraque
572 2941 722 2997 distendens
746 2943 838 3014 auidas
864 2943 995 3015 [armantia
1045 2939 1190 3012 diligamus
1215 2959 1248 2997 ax
1271 2951 1327 3000 toto
1345 2945 1442 3014 corde,
1464 2954 1518 3002 tota
1534 2958 1637 3018 ruente,
1657 2952 1838 3020 totarirtute,

203 3043 321 3102 praeter.
343 3032 394 3090 liic
410 3050 491 3107 quem
509 3034 675 3107 percusserit
689 3033 862 3102 distenditur,
876 3036 995 3092 enormi-
1045 3036 1073 3085 et
1086 3032 1227 3103 pmximos
1245 3042 1365 3103 nostros,
1384 3036 1455 3092 sicut
1472 3039 1663 3113 nosmetipsos.
1680 3041 1709 3099 ln
1727 3042 1779 3101 lide
1797 3046 1840 3116 pi-

204 3140 257 3193 nne
269 3125 440 3195 corpulentia
454 3134 577 3182 necatur.
597 3122 780 3182 Exuberatum
794 3126 866 3182 eninr
878 3127 994 3198 putredo
1007 3123 1030 3186 C
1046 3122 1100 3179 scis
1116 3123 1250 3195 signatur,
1272 3126 1299 3181 in
1320 3142 1367 3199 spe
1380 3143 1472 3195 ovum,
1497 3130 1525 3186 in
1543 3133 1677 3191 charitate
1699 3136 1779 3207 panis
1791 3156 1798 3191 ε
1812 3148 1841 3195 et

203 3214 336 3284 sequitur.
354 3213 422 3284 Seps
438 3216 562 3272 rahiteus
582 3216 665 3285 aspis,
678 3216 725 3286 qui
740 3217 803 3271 dnm
819 3218 996 3274 momorderit
1046 3216 1213 3272 econtrario
1229 3217 1257 3272 in
1276 3217 1364 3289 lapide
1376 3220 1485 3286 duritia,
1506 3221 1533 3278 in
1547 3234 1671 3294 serpente
1683 3226 1840 3294 infidelitas,

204 3301 351 3371 haruinem,
368 3307 459 3361 statim
472 3321 533 3362 eum
549 3307 696 3371 consumit,
720 3308 756 3362 ita
770 3315 799 3363 ut
819 3307 939 3379 liquefiat
953 3318 996 3364 tc·
1045 3315 1073 3361 et
1091 3307 1119 3362 ia
1137 3308 1280 3379 scorpione
1299 3310 1452 3382 desperatio
1472 3315 1643 3385 exprimitur.
1661 3317 1690 3373 lu
1705 3318 1840 3392 baptismo

203 3406 247 3454 tus
256 3399 282 3454 in
291 3414 339 3454 ore
350 3400 493 3471 serpentis.
502 3398 997 3472 basiliscusGrnee,Latiucinterpre·
1045 3394 1113 3453 fides
1126 3398 1270 3469 attitulat,
1283 3402 1355 3457 narde
1367 3402 1467 3460 vivitur
1481 3405 1508 3461 in
1522 3408 1640 3464 secutos
1656 3424 1718 3482 spes
1733 3412 1760 3468 in
1776 3429 1837 3479 ovo,

203 3496 275 3542 tatur
294 3488 404 3560 regulus
419 3505 461 3556 eo,
477 3491 549 3561 quod
566 3505 613 3546 rex
627 3492 792 3561 serpentium
819 3493 866 3559 sit,
883 3492 951 3549 aden
966 3502 995 3549 ut
1045 3488 1108 3558 quia
1122 3489 1150 3544 in
1162 3504 1214 3547 ovo
1236 3492 1355 3547 nondun
1375 3493 1465 3567 pullus
1483 3497 1665 3566 videmussed
1691 3502 1754 3559 blne
1778 3520 1840 3576 spe-

202 3594 263 3634 cum
276 3580 399 3637 ornantes
416 3581 539 3654 fugiant:
558 3583 621 3653 quia
642 3582 742 3639 olfactu
760 3600 810 3641 suo
833 3600 881 3641 eos
904 3596 993 3641 necat,
1045 3587 1142 3635 ratur:
1158 3581 1276 3639 charitas
1290 3593 1392 3654 autem,
1405 3589 1469 3657 quia
1488 3598 1575 3647 totum
1589 3592 1674 3649 vincit
1685 3594 1746 3665 pani
1761 3611 1837 3652 corrr-

201 3666 269 3725 Nam
282 3677 309 3726 et
322 3671 459 3727 haurirem
480 3672 502 3727 si
517 3670 560 3727 rel
584 3672 707 3743 aspiciat,
736 3674 876 3729 interimit.
904 3674 996 3747 Siqui-
1044 3678 1166 3739 paratur.
1188 3673 1286 3744 Vipera
1301 3675 1384 3746 dicta,
1399 3680 1472 3750 quod
1487 3681 1512 3736 ri
1528 3683 1627 3753 pariat.
1645 3682 1714 3740 Nam
1731 3695 1759 3742 et
1773 3704 1837 3743 veu-

204 3762 265 3817 rlem
278 3763 376 3833 eteius
390 3771 529 3834 aspectum
545 3762 617 3818 nulla
632 3764 691 3819 avis
702 3763 794 3820 volans
806 3764 889 3820 illesa
904 3775 993 3822 trans·
1045 3768 1087 3816 ter
1100 3761 1158 3833 ejus
1172 3779 1234 3820 eum
1252 3765 1285 3820 ad
1297 3775 1405 3837 partum
1427 3767 1599 3841 ingemuerit,
1617 3775 1701 3831 catuli
1719 3793 1772 3833 nun
1790 3795 1841 3836 ex·

204 3852 225 3906 it
238 3871 245 3906 ε
259 3852 305 3908 sed
320 3867 400 3923 quam
412 3853 506 3923 procul
533 3854 570 3909 sit
582 3854 640 3925 ejus
656 3870 704 3910 ore
717 3852 857 3910 combusta
879 3856 993 3912 devora·
1044 3861 1199 3922 spectantes
1215 3863 1319 3912 nature
1335 3858 1508 3927 solutionem,
1528 3865 1647 3921 corrosis
1666 3866 1724 3938 ejus
1745 3868 1838 3926 lateri·

205 3952 258 3998 tur.
275 3944 435 4000 Arnustelis
460 3954 549 4000 tamen
571 3945 848 4016 vincitur‚quasillic
871 3947 993 4004 homines
1045 3942 1105 4009 bus,
1124 3944 1151 4000 ul
1175 3957 1320 4017 erumpunt
1339 3965 1401 4006 cum
1423 3954 1518 4010 matris
1543 3957 1663 4013 interitu.
1694 3960 1834 4019 Lucanus:

202 4033 321 4089 tulerunt
339 4034 473 4099 cavernis,
504 4035 531 4091 in
558 4034 655 4106 quihus
675 4035 817 4091 delitescit.
840 4035 933 4107 imque
961 4052 993 4094 ea
1048 4030 1150 4103 Viperei
1164 4048 1257 4091 coeant
1276 4037 1386 4110 abrupto
1402 4058 1510 4113 carpam
1529 4045 1603 4099 nodi.
1622 4047 1720 4104 Fertur
1733 4060 1836 4119 autern,

201 4127 258 4182 risa
279 4127 356 4198 lupit.
383 4127 469 4196 Quem
485 4128 529 4184 illa
557 4129 731 4202 persequitur
746 4139 773 4187 et
795 4131 905 4187 occidit.
921 4130 994 4187 Nihil
1044 4128 1115 4196 quod
1142 4129 1345 4187 11135ιῦ1118οΝ
1370 4133 1473 4192 insidi)
1490 4136 1588 4208 libelli
1603 4154 1695 4198 semen
1712 4157 1833 4217 exspuat,

200 4218 272 4271 enim
286 4226 385 4287 parens
399 4218 444 4275 ille
460 4234 550 4274 rerum
565 4220 624 4276 sine
647 4220 767 4276 remedio
779 4221 930 4279 constituit.
945 4223 994 4281 Est
1044 4220 1089 4277 illa
1112 4233 1202 4279 autern
1222 4241 1256 4281 cx
1275 4226 1411 4297 voluptate
1434 4229 1553 4289 libidinis
1577 4234 1604 4291 in
1631 4237 1736 4294 rabiem
1756 4255 1834 4297 versa

200 4319 293 4364 autern
310 4310 478 4383 longitudine
489 4314 661 4385 semipedalis
686 4315 754 4370 albis
774 4315 887 4372 maculis
908 4316 993 4372 linea·
1043 4322 1124 4382 caput
1137 4313 1220 4370 maris
1237 4330 1285 4372 ore
1298 4326 1408 4389 ceptum
1421 4321 1553 4390 praecidit.
1571 4322 1612 4380 lta
1634 4324 1674 4392 tit,
1691 4336 1721 4382 ut
1734 4345 1835 4401 parens

201 4412 254 4457 tus.
274 4401 368 4473 Reguli
394 4414 496 4469 autern,
525 4406 596 4461 sicut
619 4407 784 4478 scorpiones,
798 4408 903 4464 arentia
916 4424 992 4479 que·
1043 4411 1159 4476 ullaque
1173 4415 1268 4476 petiti
1279 4425 1286 4463 ι
1298 4410 1435 4468 misellus
1453 4412 1517 4468 ditm
1534 4416 1588 4471 coli
1611 4434 1617 4470 ²
1636 4417 1751 4487 semita,
1769 4423 1835 4480 tum

199 4506 252 4560 qne
274 4500 415 4547 sectantur
441 4503 469 4548 et
483 4503 625 4565 postquam
653 4498 687 4551 ad
701 4512 786 4567 aquas
798 4499 922 4554 venerint
945 4477 1170 4570 hy-Dpartnrir.
1193 4497 1293 4570 Vipera
1313 4501 1446 4573 signiticat
1466 4505 1615 4567 malitiosos
1631 4510 1767 4579 hemines,
1781 4531 1834 4573 nec

199 4581 354 4651 drophnhos
371 4591 398 4638 et
422 4582 599 4655 lymphaticos
616 4586 728 4644 iaciunt.
744 4588 845 4645 Sihilus
859 4591 929 4646 idem
940 4601 992 4660 est,
1042 4587 1438 4662 sapientiarsapientiam
1453 4598 1579 4668 neutriticu
1598 4600 1668 4657 intra
1682 4618 1710 4660 se
1724 4615 1831 4675 gerunt.

199 4673 244 4741 apul
261 4682 289 4726 et
301 4673 411 4744 regulus
425 4692 431 4728 ι
448 4675 528 4731 sibilo
548 4678 622 4733 enim
635 4679 736 4735 cecidit
762 4687 907 4751 antequam
920 4698 994 4739 mor·
1045 4675 1122 4734 Unde
1137 4678 1256 4739 loannes
1268 4681 1388 4754 Baptista
1406 4687 1440 4743 nd
1453 4686 1571 4760 ludaeos,
1589 4694 1635 4766 qni
1655 4696 1690 4752 sd
1708 4712 1771 4755 eum
1784 4700 1834 4755 do·

199 4763 262 4817 dent
277 4764 319 4819 vel
332 4774 438 4819 exurat.
454 4763 602 4822 basiliscus
612 4776 703 4824 autem
724 4769 860 4825 diabolum
887 4771 993 4844 signid-
1043 4768 1099 4826 lase
1114 4774 1265 4841 veniebant,
1284 4776 1353 4833 dixit
1366 4797 1373 4835 ι
1385 4775 1527 4854 l'ropenies
1544 4786 1701 4856 viperarum,
1713 4792 1773 4861 quis
1786 4792 1833 4847 dc-

198 4867 252 4921 ent,
269 4857 316 4928 qui
331 4856 460 4928 nequitiae
475 4874 530 4914 sum
558 4875 663 4939 veneno
682 4861 771 4932 palam
796 4862 924 4921 interucit
948 4866 992 4923 in·
1043 4868 1198 4920 ntnnstranit
1213 4868 1285 4923 colis
1303 4868 1392 4942 lupera
1408 4874 1441 4928 al
1457 4875 1499 4930 ira
1517 4878 1760 4951 tenturallllattlc
1776 4883 1831 4957 ιιι.)

197 4960 310 5006 cautos:
342 4948 390 5004 sed
411 4948 482 5005 idem
501 4957 655 5021 superatur,
681 4968 743 5009 cum
769 4954 875 5011 ceteris
899 4956 988 5014 noxiis
1041 4954 1118 5013 llalae
1133 4972 1198 5029 crgo
1216 4960 1467 5021 sobolesmalomnr
1481 4971 1757 5038 parcrrtnmaettonas
1770 4973 1832 5031 imi.

197 5041 412 5098 anirnantihusa
427 5043 513 5099 milite
536 5043 637 5101 Christi
660 5061 734 5118 spem
761 5062 838 5103 suam
863 5055 946 5105 totam
960 5049 987 5106 in
1002 5071 1008 5082 ·
1042 5057 1140 5113 tentes,
1155 5052 1297 5121 progenies
1309 5053 1463 5124 viperarum
1476 5067 1618 5127 uocantur,
1633 5064 1694 5133 quin
1707 5079 1756 5134 per
1766 5066 1829 5132 hcc,

200 5134 259 5202 ipso
272 5143 399 5204 ponente,
422 5132 500 5206 euius
518 5136 605 5192 virtus
620 5152 714 5196 omnes
729 5140 899 5197 adversarias
910 5150 988 5214 pote·
1040 5139 1112 5208 quod
1124 5139 1202 5196 horris
1218 5143 1347 5211 invident,
1358 5158 1458 5216 cosque
1468 5162 1677 5221 persequuntur,
1688 5155 1759 5226 quod
1769 5157 1831 5227 qap.

199 5230 286 5279 states
310 5232 422 5295 superat
449 5233 530 5295 atque
552 5225 703 5283 conculcat.
733 5229 771 5284 De
799 5230 852 5285 hcc
879 5246 987 5302 quoque
1040 5230 1154 5286 busdam
1177 5232 1246 5287 mala
1266 5236 1429 5302 retribuunt,
1460 5240 1531 5309 quod
1554 5240 1676 5300 laesiones
1698 5248 1830 5318 proximis

198 5310 333 5384 Propheta
361 5314 388 5372 in
405 5314 521 5373 Psalmis
540 5318 628 5375 dicit:
647 5316 732 5391 Super
746 5321 862 5392 aspidem
877 5330 901 5376 et
915 5321 985 5377 lasi·
1039 5326 1210 5394 exquirunt:
1231 5329 1358 5398 quoniam
1373 5330 1400 5384 in
1420 5330 1453 5386 iis
1474 5334 1599 5392 omuibus
1624 5336 1744 5407 priorum
1766 5354 1829 5395 suo·

197 5404 289 5458 lincam
310 5406 480 5474 ambulabis,
500 5419 525 5464 et
539 5410 702 5467 conculcabis
722 5412 821 5466 leonem
841 5424 866 5466 et
892 5412 1009 5477 draca,
1041 5430 1101 5470 rum
1126 5416 1274 5472 carnalium
1296 5420 1354 5476 uias
1376 5433 1577 5493 assequuntur,
1601 5428 1679 5497 quasi
1703 5429 1828 5489 venenati

197 5494 494 5572 ncranral.1c).iiie
513 5500 568 5569 iam
592 5502 683 5559 divina
706 5504 792 5560 uirtus
804 5503 988 5574 exprimitur,
1041 5501 1088 5559 lilii
1113 5504 1146 5560 de
1171 5507 1311 5562 venenatis
1337 5509 1494 5579 parentibus
1518 5513 1574 5568 nuti
1594 5524 1666 5572 sunt
1680 5517 1828 5587 Enhvdris,

195 5598 257 5683 nun
270 5587 354 5644 tsnlis
366 5590 447 5646 rebus
461 5593 635 5652 sarientibus
650 5595 803 5666 imperabit.
817 5595 885 5652 Nam
898 5598 989 5654 omnia
1040 5594 1150 5650 coluber
1170 5597 1196 5651 in
1212 5612 1281 5668 aqua
1305 5599 1416 5659 vivens:
1435 5598 1521 5658 Greci
1542 5605 1615 5658 enirn
1638 5605 1830 5677 annamlrpdnr

197 5684 249 5734 usta
273 5677 384 5736 nomina
409 5680 517 5739 diahmo
538 5696 719 5754 congruenter
743 5694 879 5757 aptantur.
909 5687 989 5758 nspts
1040 5698 1147 5743 notarit.
1160 5687 1265 5760 Hydros
1278 5691 1404 5761 aquatilis
1418 5707 1540 5765 serpens,
1557 5697 1830 5768 aqnoictiubturpe-
