4042 6200
202 345 269 402 utut
466 346 741 405 eureusttotttttt
760 349 792 404 tu
809 348 885 405 tter.
903 347 1006 405 estut
1024 347 1089 402 tte.
1113 349 1175 405 vttt.
1195 383 1229 393 -
1245 341 1408 410 trt'tst‘tsr.
1429 354 1480 410 to
1493 354 1576 412 ttott.
1764 349 1832 415 libs

201 474 229 519 ct
251 462 348 568 dubias
378 460 504 517 redderet
527 463 694 519 credentium
731 465 837 521 animas
859 466 989 535 gentium,
1005 466 1097 534 Aspc,
1118 475 1142 519 et
1159 468 1253 520 uirtute
1265 466 1378 537 Spiritus
1396 468 1490 522 sancti.
1518 466 1546 520 Si
1569 467 1642 521 enim
1669 467 1715 536 qui
1737 468 1834 535 credit,

200 570 277 625 quast
300 550 401 608 frustra
422 551 473 607 sibi
497 566 572 623 spem
592 553 773 621 promittant,
798 554 870 623 quod
898 569 913 608 a
937 553 993 609 lleo
1046 556 1144 611 virtute
1170 559 1257 613 saneti
1283 557 1403 630 Spiritus
1417 560 1567 624 muniatur,
1581 567 1685 614 certum
1703 568 1746 615 est
1763 562 1835 631 qnod

201 643 316 748 libralem
334 650 445 713 accepto
459 642 562 697 feratur
576 641 642 698 fides
654 640 819 704 iudeorum,
836 651 866 696 ut
882 643 932 713 ipsi
945 642 994 698 he-
1044 645 1236 718 plenitudinem
1265 649 1356 721 gaudii
1385 665 1492 721 semper
1511 650 1607 714 hahet,
1634 659 1663 705 ct
1688 649 1835 721 plenitudi-

200 745 259 791 tttra
273 743 302 790 et
316 733 463 790 securitate
478 742 645 789 crescerent.
663 733 755 801 Quare
768 743 857 788 tamen
868 733 994 791 Christus
1044 753 1105 793 nem
1128 738 1213 807 pacis.
1232 736 1324 793 Certus
1350 755 1408 794 sum
1431 752 1537 805 aurem,
1552 739 1648 809 fratres
1666 741 1732 803 arei,
1749 749 1774 795 et
1788 758 1835 811 epo

200 847 233 884 ιι
244 829 335 884 radice
345 826 430 893 lesse,
438 834 465 881 et
476 841 529 880 non
541 841 575 880 ex
585 825 676 880 radice
685 823 757 880 Booz
765 821 994 896 rirljusti,autex
1043 828 1097 897 ipse
1114 826 1146 882 dc
1163 828 1379 898 uobis,qucnium
1400 838 1424 883 et
1444 829 1495 900 ipsi
1513 829 1584 900 pieni
1603 828 1665 883 estis
1685 829 1834 893 dilectione,

201 918 292 974 radice
304 915 378 973 obed
389 924 464 971 ortus
477 914 536 971 est?
547 915 629 969 Forte
640 915 703 984 quia
713 914 798 968 David
808 913 878 968 filius
888 913 995 968 dicatur
1045 916 1134 986 repleti
1144 918 1214 971 omui
1224 919 1343 982 scientia,
1352 919 1389 972 itu
1400 929 1427 972 ut
1436 920 1541 989 possitis
1552 919 1708 974 alterutrum
1719 936 1834 974 mouere.

200 1017 310 1079 propter
321 1021 445 1077 regnum,
459 1015 489 1061 ut
503 1006 574 1062 sicut
586 1021 620 1060 es
633 1006 689 1060 lieo
702 1013 781 1060 natus
797 1005 823 1059 ln
837 1019 927 1074 regem
941 1012 994 1070 est,
1045 1004 1142 1080 (Oripl
1170 1006 1270 1062 Eadem
1294 1007 1398 1061 arriana
1417 1022 1471 1078 qua
1492 1023 1573 1079 supra
1595 1008 1715 1063 diximus
1739 1007 1835 1078 repleri

200 1103 284 1155 itaet
302 1098 435 1154 esbarid
454 1112 517 1168 rege
537 1105 628 1152 ortum
651 1095 853 1164 haberetjurm
871 1109 992 1150 carnem.
1044 1095 1117 1151 omni
1141 1096 1239 1168 gaudio
1262 1103 1289 1150 et
1312 1097 1384 1150 omui
1407 1112 1475 1167 paee
1498 1099 1655 1163 eredentes,
1680 1098 1762 1154 etiam
1791 1098 1836 1154 hic

202 1194 265 1249 lateo
278 1190 442 1248 radlslesse
459 1189 541 1246 arbor
554 1189 649 1255 David,
667 1204 727 1259 qum
738 1187 854 1242 fructum
869 1186 932 1241 feeit
945 1202 995 1257 per
1044 1185 1138 1256 plenos
1160 1200 1220 1240 esse
1246 1186 1383 1250 bonitate,
1421 1196 1450 1242 et
1474 1188 1547 1242 omni
1574 1188 1686 1244 scicntia
1723 1203 1770 1244 eos
1802 1189 1837 1243 ad

203 1302 318 1352 ramum,
333 1285 379 1355 qul
398 1293 442 1340 est
459 1282 543 1337 llaria
556 1282 644 1352 virgo,
658 1295 718 1351 quae
736 1280 830 1351 genuit
842 1278 992 1334 Christum.
1044 1293 1112 1348 qnos
1126 1278 1157 1332 ftt
1168 1293 1257 1333 sermo
1270 1277 1421 1333 confirmat.
1436 1277 1549 1350 (Ambr.)
1563 1279 1626 1335 llaec
1640 1280 1837 1338 exhortationis

202 1368 994 1468 (Orip.)Sedhuncsermonemderadiceiessemcliusqui·
1045 1378 1107 1425 surtt
1121 1388 1127 1423 :
1140 1385 1189 1440 per
1212 1369 1319 1425 laudem
1340 1371 1411 1424 euim
1434 1379 1563 1439 provocat
1579 1386 1626 1425 cos
1645 1371 1679 1425 ad
1698 1371 1837 1425 meliorem

201 1473 262 1526 alem
277 1470 304 1525 in
314 1468 503 1540 explanatione
518 1466 603 1536 ipsius
614 1464 753 1534 prophetae
766 1462 841 1518 isaiae
852 1462 939 1516 risum
953 1467 995 1516 εει
1044 1469 1071 1514 ει
1090 1459 1256 1515 intellectum
1277 1469 1304 1515 ct
1319 1460 1400 1514 ritum
1413 1478 1419 1514 :
1432 1460 1479 1529 qui
1498 1461 1569 1514 eninr
1583 1460 1656 1515 ridet
1670 1475 1699 1516 se
1718 1460 1835 1526 laudari,

201 1559 353 1617 disserillt
367 1553 533 1629 inpraesenti
549 1565 637 1610 tamen
654 1555 712 1609 loco
737 1551 994 1622 dicitur,quomodo
1044 1553 1107 1608 data
1127 1569 1208 1625 opem
1233 1554 1356 1609 elaborat
1385 1562 1416 1608 ut
1447 1568 1511 1609 vera
1536 1554 1592 1609 sint
1613 1568 1674 1623 quae
1701 1554 1836 1608 dicuntur.

201 1650 277 1705 lesse
296 1650 489 1718 interpretatur
506 1646 637 1700 innostra
653 1643 744 1713 lingum
757 1650 795 1696 est
811 1642 885 1695 raitrt.
900 1640 930 1694 ln
944 1641 993 1694 ad-
1042 1643 1108 1698 ldeo
1127 1659 1180 1699 non
1194 1643 1275 1707 elisit,
1291 1652 1321 1698 ut
1336 1643 1453 1698 invicem
1476 1660 1505 1700 sc
1518 1645 1645 1709 doceant,
1662 1644 1709 1700 sed
1730 1652 1759 1699 et
1781 1660 1838 1700 rno-

203 1749 283 1796 uentu
297 1755 362 1810 ergo
374 1737 474 1794 Christi
487 1736 576 1791 omnis
589 1734 634 1804 qui
649 1732 736 1788 credit
750 1731 787 1796 ei,
802 1730 994 1786 corrueuienter
1045 1740 1127 1787 neant
1141 1750 1147 1786 :
1160 1733 1212 1788 hoc
1235 1733 1308 1788 enim
1328 1732 1396 1788 solet
1415 1748 1524 1790 movere
1537 1733 1666 1805 [moneri]
1683 1733 1754 1803 quod
1774 1749 1838 1788 cum

116 1850 122 1860 ·
202 1832 283 1896 dixit,
295 1830 344 1884 Est
356 1828 434 1884 mihi.
449 1827 496 1882 lllc
508 1826 581 1881 euim
595 1824 629 1879 de
640 1837 694 1892 quo
707 1821 812 1892 lloyses
825 1820 893 1875 dixit
914 1836 921 1849 ·
943 1818 995 1885 Qui
1010 1819 1032 1879 B
1046 1822 1156 1885 sciatur,
1170 1821 1316 1892 abquando
1326 1821 1490 1892 subterfugit
1505 1800 1606 1877 animo.
1630 1820 1729 1894 (dep.)
1743 1821 1772 1877 ln
1783 1837 1838 1891 quo

202 1934 250 1989 cst,
263 1924 333 1977 misit
353 1938 394 1975 mc
412 1921 446 1975 ad
463 1935 505 1974 aas
517 1916 617 1990 (Esou.
634 1915 688 1986 ιιι),
708 1916 767 1986 ipse
785 1921 827 1969 est
849 1913 927 1978 nrihi,
944 1913 997 1968 hoc
1046 1911 1165 1966 ostendit
1181 1911 1245 1980 quia
1265 1911 1291 1965 in
1306 1926 1338 1965 eo
1352 1912 1423 1980 quod
1435 1911 1529 1965 didicit
1545 1912 1740 1981 unusquisque,
1757 1912 1839 1967 debet

202 2021 253 2078 est,
272 2013 299 2068 in
322 2012 409 2083 ipsum
422 2010 515 2074 credo,
529 2008 574 2078 qut
591 2015 651 2071 est,
672 2021 725 2061 non
742 2005 788 2076 qui
803 2020 837 2060 er
852 2003 937 2059 nihilo
954 2001 996 2058 fa·
1047 2001 1128 2057 etiam
1148 2001 1231 2056 alium
1253 2017 1382 2068 moriere,
1400 2012 1428 2057 et
1444 2002 1596 2074 hujusmodi
1620 2018 1681 2057 cum
1705 2004 1839 2060 condisci-

203 2112 263 2159 ctus
283 2113 344 2168 est,
363 2109 393 2156 nt
415 2100 506 2170 impiis
528 2099 627 2170 placet,
647 2097 695 2153 sed
708 2097 755 2167 qui
772 2104 826 2161 est,
840 2104 868 2151 et
889 2110 996 2165 semper
1046 2091 1117 2162 pulis
1135 2090 1237 2146 hahere
1254 2092 1400 2161 colloquia,
1423 2093 1522 2162 quibus
1536 2107 1566 2147 se
1580 2102 1608 2147 et
1623 2101 1750 2148 moneant
1770 2093 1838 2149 invi-

203 2203 256 2259 cst,
281 2202 310 2249 ct
336 2193 388 2248 hoc
411 2191 437 2246 ci
457 2204 556 2245 nomen
583 2195 642 2253 est,
658 2195 687 2242 et
716 2187 774 2256 ipse
796 2193 838 2240 cst
867 2184 913 2254 qui
934 2199 996 2239 sur·
1047 2196 1117 2246 cern,
1135 2189 1163 2235 ct
1182 2179 1317 2237 aedihcent
1336 2167 1343 2233 :¹
1361 2190 1451 2250 potest
1464 2182 1536 2238 enirn
1554 2180 1679 2237 conferre
1692 2181 1838 2252 plurimum

205 2289 274 2343 rexit
292 2303 326 2344 er
348 2287 441 2342 radice
454 2284 541 2351 lesse,
562 2290 591 2340 et
609 2283 636 2338 in
655 2284 713 2353 ipso
726 2289 820 2353 gentes
836 2279 992 2350 sperabunt.
1046 2270 1207 2326 eruditionis
1229 2271 1333 2326 alterna
1350 2271 1478 2337 collatio,
1506 2271 1529 2326 si
1554 2287 1615 2326 cum
1635 2271 1768 2327 charitate
1791 2273 1837 2327 ha-

202 2379 318 2450 Proque
331 2375 527 2441 misericordia,
542 2389 622 2445 quarn
639 2373 674 2429 ab
687 2388 720 2428 co
733 2370 869 2428 consecuti
883 2378 957 2434 sunt,
973 2368 997 2423 is
1031 2363 1153 2427 strenrar,
1173 2371 1200 2417 ct
1218 2362 1252 2418 de
1267 2362 1488 2434 profundioribus
1509 2362 1660 2432 quibusque
1681 2363 1723 2418 rel
1745 2364 1841 2419 ohscu-

203 2468 250 2538 ,μή
267 2482 375 2538 semper
385 2477 443 2524 emp
455 2466 577 2522 nascitur
589 2479 622 2519 εχ
637 2464 728 2519 ηιῑω
741 2461 818 2518 desse
832 2463 866 2517 ast
881 2461 995 2516 saturem
1048 2452 1166 2508 ribribns
1179 2460 1317 2523 exspectet
1338 2453 1504 2508 cruditonrm
1523 2452 1758 2523 perfectorumque
1779 2468 1842 2508 sen·
1885 2471 1893 2486 ·

204 2552 998 2629 genubusdanmmohac,pstquam‚sip10011„qafflpse.
1048 2544 1169 2606 tentiam,
1189 2546 1335 2599 secundnm
1350 2544 1421 2613 quod
1435 2552 1463 2598 et
1477 2542 1582 2615 bloyses
1598 2543 1685 2599 dicit:
1700 2540 1839 2613 interrepti

205 2650 322 2706 ricordia
338 2657 432 2722 gentes
447 2650 582 2703 honorant
593 2655 622 2702 et
634 2644 808 2716 magnillcant
823 2644 918 2698 herrm

238 2738 310 2828 Deus
324 2748 411 2794 cutem
428 2739 483 2810 spei
500 2737 597 2809 repleat
620 2734 749 2791 ueremni
763 2733 860 2804 puudio
888 2742 913 2787 ει
932 2748 995 2803 pace
1049 2735 1106 2781 ceut
1122 2727 1179 2781 tibi.

204 2833 233 2888 in
251 2830 390 2895 credenda,
408 2838 437 2885 ut
453 2830 590 2884 abundetis
609 2829 636 2882 iu
651 2844 706 2898 spe,
725 2835 749 2881 ct
770 2827 863 2881 uirtute
881 2824 996 2895 Spiritus
1083 2815 1216 2869 Audacius
1226 2822 1313 2868 aufem
1326 2815 1418 2885 scripsi
1430 2814 1512 2880 satta,
1522 2813 1629 2883 fratres,
1640 2827 1673 2866 εε
1685 2821 1768 2883 purte,
1781 2820 1842 2865 tun-

204 2922 299 2977 sarrcti.
321 2919 418 2993 (Orig.)
439 2920 492 2987 Qui
514 2920 639 2990 superius
653 2919 770 2983 dixerat,
794 2917 857 2987 quia
880 2917 906 2971 in
928 2915 996 2971 lsaia
1046 2921 1124 2976 uuum
1140 2906 1167 2960 fu
1180 2907 1389 2960 memoriensem
1402 2902 1769 2974 redaceaspropterpratiam
1783 2917 1842 2971 que

204 3012 335 3081 scriptum
357 3020 408 3078 εει,
430 3011 465 3065 tu
479 3013 508 3065 irs
531 3027 561 3065 eo
580 3020 667 3083 petates
681 3008 835 3079 sperabunt,
858 3015 997 3079 gratanter
1047 2996 1110 3048 duta
1129 2993 1192 3047 mihi
1206 3003 1243 3048 est
1257 3010 1273 3045 a
1289 2992 1354 3047 lieo.
1380 2990 1413 3046 dr
1428 2992 1476 3047 sim
1491 2993 1611 3046 minister
1622 2988 1721 3044 Christi
1735 2989 1799 3044 lesu
1813 2988 1842 3042 iu

204 3101 314 3172 adiecit,
325 3103 395 3157 Deus
409 3112 496 3157 autem
510 3102 575 3172 spei,
588 3111 616 3158 ct
629 3110 743 3156 ειειειιι
757 3099 853 3155 namsi
865 3099 995 3168 scriptum
1047 3085 1183 3157 perstihus:
1199 3084 1366 3154 sanctificans
1381 3084 1550 3155 Eneapelium
1566 3082 1624 3149 bet,
1640 3090 1667 3137 ιιι
1683 3082 1730 3153 piat
1745 3080 1843 3136 ohidtio

206 3195 301 3250 luisset
321 3195 351 3247 irs
372 3193 429 3260 ipsc
449 3202 536 3261 pentes
558 3191 678 3256 credent,
700 3188 845 3258 adjecisset
869 3189 928 3243 sine
948 3165 1033 3241 dull
1048 3180 1163 3252 dentium
1186 3189 1302 3249 accepta,
1327 3188 1351 3232 et
1374 3177 1539 3247 sanctificata
1562 3176 1590 3231 in
1613 3174 1716 3246 Spiritu
1740 3182 1843 3226 sancto.

206 3286 262 3352 bio,
278 3285 444 3340 Deasautcar
454 3283 533 3352 fidei,
562 3283 610 3338 sed
635 3295 707 3336 nunc
720 3296 735 3333 a
748 3278 884 3350 sperando
904 3286 998 3348 gentes
1050 3268 1189 3339 Tanquam
1206 3269 1253 3339 qui
1280 3270 1405 3325 conscius
1421 3268 1457 3322 sit
1473 3266 1525 3322 sibi
1546 3267 1572 3319 in
1592 3264 1666 3320 omni
1686 3271 1760 3319 terta
1777 3262 1843 3332 Epi-

208 3379 293 3434 licurn
308 3376 365 3447 spei
387 3377 496 3431 invocat
514 3388 596 3446 super
613 3372 721 3443 eosqui
742 3379 854 3441 sperant
875 3370 902 3425 iu
924 3384 998 3434 eum,
1050 3363 1142 3429 stolre,
1165 3362 1228 3417 dum
1249 3363 1283 3416 ad
1304 3377 1352 3417 eos
1372 3362 1507 3416 interdum
1521 3359 1567 3429 qui
1587 3373 1622 3414 es
1636 3355 1844 3413 circumcisione

208 3483 289 3538 aquo
302 3468 344 3522 eis
359 3466 554 3522 benedictionis
574 3479 672 3519 munus
689 3471 816 3533 precatur
830 3462 923 3532 augeri
937 3479 944 3516 :
956 3469 999 3516 est
1050 3468 1132 3524 sunt,
1151 3457 1286 3514 interdurn
1300 3471 1365 3512 rero
1382 3456 1415 3511 ad
1430 3453 1536 3523 eosqui
1556 3468 1589 3507 ex
1608 3449 1734 3522 gentibus
1753 3447 1843 3503 credi·

207 3569 296 3615 autem
322 3558 475 3614 benedictio
496 3555 660 3627 hujusmodi,
684 3554 719 3610 tu
742 3553 899 3624 repleantur
922 3552 996 3608 omui
1050 3549 1147 3605 derunt
1163 3545 1264 3603 faceret
1277 3545 1404 3608 verbam,
1425 3545 1496 3613 quod
1511 3541 1639 3596 nonnulla
1654 3540 1735 3595 etiam
1750 3538 1783 3592 de
1798 3551 1843 3592 se·

207 3646 306 3721 gaudio
320 3656 347 3704 et
361 3647 435 3704 omni
449 3661 524 3717 pace.
549 3644 682 3701 Similiter
704 3651 793 3697 autem
814 3648 842 3696 et
860 3640 997 3710 Propheta
1049 3636 1213 3695 cretiorihus
1230 3634 1366 3705 mysteriis
1385 3632 1659 3703 profundioribusque
1677 3627 1843 3699 contigerit,

207 3740 234 3795 ln
248 3741 365 3812 quodam
384 3737 444 3794 loco
457 3737 522 3793 dicit
536 3755 543 3790 :
558 3736 592 3790 le't
607 3736 656 3790 erit
673 3735 701 3789 in
716 3731 807 3787 diebus
824 3730 880 3800 ejas
892 3730 998 3799 justitia
1049 3735 1077 3781 ει
1091 3725 1182 3781 studio
1202 3723 1345 3778 reddendae
1369 3721 1482 3775 rationis
1503 3720 1655 3789 pluraque
1673 3719 1843 3774 habebantur

206 3843 230 3888 ει
248 3831 388 3886 multitudo
412 3830 495 3900 pacis,
516 3825 808 3899 usquequauuferafar
827 3819 996 3893 lund(l'sa1.
1050 3816 1077 3871 in
1092 3813 1206 3871 occultis
1230 3810 1399 3882 patefecerit,
1416 3809 1480 3864 licet
1506 3808 1533 3863 in
1563 3807 1676 3877 singulis
1702 3806 1844 3877 dispense-

207 3922 293 3995 ιιει).
304 3922 358 3979 Sed
371 3922 433 3991 qnia
447 3920 505 3974 haee
517 3918 670 3975 deChristo
680 3916 817 3978 dicantur,
828 3913 855 3967 in
866 3911 913 3967 illo
925 3918 999 3965 recte
1049 3906 1149 3961 tionem
1176 3902 1250 3958 rerbi
1276 3907 1356 3955 cauta
1372 3898 1558 3955 moderatione
1582 3896 1746 3962 servareris,
1767 3905 1795 3950 et
1807 3910 1840 3951 ex

208 4030 352 4087 possumus
377 4010 577 4068 multitudinem
609 4008 685 4079 pacis
711 4006 867 4069 advertere,
891 4017 941 4072 pro
964 4015 998 4056 co
1048 3997 1138 4066 aliqua
1155 4000 1233 4064 parte
1246 3988 1379 4053 indicans,
1397 4001 1430 4043 ex
1449 3987 1531 4042 nrulta
1550 4001 1657 4041 rursum
1677 3992 1754 4055 parte
1776 3998 1840 4039 cou-

207 4107 279 4178 quad
293 4104 441 4176 pacificavit
452 4116 499 4173 per
514 4099 667 4171 sanquinem
680 4096 766 4152 crucis
780 4110 835 4149 sure
850 4109 902 4147 non
913 4090 999 4147 solum
1050 4084 1163 4151 lexerit,
1181 4082 1283 4139 idcirco
1300 4077 1385 4136 dicit:
1404 4077 1538 4132 Audacius
1555 4084 1641 4130 autem
1658 4075 1751 4146 scripsi
1769 4074 1840 4129 ediis

207 4215 267 4270 que
294 4197 322 4251 in
345 4206 415 4250 terra
436 4203 519 4259 sunt,
540 4192 587 4249 scd
608 4192 687 4246 ctiam
709 4205 768 4260 que
794 4190 821 4241 iu
845 4185 916 4240 coeiis
938 4192 999 4238 sunt
1049 4198 1082 4236 er
1093 4187 1314 4252 parte,tunquam
1326 4186 1532 4229 commemorans
1545 4184 1647 4238 uesper
1659 4167 1772 4238 qratiam
1784 4183 1843 4239 quer

209 4285 322 4359 (Coluss.
335 4283 538 4355 r).lnomrribus
549 4288 640 4336 autern
651 4279 786 4350 quomodo
796 4277 879 4347 possit
894 4272 999 4344 impleri
1049 4273 1113 4326 dam
1127 4281 1164 4325 est
1178 4269 1252 4324 mihi.
1276 4266 1361 4321 hedis
1374 4262 1532 4334 Apostolum
1550 4261 1703 4322 dicentem,
1719 4273 1752 4312 ear
1768 4267 1843 4329 parte

209 4378 261 4434 hoc
279 4377 352 4448 quod
369 4383 495 4445 precatur
510 4369 670 4443 Apostolus,
691 4376 721 4423 ut
738 4366 895 4437 repleantur
925 4360 998 4417 omiti
1049 4360 1166 4430 scripsi?
1193 4357 1269 4413 Unde
1292 4371 1380 4427 neque
1403 4352 1594 4421 nobisaliquis
1618 4356 1792 4412 streceuscat,
1820 4348 1843 4401 si
1911 4388 1919 4399 .

209 4470 308 4542 gaudio
324 4476 353 4525 et
370 4466 443 4523 omni
458 4478 534 4537 paee,
551 4460 659 4519 dibiclle
673 4460 739 4516 mihi
761 4459 868 4514 rhletur
885 4455 997 4527 exponi,
1052 4450 1242 4522 mysteriorum
1254 4446 1405 4502 dirinomm
1419 4442 1552 4499 rationem
1565 4438 1710 4507 explanare
1720 4435 1843 4504 aliqnan-

211 4559 328 4615 masime
344 4572 406 4613 curn
424 4556 506 4611 etiam
528 4554 585 4624 ipse
607 4551 753 4622 Apostolus
777 4549 804 4604 in
818 4549 862 4604 his
876 4562 936 4617 quae
951 4560 1000 4616 per
1053 4549 1109 4596 tum
1125 4554 1177 4594 non
1191 4536 1328 4599 ualemus,
1351 4546 1413 4588 curn
1436 4530 1528 4585 audiat
1546 4542 1608 4583 eum
1622 4525 1668 4597 qui
1687 4523 1767 4579 nohis
1785 4522 1844 4577 buc

211 4652 326 4722 gretiam
345 4648 462 4720 Spiritus
482 4652 646 4703 consecutus
663 4651 717 4708 est,
731 4656 765 4697 es
783 4648 861 4709 parte
881 4653 911 4693 se
928 4638 1001 4691 dicat
1053 4631 1111 4700 ipsa
1126 4627 1235 4685 tradidit
1249 4630 1374 4696 exparte
1388 4620 1612 4677 tradidissernec
1628 4615 1772 4687 quisquam
1793 4612 1844 4669 snb

211 4743 293 4807 scire,
307 4748 469 4810 ctcxparte
482 4736 646 4809 prophetare
659 4733 685 4806 (l
696 4732 759 4789 Cor.
776 4730 855 4801 xrrr);
876 4729 924 4785 sed
950 4743 1001 4798 equ
1053 4721 1173 4778 scientiae
1193 4716 1271 4773 titulo
1292 4715 1330 4770 ita
1350 4711 1457 4768 indatus
1475 4708 1602 4772 incedat,
1626 4715 1753 4775 tanquam
1781 4703 1842 4756 uni·

1047 2646 1134 2706 patres
1153 2644 1221 2698 taos,
1240 2644 1264 2690 ct
1283 2633 1476 2688 annuntiabunt
1492 2633 1556 2699 dtu·
1567 2633 1745 2704 presbyteros,
1757 2640 1781 2685 ct
1796 2632 1838 2685 di-

211 4840 276 4904 puto
298 4831 325 4885 in
349 4845 383 4886 eo
406 4829 506 4885 hahere
527 4840 608 4897 posse
631 4823 773 4879 credentes
805 4818 1000 4891 plenimdinem

211 4924 297 4996 pacis,
318 4937 380 4979 cum
398 4919 608 4976 reconciliantur
645 4915 702 4972 lieo
732 4914 806 4970 Patri
838 4928 887 4984 per
920 4909 999 4964 fidem

212 5016 360 5073 secundum
372 5014 485 5069 terbum
498 5009 575 5065 Pauli
584 5007 701 5064 dicentis
720 5005 762 5079 (tl
774 5003 836 5059 Cor.
850 5001 877 5072 v)
891 5022 898 5056 :
911 5000 1002 5071 linqu-

212 5123 271 5161 mus
280 5123 328 5178 pro
338 5104 453 5170 Christo,
466 5100 671 5157 rcconciiiamiai
678 5098 742 5162 Dee,
749 5104 777 5151 et
787 5110 850 5150 cum
864 5093 891 5147 in
906 5105 1000 5162 pacem

213 5200 327 5257 redeunt
345 5212 407 5253 eunt
420 5195 489 5250 Filio
502 5194 548 5249 [lei
564 5207 615 5264 per
637 5189 795 5259 sanguinem
818 5185 908 5240 crucis
932 5183 1000 5253 ejus,

213 5301 241 5346 et
253 5306 316 5346 curu
336 5296 432 5346 sancto
448 5284 561 5356 Spiritui
578 5281 716 5337 sociarum
740 5290 801 5331 rum
824 5291 855 5331 se
872 5274 1001 5330 ernaude-

213 5382 304 5439 rerint
317 5382 351 5436 ah
365 5379 438 5437 omni
454 5377 667 5447 inquinamento,
680 5377 708 5424 et
721 5367 809 5423 effecti
825 5365 926 5421 luerint
937 5377 1000 5417 rasa

214 5482 321 5539 sancta,
340 5480 370 5527 ut
392 5472 429 5525 ita
456 5469 564 5523 demum
580 5464 640 5535 quis
663 5459 759 5531 repleri
781 5456 906 5511 videatur
928 5453 1001 5510 otoni

214 5581 291 5645 pace,
311 5564 333 5620 si
347 5564 374 5618 in
390 5558 552 5633 plcnltudine
568 5552 713 5611 crediderit
724 5548 873 5604 Trinitatis.
890 5546 1002 5615 Propter

215 5660 268 5714 hoc
288 5657 406 5726 dentque
429 5651 567 5724 subjungit
577 5646 731 5719 Apostolus,
755 5652 784 5698 ct
808 5641 884 5704 dicit,
898 5638 1001 5709 ltapleat

174 5828 176 5833 Ι
218 5763 261 5815 ιιι
272 5752 344 5805 arsat
357 5744 464 5823 pradia,
475 5753 498 5797 ct
510 5756 572 5815 pecc
588 5740 615 5795 ta
630 5734 769 5797 credendo,
785 5742 812 5789 ιιι
828 5728 965 5784 abundetis
976 5728 1002 5779 iu

1054 4830 1132 4871 uersa
1146 4808 1320 4883 cognoverit,
1341 4820 1403 4862 eum
1418 4804 1475 4873 lpse
1489 4800 1603 4862 Pardus,
1623 4809 1706 4865 aquo
1723 4790 1843 4847 scientiae

1054 4907 1131 4962 nobis
1145 4917 1234 4959 sermo
1250 4897 1400 4955 transfusus
1414 4903 1473 4960 est,
1488 4907 1522 4947 ex
1535 4896 1613 4960 parte
1626 4886 1699 4941 dicat
1713 4882 1843 4944 scrihere,

1053 5008 1130 5054 etex
1147 5003 1223 5066 parte
1243 5001 1417 5064 cognoscere.
1441 4986 1498 5054 Ego
1522 4991 1612 5036 tamen
1632 4971 1843 5042 arbitrorquod,

1054 5085 1177 5158 quamvis
1188 5083 1271 5137 etlam
1284 5082 1341 5149 ipse
1350 5075 1449 5131 Paulos
1460 5086 1493 5127 es
1505 5077 1582 5141 parte
1593 5082 1624 5123 se
1634 5064 1705 5120 scire
1715 5061 1842 5124 tauamr,

1054 5181 1132 5252 plura
1146 5187 1235 5232 tamen
1252 5182 1281 5229 et
1293 5171 1377 5228 multo
1390 5168 1466 5239 plura
1479 5164 1579 5227 scierit,
1591 5173 1674 5232 quam
1688 5153 1843 5226 scripserit:

1054 5279 1182 5337 tanquam
1194 5262 1265 5335 quod
1279 5261 1336 5331 ipsc
1350 5257 1433 5313 multa
1446 5255 1544 5318 sciret,
1565 5266 1616 5306 nec
1630 5258 1718 5303 umen
1734 5243 1845 5299 auderet

1053 5369 1081 5417 et
1102 5357 1186 5414 multa
1208 5352 1349 5425 proferre,
1371 5347 1511 5404 audaciam
1533 5343 1584 5399 sihi
1606 5339 1690 5394 fuisse
1708 5334 1790 5398 dicit,
1814 5341 1845 5387 ιιι

1054 5451 1143 5521 aliqua
1157 5448 1251 5504 saltem
1262 5444 1409 5514 Scripturas
1421 5438 1614 5495 consmitteret.
1629 5431 1708 5499 Quod
1716 5442 1784 5484 roro
1795 5425 1845 5491 ait,

1054 5542 1266 5597 Commemoratis
1279 5552 1322 5590 uos
1334 5549 1379 5604 per
1391 5533 1503 5604 pratium
1516 5543 1575 5599 qua
1587 5526 1651 5580 dara
1665 5537 1703 5578 est
1717 5520 1793 5584 milri,
1806 5519 1846 5573 in-

1055 5631 1128 5687 dicat
1136 5626 1279 5700 quemdam
1294 5623 1344 5679 sibi
1357 5620 1414 5691 jam
1429 5617 1512 5673 fuisse
1525 5628 1679 5672 sermonem
1689 5612 1722 5666 de
1737 5609 1844 5673 talibus,

1056 5732 1083 5780 ct
1092 5717 1252 5781 disseruisse
1262 5730 1292 5771 sc
1301 5728 1373 5782 sepe
1384 5713 1418 5768 de
1427 5707 1573 5781 mysteriis.
1586 5704 1641 5761 Sed
1651 5702 1778 5773 quoniam
1787 5712 1847 5767 qum
