4042 6200
172 376 224 433 29³
519 387 522 392 ’
626 383 630 386 ’
680 371 725 429 DE
744 367 920 428 UNIVERSD
938 364 1028 422 llDlil
1045 362 1127 419 llXil.
1149 372 1182 403 -t-
1202 359 1265 416 titt,
1287 360 1320 415 Χ.
1757 368 1810 422 aas

172 494 257 551 rultui
279 492 327 549 Dei
341 507 391 564 pro
414 490 492 547 nobis
506 490 551 561 qui
574 486 641 543 loris
663 487 752 542 adhuc
764 484 844 557 positi
857 490 969 556 praesto-
982 486 1118 547 Amorum
1129 476 1262 532 mensium
1276 473 1412 529 lanarium
1426 473 1636 545 quadringentos
1649 476 1809 549 nonaginta:

172 588 261 643 lamm
273 595 302 642 et
312 583 449 656 diligimus
465 582 612 638 aduentum
634 578 712 650 ejus:
741 577 786 632 ubi
809 575 967 639 notandum,
1020 572 1067 644 qui
1079 571 1216 628 suntanni
1231 569 1334 627 solares
1349 569 1537 640 quadringenti
1552 570 1723 643 septuaginta
1735 573 1814 642 quio·

171 680 236 750 qula
248 677 322 733 sicut
340 674 450 745 quidam
469 670 601 728 immundi
612 685 662 740 per
674 669 761 739 legem
788 666 874 735 prima
889 664 969 720 tertia
1021 678 1091 733 qtre.
1106 662 1242 733 siquidem
1256 659 1347 716 l'crsae
1361 675 1376 714 a
1391 660 1504 730 praelato
1516 660 1646 718 vicesimo
1659 677 1730 719 anno
1743 664 1815 735 regis

171 778 201 826 et
213 767 329 839 septima
352 765 396 821 die
416 763 577 819 ridebantur
602 758 731 816 lustrari:
758 757 800 812 sie
813 764 841 813 et
853 756 967 827 primus,
1019 753 1179 809 Artaxerxis
1192 768 1277 823 usquc
1297 752 1331 807 ad
1348 760 1461 808 mortem
1477 753 1552 808 Darii
1573 764 1756 826 regnaverunt
1767 772 1816 812 an-

172 857 317 913 tertiusac
335 854 467 925 septimus
491 852 593 908 mensis
611 851 669 906 suis
686 845 969 919 quiquccmremoniis
1019 848 1062 902 nis
1078 862 1141 903 carr
1175 846 1214 901 Er
1239 846 1303 901 hinc
1325 844 1486 901 ttaretones
1509 860 1596 917 usque
1618 846 1652 901 ad
1676 847 1815 903 interitum

172 948 288 1002 extitere
299 945 445 1001 solemnes.
461 941 560 1010 Quinta
575 939 743 996 hebdomada
766 936 873 1009 septimi
892 934 968 1000 enni,
1019 938 1169 1010 Cleopatrae
1189 936 1268 993 annis
1284 937 1412 992 trecentis
1436 954 1442 990 ι
1463 937 1527 991 inde
1548 936 1664 992 Romani
1683 940 1817 1010 usquead

171 1053 227 1108 qao
240 1045 299 1092 toto
311 1034 427 1107 populus
446 1035 481 1088 ab
498 1031 661 1104 agricolandi
676 1045 758 1102 opere
775 1027 842 1100 legis
855 1025 969 1097 imperio
1020 1030 1166 1101 septimum
1184 1027 1319 1084 decimum
1338 1027 1440 1083 Tiberii
1456 1026 1571 1084 Caesaris
1589 1043 1691 1084 annum
1708 1044 1818 1085 manar-

172 1128 296 1192 vambai,
325 1126 433 1181 dicibile
455 1124 588 1180 D⁰fflitt0=
615 1122 668 1178 Sex
694 1122 772 1176 anule
789 1134 858 1175 tem
877 1133 969 1190 (totvm
1021 1123 1110 1178 chiam
1125 1130 1270 1177 tenuerunt
1286 1121 1364 1177 annis
1377 1138 1433 1188 urs,
1448 1122 1494 1192 qui
1514 1130 1577 1178 sunt
1594 1123 1673 1179 simul
1687 1123 1730 1195 (ut
1747 1125 1818 1181 dixi-

171 1233 257 1285 taam,
268 1219 379 1290 septbrm
390 1216 503 1272 moabia
514 1213 586 1288 (leo.
599 1212 673 1286 uu).
688 1211 770 1268 Sexta
780 1212 844 1266 anni
855 1207 969 1281 jubilaei,
1021 1214 1092 1286 mus)
1101 1213 1165 1269 anni
1176 1227 1323 1279 ccecaxxv,
1336 1222 1363 1268 et
1373 1212 1667 1271 continenturcireaiis
1681 1217 1818 1274 decenno·

173 1314 224 1369 hoe
245 1318 299 1377 cst,
328 1308 496 1365 remissionis
519 1306 688 1363 hebdomada
711 1313 765 1371 est,
779 1319 840 1376 quae
866 1310 970 1373 septem
1021 1305 1162 1362 venalibus
1179 1321 1242 1360 xxv.
1266 1305 1363 1361 Decies
1381 1306 1474 1361 novies
1494 1307 1567 1362 enim
1587 1308 1676 1364 viceni
1696 1317 1724 1364 et
1742 1309 1817 1379 qtrini
1867 1377 1869 1381 Α

173 1400 389 1459 hebdomadibus
404 1414 548 1465 annorum,
568 1398 620 1454 hoc
634 1404 686 1462 est,
713 1412 777 1452 xarr
803 1393 883 1450 annis
899 1392 970 1448 texi·
1022 1393 1089 1449 liunt
1099 1409 1244 1450 ccccaxxv.
1256 1393 1290 1448 Et
1300 1394 1363 1466 quia
1374 1393 1488 1465 singulis
1497 1395 1606 1452 circulis
1616 1398 1766 1454 embolismi
1777 1414 1816 1455 ru

174 1502 239 1549 tur:
255 1507 310 1563 qua
324 1490 443 1561 expleta,
471 1490 523 1545 hoc
538 1496 591 1555 est,
615 1487 839 1558 quinquagesimo
861 1486 970 1542 demum
1021 1494 1189 1554 accrescunt,
1198 1486 1345 1558 multiplica
1354 1503 1407 1542 xxv
1416 1502 1520 1557 perun,
1532 1489 1599 1544 liunt
1609 1492 1818 1561 caxxrqutsunt

173 1598 246 1640 anno
259 1583 415 1654 incipiente,
435 1580 506 1637 tubae
518 1579 618 1636 clarius
635 1578 809 1643 resonabant,
823 1583 851 1631 ct
865 1577 901 1631 ad
913 1589 971 1630 om·
1021 1578 1173 1634 embolismi
1194 1593 1303 1635 menses
1318 1580 1578 1652 quadringentomm
1592 1597 1661 1638 axxr
1674 1597 1817 1640 antrorum.

174 1675 310 1745 nesjurta
325 1674 411 1746 legem
421 1673 555 1746 possessio
570 1668 757 1728 revertebatur
770 1669 891 1740 antiqua.
919 1667 969 1723 Sc-
1022 1672 1050 1729 Si
1065 1686 1130 1744 ergo
1143 1671 1184 1728 uis
1196 1672 1267 1727 scire
1282 1681 1351 1743 quot
1367 1687 1454 1729 annos
1476 1673 1585 1731 lunares
1597 1674 1689 1732 iacere
1703 1678 1818 1747 possint,

173 1771 259 1843 ptima
273 1768 379 1840 species
396 1767 572 1824 hebdomadis
584 1773 637 1832 est,
653 1780 708 1836 qua
731 1763 862 1835 propheta
877 1758 970 1815 Daniel
1021 1764 1819 1837 partirccaxxrperxu,duodeciesdenietquaterniccarur

172 1862 271 1927 autur,
285 1875 361 1916 more
383 1857 491 1929 quidem
511 1857 589 1928 ¹0le
605 1855 724 1927 millenis
748 1853 827 1910 altilis
850 1851 970 1925 Singulas
984 1840 1007 1901 Β
1021 1856 1821 1930 xavergoannosiaciunt,elremanentmensesrndicsjun-

173 1952 358 2025 complectens
371 1950 566 2017 hebdomadas,
578 1949 626 2005 sed
636 1963 706 2005 nora
718 1947 825 2004 ratione
835 1946 908 2017 ipsos
918 1960 968 2000 att·
1019 1951 1093 2022 gead
1105 1946 1304 2020 suprascriptos
1313 1965 1460 2015 mcccxxv,
1474 1950 1818 2019 fiuntsimulccccaxx1113

174 2045 410 2109 nosabbrevians,
437 2043 568 2099 duodenis
589 2040 716 2098 videlicet
739 2037 877 2095 mensibus
898 2035 969 2092 lunae
1020 2032 1818 2111 addectrnenscssuperliuosvupartemqucoc'taridcciuri

174 2139 297 2212 singulm
310 2136 504 2202 determinans,
519 2134 694 2191 embolismos
708 2146 774 2188 vcro
791 2145 911 2196 menses,
923 2128 970 2199 qui
1020 2130 1084 2186 anni
1110 2129 1217 2200 imperii
1243 2127 1354 2196 Tiberii,
1374 2144 1427 2200 quo
1446 2128 1576 2185 Dominus
1597 2146 1695 2202 passus
1716 2140 1774 2201 cst,
1791 2141 1819 2189 et

174 2233 210 2287 de
221 2231 319 2287 annuis
330 2228 458 2286 undecim
472 2235 629 2297 epactarum
647 2225 742 2281 diebus
755 2236 912 2280 accressere
925 2235 970 2276 so·
1021 2220 1143 2277 invenies
1158 2235 1173 2275 a
1188 2227 1310 2292 tempore
1322 2219 1458 2291 praellnito
1481 2221 1514 2277 ad
1534 2221 1594 2293 ejus
1615 2238 1701 2293 usque
1713 2226 1820 2297 passio·

175 2320 283 2388 lent,in
298 2320 357 2394 lege
370 2320 457 2392 patria
485 2318 565 2374 tertio
587 2315 631 2372 vel
656 2314 741 2372 altero
766 2326 838 2368 anno
851 2308 972 2381 singulos
1021 2326 1083 2367 nem
1099 2310 1283 2368 hebdomadas
1305 2328 1357 2368 axa
1382 2311 1564 2381 abbreviatas,
1589 2312 1642 2369 hoc
1660 2323 1712 2381 cst,
1735 2330 1820 2372 annos

174 2412 325 2484 adjiciens:
350 2414 399 2471 sed
413 2413 458 2469 ubi
473 2412 507 2468 ad
519 2410 709 2468 duodecimum
720 2421 863 2464 numerum
887 2420 970 2477 auge·
1022 2408 1132 2462 lunares
1141 2418 1254 2471 ccccxc;
1267 2402 1302 2459 ad
1311 2400 1369 2472 cios
1382 2418 1448 2458 vero
1462 2403 1637 2476 baptismum,
1650 2406 1759 2476 qtmndo
1769 2423 1821 2462 rin-

175 2508 640 2581 scendoperreoirent,prointegro
651 2501 969 2575 anaoparitcrinserens.
1022 2503 1083 2551 ctus
1098 2503 1139 2551 est
1152 2504 1264 2552 sanctus
1276 2502 1445 2561 sanctorum,
1460 2495 1641 2552 descendente
1660 2511 1742 2568 super
1758 2513 1821 2554 cum

176 2601 418 2659 elmanensem
439 2616 493 2657 non
507 2598 631 2656 veritatis
650 2596 833 2669 oognitionem
846 2605 970 2663 quaeren-
1023 2584 1127 2658 Spiritu
1141 2593 1235 2643 sancto
1259 2586 1329 2642 sicut
1345 2584 1480 2654 columba,
1500 2600 1554 2643 non
1574 2586 1661 2643 solum
1673 2587 1822 2645 hebdoma-

175 2694 249 2750 tihos
273 2692 420 2750 inridendo
438 2708 446 2749 r
471 2692 519 2749 sed
531 2690 681 2763 prophetiae
698 2702 773 2745 more
794 2688 882 2760 ipsum
899 2699 972 2758 qum·
1023 2677 1073 2734 das
1087 2691 1126 2733 ru
1140 2685 1169 2733 ct
1181 2693 1218 2733 ux
1242 2676 1311 2733 duras
1328 2676 1412 2732 luisse
1426 2675 1585 2747 completas,
1603 2675 1692 2733 sedet
1716 2686 1821 2749 partem

177 2786 296 2839 rentium
311 2784 465 2839 exercendo
487 2784 639 2855 ingenium,
664 2780 769 2837 malens
792 2780 886 2850 utique
909 2794 974 2835 suas
1020 2775 1077 2847 jam
1101 2770 1309 2843 septuagesimae
1324 2767 1501 2826 hebdomadis
1515 2768 1670 2825 inchoatam
1690 2769 1747 2826 :Et
1762 2779 1821 2842 post

177 2875 340 2945 margaritas
354 2888 370 2928 a
383 2873 445 2928 liliis
459 2857 566 2929 clausas
585 2871 724 2927 fructuoso
742 2870 843 2926 sudore
862 2868 974 2924 inresti-
1024 2861 1211 2927 hebdomadas,
1226 2860 1325 2932 induli,
1353 2875 1388 2916 ss
1411 2859 1479 2915 ‘¹²⁴⁰'
1506 2859 1639 2916 occidetur
1663 2860 1783 2918 ditrictae
1795 2872 1822 2919 ἅ

176 2966 246 3037 gari,
259 2980 343 3036 quam
363 2963 491 3035 profusas
512 2979 528 3018 a
546 2963 637 3035 porcis
651 2961 792 3017 fastidiosa
803 2958 975 3031 despectione
1025 2967 1078 3007 aaa
1095 2953 1145 3008 erit
1172 2952 1231 3023 mar
1256 2949 1368 3023 populas
1389 2951 1434 3023 qai
1458 2966 1517 3005 eam
1535 2961 1677 3022 aegatmm
1691 2962 1739 3007 ert.
1761 2952 1821 3009 Non

176 3055 289 3117 calcari.
315 3054 416 3112 lerum
443 3062 473 3110 ut
496 3055 556 3111 haec
577 3052 698 3125 apertius
723 3050 889 3116 elucescant,
917 3047 974 3119 ipsa
1026 3042 1118 3099 statim
1140 3051 1204 3114 post
1227 3057 1263 3097 ax
1288 3041 1355 3099 duas
1377 3032 1570 3108 hebdomadas,
1591 3041 1638 3099 sed
1666 3042 1692 3097 in
1709 3044 1762 3100 line
1776 3058 1822 3101 se·

175 3147 232 3217 iam
246 3147 337 3220 angeli
350 3147 384 3202 ad
398 3148 558 3220 prophetam
580 3147 669 3202 edicta
689 3145 847 3200 rideamus:
863 3141 976 3212 Septaa·
1025 3134 1202 3208 ptungcsimae
1215 3132 1393 3189 hebdomadis
1406 3135 1513 3191 occisus
1530 3141 1572 3193 est
1583 3132 1725 3190 Christus:
1741 3151 1822 3207 quarn

176 3239 262 3308 ginta,
275 3238 376 3309 inquit,
390 3237 564 3293 hebdomades
586 3235 741 3291 abbreviatae
754 3242 815 3290 rant
837 3248 917 3303 seper
930 3247 977 3303 po·
989 3211 1013 3276 C
1027 3226 1090 3281 itleo
1104 3224 1247 3298 (quantum
1261 3222 1395 3293 conjicere
1405 3223 1558 3295 possumus)
1574 3226 1725 3297 segregarit
1737 3242 1754 3282 a
1772 3242 1823 3284 cse-

178 3325 407 3396 palemonem
425 3341 504 3396 saper
517 3323 607 3379 arbem
628 3332 747 3378 sanctam
769 3330 852 3386 taam,
873 3328 901 3374 ot
914 3334 978 3375 coar-
1029 3315 1117 3373 teris:
1144 3314 1207 3387 quia
1225 3313 1328 3371 dehac
1349 3322 1409 3370 crat
1435 3314 1512 3386 plura
1538 3313 1692 3371 retatums:
1718 3330 1782 3372 uam
1796 3325 1825 3373 et

179 3428 326 3473 remmam
335 3417 527 3489 praevaricatio,
541 3425 565 3471 et
577 3415 657 3486 finem
668 3413 779 3485 accipiat
791 3421 935 3485 peccatam,
953 3421 978 3467 et
1027 3408 1154 3466 Christus
1168 3408 1195 3463 in
1218 3406 1264 3462 illa
1280 3405 1437 3474 cruciliuus,
1454 3415 1481 3462 et
1503 3421 1518 3461 a
1532 3406 1631 3479 populo
1644 3406 1748 3478 perlida
1770 3424 1824 3465 non

180 3507 300 3564 denter
321 3507 458 3578 iniguitas,
482 3514 507 3561 et
523 3505 674 3560 adducatur
689 3504 796 3576 justitia
809 3503 977 3575 sempiterna,
1028 3503 1109 3559 modo
1128 3501 1156 3556 in
1177 3500 1316 3572 passione,
1331 3516 1424 3557 rerum
1437 3499 1566 3556 continuo
1579 3514 1613 3556 cx
1627 3515 1682 3571 quo
1693 3498 1823 3558 aloanne

180 3607 206 3652 et
215 3595 359 3668 inpleatur
373 3596 438 3651 cisio
452 3605 477 3650 et
487 3594 623 3667 propinatio
635 3604 660 3648 et
671 3602 787 3666 angatur
797 3602 904 3649 sanetas
917 3609 979 3648 san·
1028 3592 1169 3665 predicari
1184 3591 1275 3663 caepit,
1289 3599 1402 3664 negatus
1421 3599 1472 3647 est.
1487 3591 1563 3660 Quod
1575 3600 1667 3650 autem
1679 3595 1802 3665 sequitur
1816 3612 1823 3649 :

181 3698 281 3743 ctorem
311 3685 394 3759 (Dan.
410 3684 460 3759 rs).
489 3684 559 3740 Nulli
584 3684 706 3749 dubium,
731 3683 797 3754 quin
821 3682 881 3739 haec
895 3682 979 3738 uerba
1029 3682 1064 3739 Et
1072 3684 1201 3740 ciuitatem
1210 3692 1234 3740 et
1245 3685 1425 3739 sanctuarium
1434 3683 1571 3755 dissipabit
1578 3684 1748 3757 papalisoam
1758 3687 1824 3744 daco

182 3779 280 3836 Christi
298 3777 524 3834 incarnationem
547 3775 699 3847 designent,
713 3773 761 3845 qui
785 3772 847 3828 tulit
868 3780 979 3843 peccata
1029 3784 1148 3841 eentum,
1168 3784 1193 3830 et
1215 3774 1277 3846 [iaia
1295 3776 1353 3847 ejas
1371 3776 1478 3832 uastitas
1490 3785 1514 3830 et
1527 3784 1585 3847 post
1602 3776 1680 3845 finem
1695 3776 1755 3833 belii
1768 3788 1822 3834 sta·

183 3869 285 3936 mundi,
293 3870 382 3939 legem
392 3874 419 3922 ct
426 3863 863 3937 propbetasimplerisunctusest
870 3861 981 3919 oleolm·
1030 3876 1087 3923 tata
1101 3868 1228 3924 decolatio
1241 3866 1354 3941 (ibid.);
1375 3883 1430 3923 non
1445 3869 1479 3923 ad
1491 3884 1544 3924 axx
1567 3868 1750 3928 hebdomadas
1760 3887 1823 3941 per·

184 3959 248 4015 titiae
258 3973 317 4030 prae
328 3956 506 4028 participibus
520 3956 634 4012 suiszet
647 3954 720 4026 quod
732 3952 915 4010 hebdomades
926 3967 980 4008 axx
1029 3957 1107 4014 tinet.
1129 3956 1295 4012 Praedictum
1313 3958 1387 4013 caim
1407 3957 1506 4022 linerat,
1534 3958 1605 4028 quod
1633 3958 1703 4029 ipsae,
1724 3960 1826 4018 hebdo-

110 4092 114 4101 ,
184 4058 371 4123 persepteaos
392 4063 478 4103 aunos
500 4046 643 4112 distinctae,
668 4044 981 4116 quadringentosetao-
1030 4047 1125 4104 mades
1138 4047 1173 4103 ad
1186 4046 1288 4103 Christi
1301 4063 1387 4117 usquc
1404 4049 1530 4104 ducatum
1548 4049 1753 4120 pertingerent:
1777 4052 1826 4109 sed

182 4142 292 4215 aaginta
311 4156 397 4196 annos
412 4140 559 4196 insinuent.
582 4137 636 4195 Sed
659 4138 817 4205 nomadum,
833 4139 906 4209 qaod
919 4151 981 4193 eas·
1030 4139 1176 4210 scriptura,
1190 4138 1319 4210 praedicto
1333 4139 1449 4193 aduentu
1464 4146 1491 4193 et
1511 4138 1636 4209 passione
1651 4139 1744 4210 ipsius,
1760 4142 1826 4214 quid

182 4233 244 4288 mm
254 4227 439 4288 hebdomadas
451 4247 505 4287 non
519 4229 678 4301 simpliciter
689 4238 831 4286 annotatas
843 4229 900 4286 sive
908 4243 981 4284 eom·
1030 4230 1113 4285 etiam
1121 4239 1183 4302 post
1193 4229 1379 4301 hancpopulo,
1388 4228 1433 4298 qui
1444 4244 1507 4284 eum
1517 4232 1638 4299 recipere
1648 4232 1741 4299 nollet,
1752 4243 1827 4291 esset

183 4332 302 4393 potatas,
328 4321 564 4379 sedabbreuiatas
591 4318 829 4387 asserit-occulte
855 4318 981 4376 uidelicet
1031 4333 1202 4397 eventurum,
1216 4324 1343 4381 ostendit.
1361 4323 1461 4380 Ducem
1484 4325 1557 4381 enirn
1578 4335 1722 4384 uenturum
1736 4326 1826 4385 Titum

184 4415 315 4470 lectorem
327 4427 515 4479 commonens,
532 4420 564 4468 ut
580 4412 720 4468 breviores
742 4411 821 4468 solito
833 4424 920 4466 annos
933 4424 982 4466 no-
1032 4415 1109 4483 dicit,
1122 4416 1169 4487 qui
1194 4415 1402 4488 quadragesimo
1426 4431 1498 4471 anno
1520 4416 1668 4474 Donrinicoe
1692 4420 1828 4489 passionis

183 4504 254 4559 vetii
265 4501 413 4560 indicabo&
429 4501 500 4559 Scito
519 4519 591 4574 erqo,
605 4503 701 4572 inquil,
718 4513 743 4556 el
757 4501 936 4556 animadverte
948 4500 980 4554 ab
1033 4506 1071 4563 ita
1085 4523 1145 4563 cum
1160 4508 1258 4580 populo
1280 4507 1404 4564 Romano
1425 4509 1561 4565 ciuitatem
1585 4518 1613 4566 pt
1642 4514 1825 4571 sanctuarium

183 4594 254 4650 reita
264 4595 404 4660 sermonis,
422 4603 450 4648 at
463 4594 557 4648 iterum
577 4591 881 4663 edificeturlemmlem
900 4606 982 4662 stau
1032 4599 1186 4671 dissiparit,
1199 4607 1229 4655 ut
1251 4615 1304 4655 uon
1333 4609 1488 4656 remaneret
1511 4600 1580 4672 lapis
1605 4615 1687 4671 super
1699 4602 1826 4675 lapidera.

184 4685 219 4739 as
232 4682 795 4754 carmemdmmnetdommaroeptemet
807 4679 982 4736 hebdomades
1033 4689 1143 4756 Verum,
1168 4692 1210 4749 bis
1229 4707 1279 4763 per·
1292 4693 1511 4764 anticipationem
1534 4696 1692 4767 prelibatis,
1716 4716 1779 4757 mor
1793 4701 1828 4757 ad

184 4776 323 4846 sexagima
337 4774 397 4829 daoe
416 4780 551 4828 erantne
565 4788 658 4827 carras
671 4770 982 4843 odipcattaarptateaet
1033 4782 1222 4853 exponendum
1249 4783 1442 4852 hebdomade,
1471 4801 1553 4857 qurum
1579 4789 1730 4857 omiserat,
1758 4791 1829 4846 redit

183 4866 254 4921 nari
275 4867 305 4920 ie
327 4866 450 4937 argutia
473 4865 596 4937 temporie
616 4861 722 4938 (taidi.
751 4863 836 4920 Esdra
853 4872 983 4919 narrante
1034 4878 1170 4926 eventum.
1187 4869 1359 4941 Conpimtabit
1376 4881 1464 4929 autent
1491 4885 1596 4947 pactam
1619 4877 1708 4932 inuitis
1731 4877 1828 4933 bebdo-

185 4958 342 5025 didicimus,
357 4958 430 5030 quod
442 4957 570 5015 Necmias
584 4971 646 5012 eum
670 4964 744 5012 esset
767 4956 896 5028 pincerna
911 4954 983 5026 regis
1033 4963 1114 5017 moda
1128 4961 1339 5037 unowanus),
1356 4963 1407 5021 hoc
1422 4976 1475 5031 est,
1491 4965 1760 5038 ipsanorissima,in
1774 4984 1827 5039 qua

184 5046 347 5105 Artaxerxis
365 5049 497 5105 vicesimo
516 5062 589 5103 anno
608 5047 764 5119 regnicjus,
778 5062 873 5103 mense
887 5045 983 5113 lllsan,
1035 5056 1077 5111 uel
1093 5056 1212 5116 ioannes
1229 5057 1367 5128 baptista,
1383 5057 1425 5113 sel
1448 5058 1588 5126 Dominus,
1615 5068 1644 5114 ct
1664 5057 1778 5128 apostoli
1800 5058 1827 5113 in

185 5139 341 5209 lffliifflill
358 5138 600 5196 iliffllsssllllfflll
621 5155 715 5196 ¹¹1th
735 5137 895 5206 bilbilim,
916 5147 985 5194 ⁸0¹⁰·
1035 5151 1205 5221 paedicando
1227 5150 1327 5206 multos
1347 5151 1381 5205 ad
1408 5149 1488 5205 tidem
1517 5156 1718 5204 converterunt.
1739 5150 1775 5204 Et
1800 5152 1828 5205 in

185 5234 229 5303 pto
242 5233 329 5289 multo
339 5242 413 5300 ante,
421 5233 493 5307 Cym
501 5235 686 5309 permittente.
699 5241 869 5297 constructo.
880 5233 984 5304 ipsum
1036 5240 1144 5295 dimitto
1169 5240 1338 5296 aebdomada
1362 5240 1463 5309 nepeta
1489 5241 1575 5295 aloem
1607 5248 1631 5294 ea
1665 5241 1827 5312 mentatum

186 5338 238 5393 qne
249 5340 321 5397 opus
342 5324 497 5397 (utdictum
520 5326 572 5401 est)
589 5328 615 5383 in
629 5326 754 5399 angustia
775 5325 904 5396 temporis
917 5339 982 5396 per·
1036 5331 1149 5410 (ibid),
1166 5331 1311 5387 Dimidium
1336 5329 1510 5388 hebdomadis
1526 5329 1607 5400 huius
1628 5333 1739 5403 quintus
1752 5335 1827 5391 dcci·

186 5416 300 5473 leserit:
317 5418 386 5474 adeo
407 5418 511 5475 scilicet
528 5434 543 5474 a
557 5419 679 5476 finitimis
702 5418 827 5491 gentibus
839 5419 982 5489 impugna·
1037 5440 1098 5480 mus
1111 5438 1197 5480 annus
1214 5421 1316 5479 Tiberii
1335 5422 1452 5480 essarta
1476 5431 1547 5490 erat,
1563 5424 1683 5493 quarrdo,
1700 5424 1828 5482 inchoato

186 5517 239 5575 tus.
260 5518 292 5565 ttl
312 5520 463 5567 structores
477 5511 575 5584 singuli
594 5511 683 5584 gladio
707 5527 785 5568 renes
797 5510 914 5567 accincti
928 5525 983 5565 una
1037 5514 1139 5572 dhrim
1170 5513 1356 5584 baptismate,
1388 5515 1539 5570 hostiarum
1571 5515 1726 5585 purificatio
1759 5516 1827 5573 nde·

187 5616 269 5656 maon
288 5616 436 5673 pugnasse,
449 5602 536 5658 altera
558 5619 667 5659 murum
680 5617 855 5675 recuperasse
867 5615 983 5657 narrea·
1038 5606 1109 5663 libus
1127 5603 1254 5675 paulatim
1267 5604 1399 5660 vilescere
1412 5606 1505 5679 coepit.
1519 5605 1587 5663 ltcm
1602 5607 1673 5677 quod
1685 5608 1827 5680 sequitur:

190 5701 242 5747 tur.
254 5693 297 5749 ab
309 5694 437 5764 hocergo
451 5702 573 5767 tempore
584 5711 669 5768 usque
688 5695 724 5752 ad
737 5695 875 5753 Christum
888 5695 984 5753 ducem
1039 5698 1073 5753 Et
1092 5698 1119 5753 ia
1138 5695 1232 5767 templo
1259 5695 1307 5751 erit
1332 5695 1492 5753 abominatio
1511 5696 1690 5763 desolationis,
1708 5709 1732 5753 at
1748 5715 1829 5771 asam

191 5784 440 5843 hebdomadoeaxx
464 5791 750 5860 computatorem,
775 5805 862 5848 annos
883 5790 985 5849 duode-
1040 5789 1074 5845 od
1104 5786 1353 5844 consommationcm
1380 5797 1405 5845 et
1432 5788 1511 5860 {inem
1543 5788 1714 5859 perseverabit
1750 5788 1828 5843 daso-

354 5877 491 5939 l'atnnt..
523 5879 606 5945 CXI.
1539 5880 1578 5939 10
