4042 6200
206 398 269 452 tent

621 401 801 458 expostam
820 399 931 459 adeun
951 396 1132 452 tertullian.
1151 427 1185 435 -
1204 395 1268 450 llll.
1289 392 1380 448 xtttt.

1752 390 1822 443 teta

204 530 215 561 ι
231 511 343 577 inimici,
358 523 385 566 et
398 515 535 568 succendit
549 514 576 569 in
588 510 671 570 iacob
681 516 756 585 quasi
772 516 859 585 ignem
871 514 985 575 llaunuae
999 516 1022 570 Α
1038 507 1140 561 Ιὶὶθΐῑῑῑὲ
1153 507 1253 561 delum·
1285 507 1337 561 still
1349 507 1410 576 ‘1¹¹5ss
1429 505 1463 558 5²³
1479 503 1514 557 ³5¹
1530 504 1583 556 ⁰0⁰
1597 501 1733 571 1⁵¹³⁰3¹¹²¹¹¹r
1745 500 1821 567 ⁰¹¹i¹¹⁵

206 620 215 650 r
233 600 365 656 devorans
376 602 402 655 in
417 617 492 673 gyro.
505 623 514 654 t
530 603 585 658 Non
597 604 683 660 solnm
697 605 768 659 enirn
781 606 934 659 universnm
945 620 987 660 re·

203 706 284 760 gnum
299 689 451 747 ludaeorum
467 693 595 749 Dominus
609 695 749 760 destruxit,
764 703 791 750 et
805 692 985 750 defensionem

204 781 319 836 dexterae
331 796 385 836 sua
397 782 430 836 ab
441 782 481 837 eis
489 783 623 849 auferens,
637 793 736 839 terram
747 800 840 840 eorum
852 784 878 839 in
888 796 987 840 'manus

204 869 319 923 hostium
335 870 368 924 ad
382 871 571 928 devastandam
586 873 705 937 tradidit,
717 880 765 929 sed
780 885 808 929 et
819 873 986 928 Hierusalem

204 960 343 1030 mysticam
357 963 489 1031 quaudoa
503 964 616 1020 Domino
624 966 775 1032 recesserit,
791 975 818 1021 et
832 966 882 1021 diis
891 964 987 1020 alienis

202 1059 229 1103 ct
240 1050 354 1105 diversis
375 1052 520 1110 sceleribus
547 1054 678 1119 servierit,
691 1054 846 1112 defensione
869 1055 987 1111 caelestis

199 1140 294 1194 ausilii
308 1142 439 1209 privatam
461 1142 575 1200 llantuuc
590 1145 708 1201 libidinis
725 1154 752 1202 ct
765 1143 848 1199 furori
869 1144 985 1200 hostium

202 1232 237 1287 ad
250 1233 465 1290 succendendum
481 1237 570 1292 tradit.
589 1237 704 1295 Dextera
731 1236 803 1292 enirn
828 1235 915 1291 Patris
940 1236 985 1291 llei

203 1322 356 1393 unigenitus
365 1322 450 1379 Filius
463 1336 514 1391 est,
525 1341 574 1396 per
587 1339 665 1396 quem
676 1335 703 1382 et
717 1325 841 1382 solatium
856 1334 884 1380 et
894 1322 987 1380 delen·

199 1415 305 1471 sionem
320 1415 442 1471 fidelibus
452 1418 508 1473 suis
520 1427 648 1489 prestat:
664 1418 710 1475 sed
722 1417 829 1487 quando
838 1416 883 1472 illo
899 1415 985 1471 olleo·

202 1520 243 1568 so,
259 1520 313 1559 non
326 1521 461 1562 meremur
475 1508 509 1562 ab
525 1508 639 1563 inimicis
662 1507 780 1572 libcrari,
803 1507 880 1576 quasi
895 1507 984 1561 traditi

1037 606 1076 651 est
1090 597 1235 666 gratuitum
1250 612 1328 650 orrrne
1346 595 1551 665 quolpunstat,
1572 591 1720 661 corripiar-nt
1738 590 1820 644 eliam

1037 686 1139 752 inillis,
1153 687 1258 756 quaudo
1273 687 1306 741 de
1324 696 1379 743 tolo
1398 686 1496 740 rnrrmlo
1517 683 1573 738 sola
1586 698 1652 753 gens
1666 682 1750 737 electa
1765 689 1818 749 est,

1037 778 1069 832 de
1083 790 1136 848 qua
1156 776 1280 832 Salvator
1298 777 1427 831 Dominus
1441 778 1597 839 adveniret,
1610 776 1655 844 qui
1669 773 1818 840 brachium,

1036 869 1148 924 victoria
1167 877 1195 923 et
1213 867 1340 923 tortitudo
1363 874 1405 921 cst
1425 875 1516 921 uestra
1537 883 1544 920 :
1565 865 1609 921 cui
1628 865 1650 920 si
1675 863 1830 935 peccaueri-

1045 976 1117 1026 mus,
1132 969 1160 1015 et
1182 959 1282 1034 diutius
1304 974 1352 1029 per
1373 954 1529 1027 patientiam
1548 956 1606 1026 ejus
1622 956 1770 1028 exspectati
1787 958 1820 1012 ad

1036 1068 1097 1109 eum
1109 1068 1157 1124 per
1169 1051 1353 1122 paenitentiam
1369 1051 1466 1105 reverti
1480 1047 1652 1113 noluerimus,
1671 1047 1756 1105 tendit
1774 1065 1820 1103 ar-

1036 1159 1097 1200 cum
1107 1143 1200 1214 judicii
1211 1143 1253 1197 sni
1265 1150 1359 1198 contra
1372 1158 1436 1206 uos,
1450 1152 1477 1197 et
1492 1141 1601 1197 dextera
1619 1142 1746 1212 potentiae
1765 1157 1821 1196 snm

1036 1234 1164 1306 quidquid
1184 1242 1281 1289 ornatu
1300 1232 1419 1288 scientiae
1440 1231 1481 1287 vei
1502 1232 1630 1291 victricum
1656 1232 1706 1286 cisi
1729 1246 1821 1285 sunaus

1034 1329 1146 1399 habere,
1162 1336 1246 1382 totum
1265 1326 1377 1396 dissipat
1393 1340 1400 1378 ι
1415 1333 1442 1381 et
1453 1332 1561 1381 exercet
1581 1325 1609 1379 in
1633 1322 1710 1380 uubis
1732 1322 1819 1377 viudi-

1036 1424 1106 1473 ctam
1123 1416 1314 1488 indignationis
1327 1432 1392 1483 suae,
1410 1431 1442 1471 eo
1458 1415 1529 1484 quod
1543 1414 1708 1469 noluerimus
1721 1413 1820 1468 intelli-

1035 1522 1099 1577 gere
1120 1506 1331 1563 misericordiam
1350 1515 1378 1560 ct
1397 1504 1600 1563 beneficentiam
1615 1504 1752 1561 imnrensae
1764 1504 1819 1582 cle-

1036 1597 1142 1652 urentia}
1156 1612 1221 1653 sure.

202 1598 409 1664 videmur,cum
433 1600 600 1655 defensorem
625 1600 727 1655 nullum
753 1600 893 1655 habemus.
908 1598 985 1655 Unde

200 1689 328 1757 propheta
342 1690 417 1759 quasi
431 1689 566 1745 desertum
580 1705 595 1744 a
616 1689 729 1745 bonuau
742 1688 866 1761 populum
880 1687 985 1744 luriaco·
1071 1687 1121 1742 lle.
1132 1706 1141 1738 r
1152 1688 1250 1744 Factus
1262 1697 1303 1745 est
1313 1688 1442 1744 Dominus
1455 1687 1528 1742 velut
1538 1686 1663 1742 inimicus
1674 1700 1682 1740 r
1694 1685 1818 1757 precipi-

201 1794 261 1833 rum
283 1789 444 1849 conquestus
468 1781 495 1834 iu
521 1779 633 1835 Psalmis
646 1782 709 1835 ait:
733 1797 742 1831 ι
764 1779 863 1849 thrrid
885 1780 985 1835 avertis
1040 1799 1048 1831 ι
1068 1782 1133 1837 tavit
1145 1780 1235 1843 lsrael,
1246 1780 1426 1851 precipitavit
1442 1781 1532 1835 emnia
1549 1780 1726 1851 moeniaejus,
1741 1780 1819 1835 dissi·

201 1884 309 1923 uranum
321 1876 405 1931 tuam,
421 1879 448 1925 et
464 1870 603 1925 dexteram
618 1879 691 1925 tuam
711 1869 846 1924 demedio
864 1871 923 1924 sinn
938 1878 983 1923 tuo
998 1857 1021 1915 B
1038 1890 1047 1921 ‹
1063 1872 1136 1940 prurit
1149 1870 1311 1925 munitiones
1331 1869 1400 1938 eius,
1415 1879 1443 1925 et
1456 1870 1568 1940 replevit
1582 1872 1608 1925 iu
1623 1870 1676 1925 lilia
1688 1870 1756 1926 luda
1771 1871 1821 1925 lm-

200 1959 227 2013 in
238 1959 362 2015 sinenti»
379 1957 464 2032 (Prot.
478 1960 584 2034 carru.)
598 1961 680 2029 Quasi
691 1960 803 2026 eliense,
816 1961 894 2031 quasi
917 1960 985 2015 irato
1039 1981 1048 2013 r
1067 1961 1196 2017 miliatum
1220 1971 1249 2015 et
1270 1960 1448 2018 humiliatam.
1476 1980 1485 2012 ι
1506 1959 1603 2017 Factus
1627 1970 1668 2016 est
1691 1961 1820 2017 bantinus

201 2048 322 2115 damino,
341 2050 404 2105 dicit
416 2068 422 2104 :
434 2049 479 2120 qui
492 2050 739 2121 uoluitpcccatores
750 2051 861 2122 populos
875 2050 983 2115 intueri,
1036 2056 1107 2110 velut
1127 2054 1252 2110 inimicus
1278 2068 1419 2126 synagogae
1441 2052 1605 2120 iudeorum,
1631 2055 1737 2124 quando
1760 2070 1820 2110 eam

200 2149 228 2194 ut
246 2141 334 2196 adhuc
347 2141 374 2196 in
396 2157 445 2196 sna
459 2142 601 2197 videantur
623 2157 782 2213 permanere
795 2143 924 2215 nequitia.
940 2143 986 2200 ille
1036 2144 1125 2201 hostili
1148 2145 1237 2218 gladio
1263 2144 1399 2200 devastari
1424 2144 1496 2208 lecit,
1520 2141 1617 2211 dejecit
1649 2143 1763 2205 mertia,
1793 2152 1821 2198 et

197 2230 269 2285 enim
284 2244 352 2300 quos
362 2231 560 2302 dispensatione
577 2233 691 2289 mirabili
705 2233 826 2305 placatus
842 2235 986 2309 attenderit
1035 2236 1166 2292 destruxit
1177 2234 1339 2291 munitiones
1351 2233 1431 2299 illius,
1445 2241 1473 2289 et
1487 2231 1600 2302 replevit
1613 2231 1709 2307 inipso
1722 2231 1820 2303 pupulo

198 2321 321 2393 corripit,
334 2334 403 2392 quos
416 2324 547 2395 propitius
567 2325 687 2381 intuetur
699 2327 835 2383 emendat.
850 2326 925 2396 Quorl
938 2346 985 2383 an-

199 2422 253 2468 tem
267 2414 352 2469 dicit:
369 2435 377 2469 r
394 2415 509 2473 Dextera
526 2427 571 2474 tua
598 2419 734 2475 demedio
756 2420 816 2476 sinu
843 2431 888 2478 tuo
914 2423 940 2476 iu
956 2418 985 2478 t-

199 2522 271 2570 uem,
286 2525 295 2558 ι
312 2508 447 2579 significat
468 2509 539 2580 quod
564 2512 635 2566 sicut
659 2510 725 2567 biosi
748 2528 845 2567 manus
863 2514 982 2580 dextera,

198 2595 304 2651 bomird
314 2594 391 2665 jussu
403 2598 436 2654 de
447 2599 506 2654 sinu
524 2600 639 2670 prolata,
655 2600 759 2673 leprosa
770 2615 914 2675 conspecta
931 2614 982 2670 est,

198 2686 350 2756 iterumque
373 2688 400 2742 in
426 2689 514 2744 sinum
539 2701 656 2748 retracta
681 2703 787 2759 curata,
810 2694 847 2750 ita
872 2695 985 2767 populns

196 2773 350 2831 ludaeomm
363 2778 457 2833 exiens
476 2793 492 2833 a
506 2778 618 2836 Domino
630 2779 740 2838 Christo
754 2783 908 2841 immundus
925 2785 981 2852 ilat,

197 2864 231 2920 ad
243 2879 304 2919 cum
317 2880 383 2922 vero
406 2881 554 2924 conversus
575 2868 609 2926 ad
628 2871 772 2938 pristinam
798 2874 890 2930 redeat
912 2875 984 2930 sani·

197 2961 291 3009 tatem.

233 3045 337 3102 daleth.
364 3067 374 3101 ι
393 3047 519 3106 Teteudit
538 3051 667 3108 bomiuns
693 3067 786 3111 arcum
805 3069 883 3111 suum
905 3057 982 3128 quasi

200 3155 210 3188 ι
223 3136 364 3203 inimicus,
381 3141 497 3196 lirmavit
510 3142 645 3198 dexteram
659 3159 734 3199 snam
748 3145 825 3215 quasi
839 3145 942 3213 hostis,
955 3154 983 3202 et

1034 2325 1203 2382 humiliatum
1237 2335 1266 2382 ct
1297 2325 1485 2391 humiliatam,
1516 2324 1569 2380 hoc
1601 2332 1645 2380 est
1677 2332 1820 2394 utrumque

1034 2432 1126 2473 sexum
1144 2416 1281 2488 multiplici
1303 2416 1460 2480 confusione
1480 2415 1670 2487 despicabilem
1695 2415 1818 2469 reddidit.

1033 2507 1114 2564 irrata
1134 2492 1288 2580 allegoriam
1300 2522 1374 2573 vero,
1388 2504 1459 2563 sicut
1472 2506 1571 2563 moenia
1590 2507 1616 2561 in
1640 2504 1750 2561 urbibus
1772 2520 1820 2577 pro

1034 2607 1193 2653 orrrameuto
1215 2605 1278 2653 snut
1306 2596 1468 2652 rnnrritioues
1490 2611 1553 2652 uero
1574 2595 1603 2651 in
1626 2595 1820 2657 defensionem,

1034 2692 1071 2746 ita
1096 2689 1148 2744 alia
1175 2698 1237 2745 suut
1268 2688 1337 2763 dona
1362 2704 1422 2759 quac
1444 2703 1494 2744 nos
1521 2687 1660 2762 nraniunt,
1681 2686 1732 2740 alia
1760 2700 1821 2756 quaa

1033 2789 1131 2837 ornant
1148 2799 1155 2835 ε
1171 2779 1318 2851 prophetiae
1342 2778 1459 2850 quippe,
1484 2778 1621 2844 doctriua,
1647 2792 1745 2848 genera
1768 2776 1820 2830 lin-

1033 2886 1161 2943 guarum,
1182 2869 1350 2926 curationum
1369 2868 1470 2934 virtus,
1490 2867 1566 2937 quasi
1581 2866 1703 2938 quedam
1722 2865 1819 2919 uroerria

1034 2962 1131 3018 mentis
1146 2968 1218 3017 suut.
1232 2959 1297 3029 Qum
1308 2959 1414 3015 etiamsi
1425 2958 1539 3030 quisque
1554 2973 1607 3013 nou
1623 2955 1730 3022 habeat,
1747 2964 1820 3012 stare

1034 3054 1152 3110 munitus
1165 3040 1215 3125 'per
1228 3051 1307 3108 tidem
1325 3058 1353 3108 et
1367 3042 1501 3122 justitiam
1515 3057 1603 3121 potest
1618 3068 1624 3104 :
1640 3048 1763 3122 quamvis
1775 3064 1819 3103 ur·

1033 3156 1114 3202 natus
1127 3145 1255 3200 virtutum
1273 3141 1414 3198 altitudine
1426 3142 1538 3197 minime
1559 3156 1619 3197 esse
1629 3141 1759 3196 videatur.
1772 3138 1815 3194 Fi·

200 3247 209 3279 ι
223 3226 323 3282 occidit
334 3242 413 3285 omne
429 3231 500 3300 quod
512 3231 654 3302 pulchrum
669 3245 727 3290 erat
738 3237 797 3293 risu
815 3238 842 3293 in
860 3217 1020 3297 taberna·C
1037 3238 1083 3294 des
1102 3250 1177 3300 vem,
1187 3249 1249 3307 spes
1270 3242 1299 3290 et
1316 3233 1435 3289 charitas
1458 3247 1511 3288 nou
1535 3237 1626 3290 nostra
1640 3231 1750 3298 muenia,
1773 3231 1820 3286 scd

200 3336 209 3368 ι
223 3316 287 3373 culo
296 3316 358 3373 illie
371 3317 446 3386 Sion,
460 3328 487 3375 et
498 3320 591 3378 effudit
609 3326 686 3396 quasi
710 3325 798 3398 iguem
823 3329 986 3403 indignatio·

199 3428 209 3461 ι
222 3422 283 3463 nem
298 3423 384 3464 suam.
401 3430 410 3462 ι
432 3410 555 3469 tetendit
570 3413 697 3473 Dumium
709 3433 803 3474 areum
816 3436 894 3477 suum
908 3425 986 3493 quasi

195 3501 341 3569 inimicus„
354 3511 381 3559 et
402 3503 538 3560 dexteram
558 3521 633 3562 suam
657 3507 775 3566 firmavit
793 3512 869 3581 quasi
889 3513 985 3580 hostis,

195 3610 258 3650 erun
275 3593 434 3652 dimicantes
455 3605 549 3654 contra
572 3598 740 3657 Hierusalem
763 3601 986 3672 Chaldaeussive

199 3686 351 3754 Romanos,
366 3689 519 3759 superiores
531 3691 611 3758 iecit,
624 3692 686 3747 data
700 3692 896 3766 illispotestate
908 3707 936 3753 ut
946 3698 987 3753 iu·

196 3776 342 3833 ccuderent
362 3779 491 3850 templum
506 3790 534 3837 et
551 3783 721 3843 destruerent
741 3803 833 3848 muros
853 3790 986 3857 civitatis,

196 3879 230 3919 eo
244 3866 316 3934 qnod
335 3867 392 3936 ipse
413 3868 497 3924 iratus
509 3885 561 3925 uon
575 3883 698 3942 parceret
708 3874 770 3941 illis,
785 3876 830 3946 qui
844 3876 987 3947 aliquando

198 3954 320 4025 patribus
333 3973 427 4014 eorum
440 3959 561 4029 placatus
572 3968 673 4017 terram
686 3963 854 4020 diversarum
866 3968 987 4037 gentium

198 4044 232 4098 ad
246 4046 433 4115 possidendam
455 4049 605 4118 distribuit;
622 4053 692 4110 sicut
712 4053 854 4112 Psalruista
872 4067 988 4114 testatur

197 4132 389 4214 adbomiunm
409 4138 502 4196 dicens
517 4127 530 4192 4τ
548 4140 642 4198 lienus
663 4152 707 4199 tua
724 4157 817 4218 gentes
829 4150 988 4221 disperdidit

198 4233 226 4279 et
240 4223 367 4293 plantasti
380 4241 437 4294 eos,
462 4228 578 4288 afflixisti
600 4236 713 4305 populos
733 4247 760 4293 et
782 4241 908 4312 caprulisti
929 4258 986 4300 cos.

199 4314 258 4370 Non
271 4318 343 4372 enim
362 4318 390 4373 ln
405 4319 494 4390 gladio
508 4336 557 4377 suo
567 4324 739 4392 possidebunt
753 4335 871 4395 terram,
885 4340 912 4386 et
927 4333 986 4388 hra-

198 4404 291 4460 chium
311 4421 406 4463 corum
430 4425 483 4465 uon
506 4411 691 4482 salvabilem,
710 4418 757 4473 sed
778 4419 887 4476 dextera
905 4430 949 4477 tua
962 4431 990 4480 et

1037 3330 1202 3388 munitiones
1216 3338 1364 3399 sunt,quas
1377 3327 1401 3384 si
1416 3325 1515 3382 habere
1524 3324 1692 3398 negligimus,
1705 3324 1821 3379 hostium

1036 3421 1140 3479 insidiis
1154 3429 1286 3492 patemus.
1311 3418 1349 3473 lle
1369 3415 1460 3478 tutaea
1477 3431 1541 3487 ergo
1566 3415 1629 3486 quia
1652 3414 1820 3485 prophetiam

1036 3522 1116 3583 atque
1139 3510 1306 3574 doctrinam,
1322 3508 1364 3563 vel
1388 3505 1581 3562 miraculorum
1603 3504 1678 3576 sigua
1701 3500 1820 3568 abstulit,

1037 3603 1136 3662 moeuia
1149 3599 1326 3676 praecipitarit
1340 3617 1347 3653 z
1362 3598 1426 3668 quia
1442 3612 1506 3653 reru
1519 3611 1604 3668 spem,
1620 3595 1700 3651 tidem
1715 3604 1742 3650 et
1755 3594 1821 3649 cha·

1037 3695 1143 3751 ritatem
1159 3702 1268 3766 propter
1282 3690 1340 3759 ejus
1352 3689 1479 3744 duritiam
1497 3687 1602 3744 auterre
1614 3685 1749 3758 permisit,
1764 3697 1824 3739 ma·

1038 3785 1154 3840 nitioncs
1174 3781 1233 3852 ejus
1257 3780 1389 3851 dissipare
1413 3778 1525 3834 studuit.
1547 3775 1648 3831 Rectus
1666 3790 1731 3830 vero
1756 3775 1823 3830 orrlo

1037 3884 1160 3938 servatus
1171 3883 1221 3937 est,
1235 3881 1265 3926 ut
1278 3872 1353 3941 prius
1364 3870 1463 3926 moenia
1474 3876 1501 3925 et
1514 3876 1577 3939 post
1590 3867 1752 3923 munitiones
1768 3866 1823 3921 dis·

1038 3966 1131 4036 sipataa
1145 3966 1297 4020 dicerentur
1314 3979 1321 4016 z
1338 3960 1401 4032 qnia
1415 3976 1476 4017 cum
1487 3960 1622 4032 peccatrix
1638 3959 1727 4014 anima
1742 3957 1823 4013 relin-

1038 4058 1139 4127 quitur,
1148 4056 1223 4127 prius
1236 4054 1270 4109 ab
1278 4069 1311 4109 ea
1326 4053 1455 4107 virtutum
1469 4051 1540 4107 dona
1552 4065 1611 4121 quae
1624 4050 1658 4106 ad
1671 4048 1826 4105 ruauiiesta*

1039 4148 1138 4203 tionem
1154 4147 1265 4217 spiritus
1278 4144 1341 4200 data
1355 4150 1427 4208 suut,
1437 4152 1465 4198 et
1481 4140 1649 4214 postmodum
1667 4141 1736 4211 spei,
1750 4139 1823 4207 lldei,

1038 4248 1119 4310 atque
1131 4236 1271 4293 chariratis
1280 4234 1454 4290 fundamenta
1467 4232 1716 4302 destruentemque
1728 4240 1825 4285 cuncta

1039 4330 1177 4394 nominos,
1191 4343 1206 4382 a
1225 4325 1336 4398 persidis
1353 4325 1454 4392 ablata,
1469 4324 1611 4397 gentilitati
1627 4323 1729 4390 tribuit,
1745 4329 1825 4392 atquc

1038 4438 1072 4479 ex
1091 4423 1145 4486 his,
1156 4436 1216 4492 que
1231 4418 1383 4476 infidelibus
1395 4417 1518 4484 abstulit,
1529 4425 1635 4474 mentes
1651 4415 1766 4474 fidelium
1780 4433 1826 4472 or·

199 4495 339 4551 brachium
358 4505 443 4565 tuum,
460 4508 488 4554 et
501 4499 661 4561 illuminatio
679 4506 767 4563 vultus
785 4510 838 4577 tui,
861 4510 987 4584 quoniam
1040 4512 1123 4566 navit.
1146 4509 1222 4566 Unde
1241 4518 1268 4565 et
1287 4508 1417 4580 scriptum
1435 4517 1500 4565 est:
1517 4506 1622 4579 speciei
1642 4509 1737 4568 domus
1756 4513 1827 4569 diri·

200 4585 361 4656 complacuit
380 4589 428 4645 tibi
446 4591 473 4646 in
493 4591 555 4648 illis.
580 4593 620 4650 Ne
643 4596 715 4652 enim
736 4607 860 4669 putarent
883 4579 1028 4661 belrain
1040 4603 1105 4659 dere
1127 4601 1222 4673 spolia.
1249 4601 1321 4666 Cum,
1341 4602 1412 4658 enim
1439 4601 1570 4657 virtutum
1592 4585 1676 4673 spolia
1697 4605 1827 4666 alrrdrcis

200 4693 231 4733 se
255 4679 464 4752 triumphatores
485 4685 541 4741 suis
555 4686 657 4753 viribus
672 4692 824 4761 exstitisse,
848 4695 989 4764 prourerur

200 4768 261 4824 illos
287 4785 339 4826 non
363 4771 391 4827 in
412 4788 462 4828 stro
488 4773 577 4844 gladio
592 4775 675 4834 luisse
688 4781 812 4848 victores,
825 4799 876 4839 nce
889 4793 989 4841 terram

199 4859 319 4929 gentium
343 4861 394 4916 sibi
418 4865 525 4934 propria
551 4865 707 4925 tortuuutue
736 4871 894 4934 vindicasse.
925 4874 990 4932 iira-

201 4950 292 5006 chlum
306 4967 355 5021 pro
370 4954 465 5011 robore
479 4956 602 5025 dicimos,
624 4964 750 5031 quoniam
771 4964 827 5036 ipso
847 4966 991 5032 dimicante

201 5049 346 5110 pugnatur,
362 5044 409 5099 sed
430 5045 501 5102 istud
521 5048 660 5106 brachium
685 5069 737 5109 non
756 5041 803 5111 eos
821 5056 855 5112 ab
872 5057 988 5116 inimicis

200 5128 259 5186 mis
269 5129 384 5188 liberare
396 5136 545 5203 prevaluit,
559 5154 626 5209 quos
636 5142 787 5214 specialiter
797 5145 889 5202 virtus,
899 5145 987 5213 divina

202 5217 325 5274 salvavit.
346 5222 392 5277 Sic
404 5224 466 5278 dum
481 5224 652 5284 hebraerum
675 5240 751 5289 actua
768 5236 921 5305 exponitur,
937 5237 988 5293 hu-

202 5322 283 5363 mano
298 5311 389 5380 generi
409 5313 528 5385 prodcna
550 5317 672 5374 doctriua
696 5330 847 5390 praestatur.
875 5325 988 5381 Dextera

202 5399 275 5456 enim
297 5401 431 5472 siguificat
448 5418 605 5476 prosperam
619 5420 734 5477 partem,
758 5412 896 5472 brachium
914 5415 991 5471 sorti-

204 5495 334 5563 tndinem,
355 5499 513 5557 illuminatio
527 5502 677 5569 consilium,
696 5521 757 5576 quae
774 5506 903 5565 [lominus
922 5526 991 5581 prae·

204 5584 332 5642 hiantibus
343 5586 457 5654 coniert,
471 5592 578 5658 quando
587 5592 726 5649 victoriam
740 5595 841 5651 donare
856 5597 990 5670 dignatur.

204 5676 259 5733 Sed
271 5694 305 5735 ne
318 5681 438 5739 dicerent
457 5703 464 5738 :
484 5684 578 5741 Patres
589 5687 673 5742 nostri
697 5704 746 5744 suo
770 5689 866 5746 merito
885 5690 993 5762 placue-

206 5779 279 5836 runt,
292 5771 351 5828 ideo
362 5781 435 5830 tantu
449 5786 534 5832 sunta
546 5776 658 5834 bomine
670 5781 817 5848 consecuti,
828 5782 926 5849 intulit,
939 5801 990 5840 non

1040 4693 1171 4760 abstulit,
1184 4692 1275 4748 domui
1293 4691 1384 4749 cordis
1406 4690 1555 4762 gentilium,
1572 4683 1652 4763 quam
1676 4710 1724 4764 per
1748 4696 1827 4753 tidem

1041 4783 1192 4838 inhabitare
1201 4782 1387 4854 dignatusest,
1403 4783 1493 4854 specie
1516 4784 1647 4840 donorum
1662 4785 1744 4852 dedit,
1756 4788 1829 4857 quud

1042 4874 1165 4931 uidelicet
1179 4883 1283 4947 gestum
1306 4884 1347 4932 est
1371 4890 1433 4931 cunr
1456 4876 1538 4931 verba
1560 4874 1608 4931 llei
1632 4884 1659 4931 et
1675 4874 1827 4931 ludaecrunr

1041 4965 1155 5037 populus
1169 4964 1203 5020 ad
1215 4965 1299 5020 solam
1323 4966 1459 5031 litteram,
1479 4981 1539 5036 qum
1550 4966 1660 5029 occidit,
1681 4966 1826 5037 acciperet,

1042 5065 1071 5111 et
1083 5072 1213 5112 conversa
1228 5057 1424 5130 gentilitasper
1433 5056 1566 5127 spiritum,
1578 5056 1624 5127 qui
1638 5056 1765 5123 viviticat,
1779 5070 1827 5126 pe·

1045 5156 1172 5203 netraret.

1084 5237 1150 5291 lca.
1162 5257 1171 5288 ι
1182 5238 1216 5298 Et
1224 5239 1362 5310 dissipavit
1372 5240 1450 5310 quasi
1461 5240 1568 5300 hortum
1582 5241 1725 5296 tentorium
1739 5258 1827 5310 mum,

1048 5345 1057 5379 ι
1077 5327 1220 5384 demolitus
1238 5338 1279 5383 est
1292 5329 1492 5386 athernaculum
1514 5346 1602 5388 suum.
1618 5330 1752 5389 Oblivioni
1776 5344 1830 5390 tra-

1048 5439 1057 5471 r
1076 5418 1283 5474 diditllorninus
1303 5420 1331 5474 in
1355 5419 1419 5476 Sion
1440 5420 1612 5479 festivitatem
1632 5432 1659 5479 et
1678 5426 1829 5492 sabbatum,

1047 5529 1056 5561 ι
1074 5519 1102 5566 et
1115 5510 1259 5579 opprobrio
1270 5511 1297 5565 in
1318 5511 1502 5584 indignatione
1522 5512 1622 5571 luroris
1644 5516 1685 5572 sui
1699 5532 1788 5588 regern
1803 5529 1828 5573 e:

1047 5619 1057 5652 ι
1076 5601 1253 5656 sacerdotem.
1283 5622 1293 5654 ι
1315 5601 1465 5675 (Hieron.)
1486 5603 1599 5676 Propter
1620 5617 1730 5678 peccata
1757 5608 1830 5664 euim

1044 5691 1225 5748 israelitamm
1242 5693 1382 5764 dissipavit
1404 5697 1548 5754 tentorium
1564 5713 1652 5765 surim,
1666 5700 1743 5770 qnasi
1763 5701 1828 5757 hor·

1044 5793 1099 5839 tum
1119 5783 1260 5839 demolitus
1283 5795 1324 5841 est
1342 5787 1542 5844 tabernaculum
1566 5807 1654 5847 suum
1673 5791 1701 5848 in
1720 5791 1823 5850 oblivio
