4042 6200
234 316 302 377 1003
552 312 582 368 Β.
603 312 729 368 RhDth
748 313 855 369 tthhih
874 312 1034 369 anschise.
1055 310 1209 371 hddbht.
1223 316 1365 373 denubit
1384 317 1472 375 PARS
1490 318 1532 374 tll.
1787 326 1859 382 lehi

228 439 273 487 trac
286 438 461 485 ctsacrarum
476 433 614 490 sumtum,
631 433 663 479 ut
677 427 748 480 omni
765 441 830 496 pace
847 434 929 496 atque
947 441 1012 481 eon·
1027 429 1051 486 Λ
1067 442 1077 476 ι
1096 427 1254 493 montuosis,
1275 437 1302 484 et
1323 429 1351 483 in
1374 429 1527 489 ciuitatibus
1548 433 1754 502 campestribus,
1778 449 1810 493 et
1839 446 1867 499 tn

226 518 319 575 cordia
341 523 536 571 conversentur
563 514 639 570 Unde
663 516 720 584 ipsa
743 515 851 572 Veritus
873 517 1014 587 discipulis
1069 502 1251 575 ‹civitatibus
1264 535 1323 589 quae
1336 520 1371 576 ad
1384 530 1504 579 austrum
1523 531 1645 579 sunt2et
1658 524 1769 581 interra
1788 531 1865 586 Dim-
1923 532 1929 541 ’

227 611 295 676 suis,
319 608 377 662 ait:
394 625 403 681 ι
418 606 515 662 Pacem
541 621 630 661 meam
656 608 777 678 relinquo
799 610 891 673 vobis,
918 623 1014 678 pacem
1067 602 1190 673 ajamim,
1204 615 1232 662 et
1246 608 1272 662 in
1293 609 1407 663 circuitu
1422 610 1598 679 llierusalcm,
1611 621 1640 668 ct
1658 613 1684 668 in
1699 615 1867 675 civitatibus

227 715 316 754 meam
330 700 364 754 do
382 697 469 761 robis,
489 711 544 752 nou
556 698 690 766 quomodo
714 698 830 753 mundus
853 700 899 754 dat
920 714 1014 769 pacem
1068 694 1171 761 «iuda,
1188 698 1278 754 adhuc
1300 699 1453 755 transibunt
1470 716 1566 771 greges
1585 704 1618 758 ad
1636 720 1744 761 manum
1763 724 1868 768 ιιιιιιιι.

226 805 276 859 ego
299 788 333 844 do
354 786 429 842 vohis
443 785 541 857 (loon.
566 786 645 858 xrr);
662 806 672 839 ι
689 795 717 843 ιι
734 788 798 843 item
814 805 820 840 :
835 805 845 839 ι
863 788 943 852 Ecce,
969 788 1013 842 in·
1067 802 1078 838 ι
1096 786 1192 852 rantis,
1206 787 1245 843 ait
1259 788 1396 845 Dominus.
1415 809 1424 842 r
1440 789 1566 846 Pastores
1580 793 1624 848 isti
1644 810 1759 864 quorum
1779 796 1866 853 hahi-

226 881 292 951 qrht,
313 893 362 947 ego
379 876 517 931 nobiseum
536 890 596 931 sum
614 877 741 933 omuibus
763 877 857 931 dicbus
876 876 1014 947 usquead
1065 872 1183 929 taculum
1204 883 1245 930 est
1268 877 1294 930 iu
1312 875 1370 931 loco
1389 876 1434 946 qui
1449 874 1499 932 iuit
1512 888 1576 935 ante
1592 880 1723 947 desertus,
1738 885 1867 952 apaustulu·

225 967 484 1027 consummationem
507 965 597 1022 saeculi
617 965 731 1039 (llotth.
759 967 901 1037 xxviiii.»
928 965 1014 1021 Caete-
1064 964 1357 1035 sunteterangelistae
1370 966 1586 1033 atquedoctores
1598 967 1664 1024 Noti
1676 969 1864 1026 Testamenti.

225 1077 285 1117 mut
300 1062 327 1115 in
346 1059 390 1114 illa
402 1056 557 1114 reversione
566 1056 720 1113 ludaeorum
735 1057 767 1113 de
780 1055 927 1129 Babylone,
951 1056 1013 1111 stui-
1064 1049 1166 1123 Grcges
1180 1068 1245 1110 sero
1259 1054 1424 1111 accubantes
1441 1056 1468 1110 in
1488 1056 1641 1113 ciuitatibus
1654 1062 1820 1127 montuosis,
1837 1072 1868 1117 et

226 1153 297 1207 timer
309 1159 402 1221 gentes
412 1149 558 1220 plurimum
572 1163 619 1202 eos
632 1147 804 1210 infestabant,
826 1154 853 1202 et
868 1146 1013 1217 prohibue-
1065 1143 1092 1198 iu
1106 1144 1259 1201 civitatibus
1272 1147 1477 1215 campestribus,
1493 1154 1521 1201 et
1534 1147 1562 1201 iu
1574 1149 1729 1205 civitatibus
1740 1167 1809 1221 uuae
1827 1154 1867 1209 ad

224 1252 288 1301 runt
306 1257 339 1298 ue
355 1241 483 1312 templum
501 1240 709 1303 reaedillcarcnt,
731 1252 876 1309 murosque
893 1238 1013 1294 civitatis
1063 1241 1184 1288 austrum
1194 1233 1405 1298 sunitssoeiesiae
1421 1243 1482 1290 subi
1493 1236 1660 1308 degentibus
1672 1252 1865 1313 congregata,

224 1341 416 1391 restaurarent.
432 1330 530 1386 Postea
541 1345 647 1401 nuorprc
666 1329 692 1384 in
711 1328 925 1385 llachabmorum
944 1337 1012 1384 tem·
1063 1337 1123 1393 (111ae
1142 1323 1170 1378 iu
1191 1322 1307 1378 wintine
1320 1324 1450 1379 uirtutum
1470 1327 1632 1393 oensistuut,
1646 1338 1673 1384 et
1694 1339 1788 1385 tannen
1809 1332 1867 1387 lau-

225 1426 336 1498 poribus
350 1424 465 1496 plurima
478 1424 518 1478 eis
530 1421 601 1478 bella
614 1430 642 1477 ct
657 1404 948 1484 laborcsaecidclraut‚
961 1434 1011 1475 nec
1063 1412 1184 1470 militatis
1202 1415 1257 1468 ima
1281 1429 1336 1469 ⁰⁰ss
1363 1416 1491 1471 deserunt
1508 1436 1514 1470 ι
1535 1418 1583 1472 ted
1605 1417 1709 1476 fervore
1735 1419 1866 1490 Spiritus

224 1528 341 1585 minuam
366 1513 514 1584 perlectam
535 1527 628 1583 pacem
653 1520 682 1567 et
705 1511 811 1581 plenam
838 1511 1011 1567 securitatem
1063 1505 1163 1570 sancii,
1178 1519 1258 1575 (luem
1274 1514 1475 1562 admittimus
1488 1508 1631 1578 significat,
1645 1512 1864 1569 nudiumboaae

225 1607 324 1663 habere
337 1612 463 1677 poterant
474 1605 559 1661 donec
568 1620 618 1677 per
634 1603 816 1659 Romanorum
828 1602 964 1673 principes
976 1601 1010 1656 de
1062 1595 1227 1666 operationis
1246 1606 1385 1663 exornent,
1413 1608 1441 1655 et
1463 1599 1616 1656 dilectionis
1636 1602 1697 1672 jura
1719 1607 1865 1663 serrantia

223 1707 294 1753 terra
306 1712 355 1753 sua
367 1695 456 1764 ejecti.
470 1710 520 1765 per
535 1701 620 1751 toturn
635 1694 728 1750 orbern
743 1692 858 1763 dispersi
877 1700 949 1748 sunt.
1063 1694 1167 1754 terem,
1180 1688 1283 1755 Quibus
1296 1689 1466 1753 associantur
1477 1706 1642 1763 gregesque
1656 1694 1681 1748 iu
1696 1702 1769 1749 terra
1781 1695 1863 1751 tsna-

259 1787 346 1843 rllaec
371 1786 437 1843 dicit
463 1786 615 1841 Dominus:
636 1784 733 1840 hdhuc
756 1782 879 1838 audietur
901 1782 929 1837 in
953 1780 1011 1837 loeo
1026 1761 1145 1844 Bjamiu
1167 1786 1196 1832 et
1216 1778 1244 1833 itt
1265 1778 1379 1835 circuitu
1396 1779 1576 1848 llierusalem,
1598 1791 1625 1837 et
1646 1783 1673 1839 in
1695 1784 1865 1843 civitatibus

225 1899 233 1932 ι
251 1881 312 1943 isto,
329 1894 408 1950 qrrenr
423 1893 472 1933 ros
486 1878 575 1933 dicitis
592 1877 812 1941 essedesertum,
828 1872 945 1944 eoquod
959 1888 1012 1929 non
1059 1864 1131 1922 iuda
1157 1877 1299 1923 versantur
1313 1886 1320 1922 ι
1334 1870 1397 1939 quia
1418 1871 1451 1926 do
1474 1871 1519 1926 illo
1538 1872 1630 1941 priore
1653 1873 1751 1943 populo
1775 1875 1866 1934 mulo·

225 1991 234 2023 ι
249 1972 284 2025 ιιι
296 1971 377 2025 homo
390 1984 440 2025 nec
450 1968 601 2037 iumentum
615 1968 643 2021 iu
653 1964 808 2023 ciuitatibus
819 1961 898 2029 luda,
909 1972 937 2019 et
947 1962 1013 2020 loris
1062 1964 1126 2010 sunt
1140 1954 1185 2026 qui
1198 1955 1232 2011 ad
1249 1955 1328 2013 iidem
1342 1957 1443 2015 Christi
1460 1969 1488 2019 et
1500 1961 1534 2014 ad
1548 1961 1638 2016 orium
1655 1978 1732 2016 mum
1755 1979 1862 2019 nume·

224 2060 501 2131 «hierusalemque
520 2055 1014 2127 desolataesuntabsquehomine,et
1063 2059 1123 2100 lum
1136 2045 1281 2115 pertineni-
1303 2047 1517 2121 Deqnibusipse
1532 2052 1591 2107 ait:
1610 2050 1786 2109 ‹Dtmmeae
1808 2072 1862 2113 ro-

224 2174 233 2205 ι
253 2153 352 2224 absque
364 2152 526 2217 habitatore,
536 2149 673 2218 etabsque
683 2162 791 2218 pecore,
807 2162 860 2201 roa
876 2145 966 2218 gaudii
985 2153 1014 2200 et
1062 2150 1122 2192 cem
1136 2151 1225 2192 meam
1239 2138 1360 2205 audiunt,
1373 2148 1401 2195 di
1413 2145 1463 2214 ipo
1479 2157 1613 2214 cogam
1622 2158 1679 2209 eas,
1692 2153 1717 2199 et
1733 2160 1864 2216 sequun-

225 2261 234 2294 ι
252 2258 302 2297 vos
314 2241 423 2306 letitie,
434 2255 486 2295 roa
496 2238 588 2309 sponsi
610 2246 638 2293 ct
654 2252 705 2292 sor
726 2251 841 2315 sponse,
857 2250 908 2290 vox
922 2235 1013 2289 dicen·
1063 2233 1106 2281 tut
1117 2243 1160 2284 me
1174 2227 1264 2300 (toan.
1284 2228 1324 2301 x).
1340 2250 1349 2284 ι
1365 2230 1398 2285 111
1412 2246 1476 2303 ergo
1489 2248 1584 2289 omues
1594 2249 1687 2304 greges
1700 2238 1863 2294 transibunt

224 2323 1013 2396 rtium:ConlimminiDominoexercituum,quonianrbo
1063 2315 1096 2370 ad
1119 2333 1230 2373 manum
1256 2321 1525 2393 numerandaque,
1546 2321 1625 2391 juxta
1647 2326 1862 2395 dispositionem

225 2440 305 2481 rrius
327 2424 467 2487 Dominus,
482 2421 610 2493 quoniam
629 2421 655 2474 in
671 2427 802 2475 aternum
826 2415 1011 2472 misericordia
1062 2408 1120 2464 leli
1146 2410 1280 2481 113810ῐὶ5,
1302 2412 1430 2468 mandata
1454 2414 1545 2471 divina
1575 2428 1714 2473 semmei
1734 2420 1860 2487 visunt,

225 2534 234 2568 ι
255 2509 734 2585 ciusetportantiumrotaiudornum
744 2507 860 2563 Domini.
874 2505 1012 2562 lieducam
1061 2511 1131 2566 quos
1149 2499 1249 2569 ipsein
1264 2500 1464 2572 coelestiregno
1485 2503 1623 2569 describit,
1644 2506 1714 2561 sicut
1730 2508 1773 2564 eis
1788 2526 1860 2579 pro·

227 2624 236 2657 ι
254 2605 325 2660 eninr
337 2602 540 2659 conversionem
561 2607 641 2656 terrae
658 2598 728 2654 sicut
746 2614 761 2651 a
780 2596 924 2667 principio,
945 2594 1011 2649 dicit
1062 2586 1136 2641 1111δί1
1155 2585 1268 2673 ditetis:
1286 2608 1296 2642 ι
1311 2588 1430 2647 Gaudete
1443 2600 1471 2648 01
1491 2593 1638 2661 exsultate,
1658 2596 1720 2665 quia
1742 2603 1860 2657 nomina

226 2715 235 2748 ι
255 2693 394 2750 Dominus.
409 2691 469 2747 ille
481 2692 509 2746 in
519 2689 734 2761 desperationem
744 2686 827 2742 ludaei
838 2686 1013 2757 proptermi-
1060 2684 1151 2732 vestra
1165 2680 1265 2749 scripta
1278 2689 1342 2736 sunt
1355 2682 1382 2736 in
1400 2682 1469 2737 coelo
1491 2683 1566 2755 (luc.
1579 2684 1618 2757 x).
1634 2705 1644 2737 r
1661 2687 1784 2754 Qualiter
1805 2709 1860 2747 au-

168 2798 171 2804 ’
222 2801 271 2841 uas
285 2782 449 2854 captiuitatis
462 2780 601 2844 caderent,
620 2778 709 2834 iutrtra
724 2775 926 2832 restaurationis
940 2775 1011 2845 bona
1062 2774 1115 2821 iem
1137 2766 1171 2824 (ie
1187 2766 1286 2827 ludatis
1307 2781 1334 2826 et
1354 2773 1496 2843 tentibus,
1521 2788 1618 2847 greges
1639 2777 1730 2832 orium
1748 2780 1858 2838 Christi

220 2873 415 2945 eispromittit‚
439 2878 469 2926 ut
486 2871 563 2927 locus
584 2868 630 2940 qui
649 2868 773 2923 desertus
793 2865 880 2920 luerat
900 2872 1013 2934 propter
1060 2858 1189 2926 existant,
1209 2861 1266 2932 ipse
1286 2870 1400 2919 testatur
1417 2864 1443 2918 in
1465 2864 1619 2937 Evangelio,
1637 2867 1750 2925 dicens:
1766 2891 1777 2924 ι
1796 2874 1859 2945 Ego

222 2966 327 3022 scelera
354 2963 537 3022 habitatorum
559 2959 635 3030 ejus,
667 2975 760 3015 rursus
789 2975 805 3013 a
829 2957 960 3013 correctis
984 2963 1013 3011 et
1061 2963 1121 3003 sitm
1140 2959 1234 3022 pastor
1252 2953 1349 3019 bouus,
1363 2962 1391 3009 et
1403 2968 1537 3025 cognosco
1548 2970 1633 3023 meas,
1647 2965 1674 3012 et
1685 2973 1856 3031 cognoscum

221 3053 371 3112 emendatis
393 3040 537 3117 habitetur,
553 3060 581 3108 ct
604 3051 740 3123 repleatur
752 3049 894 3120 pecoribus
917 3055 945 3102 et
965 3047 1010 3117 ju·
1063 3055 1106 3096 me
1124 3057 1201 3099 mee.
1220 3042 1298 3100 Sicut
1310 3045 1384 3102 riotit
1397 3059 1441 3101 me
1454 3044 1545 3112 Pater,
1565 3056 1593 3102 et
1605 3062 1656 3120 ego
1671 3064 1789 3121 agnomen
1799 3053 1856 3109 pa.

222 3147 330 3201 mentis.
358 3144 471 3217 llysticc
494 3151 583 3198 autent
606 3141 724 3197 Ecclesia
749 3140 879 3210 gentiunt,
892 3153 951 3208 quae
966 3110 1048 3192 de-c
1065 3145 1152 3191 trem:
1167 3147 1195 3192 et
1208 3139 1327 3194 animam
1348 3153 1436 3195 meam
1456 3153 1527 3210 poue
1546 3156 1596 3211 pro
1611 3143 1708 3200 oribus
1721 3146 1809 3201 meis:
1825 3161 1857 3204 et

222 3244 295 3290 serta
307 3235 400 3310 luerat
413 3248 429 3287 a
443 3233 556 3288 Domino
568 3240 678 3301 propter
696 3228 873 3284 idololatriam
888 3235 915 3281 ct
929 3226 1013 3284 scele·
1063 3225 1206 3286 aliasoves
1219 3230 1377 3301 habeoque
1396 3246 1450 3287 uon
1472 3241 1535 3288 sunt
1548 3248 1582 3288 ex
1598 3234 1650 3290 boc
1662 3236 1736 3303 ovili,
1749 3248 1777 3294 et
1792 3241 1855 3298 illas

221 3342 281 3382 rum
305 3323 510 3385 immanitatem,
526 3336 620 3376 rursus
635 3307 682 3390 per
693 3318 793 3374 Christi
812 3317 891 3373 fidem
908 3316 1013 3372 habita·
1063 3327 1170 3388 oportet
1194 3335 1238 3375 me
1260 3321 1403 3388 adducere,
1418 3331 1445 3378 et
1462 3337 1555 3380 nomm
1578 3341 1665 3381 meam
1679 3329 1807 3384 audient:
1823 3345 1855 3388 et

221 3426 285 3470 tur·
306 3422 334 3470 et
353 3413 470 3482 repletur
484 3409 655 3465 multitudiue
673 3409 839 3464 credentium
853 3422 885 3462 ex
898 3407 1013 3463 dirersis
1062 3412 1110 3469 iret
1123 3429 1205 3468 unum
1221 3415 1291 3470 utile
1301 3425 1329 3472 et
1341 3432 1412 3472 unus
1425 3426 1518 3488 pastor
1528 3417 1620 3491 (lora.
1632 3421 1671 3492 x).

222 3503 386 3559 nationibus.
403 3499 453 3555 Cui
469 3514 518 3571 pcr
533 3498 629 3553 isaiam
647 3498 766 3553 dicitur:
786 3495 956 3552 «Laetabitur
968 3498 1014 3556 de
1100 3519 1111 3555 ι
1127 3504 1197 3560 Ecce
1215 3505 1274 3561 dics
1294 3507 1413 3573 venient,
1428 3507 1493 3565 dicit
1508 3510 1646 3577 Dominus,
1664 3520 1694 3568 et
1712 3515 1853 3570 suscitabo

222 3603 296 3651 serta
310 3602 337 3649 et
350 3592 431 3656 invia,
445 3600 473 3647 et
488 3588 635 3646 exsultabit
648 3588 772 3653 solitudo,
784 3596 811 3642 ct
820 3587 925 3643 llorcbit
934 3587 1011 3658 quusi
1065 3593 1204 3648 «verbum
1231 3593 1330 3650 bonum
1361 3598 1432 3667 quod
1454 3597 1560 3654 locutus
1590 3614 1650 3655 sum
1675 3602 1709 3656 ad
1738 3603 1851 3659 domum

221 3682 308 3738 lilium
326 3700 333 3735 ι
350 3681 506 3753 gerntinans
527 3678 704 3750 germinabit,
730 3687 758 3734 et
772 3678 917 3734 exsultabit
935 3679 1013 3734 laeta·
1065 3700 1075 3733 ι
1092 3683 1175 3740 lsrael
1186 3695 1213 3739 et
1225 3685 1258 3740 ad
1268 3687 1376 3743 domum
1388 3686 1467 3744 luda.
1482 3690 1612 3745 »Verbum
1623 3692 1723 3747 bourrm
1737 3695 1808 3763 qnod
1817 3711 1852 3750 se

224 3776 316 3831 hunda
330 3783 358 3831 et
370 3774 482 3829 laudans
491 3771 558 3845 (Iro.
569 3771 662 3844 xxxv).
678 3791 687 3824 ι
701 3771 735 3826 Ει
750 3771 848 3826 iterum
860 3787 867 3826 :
881 3788 891 3822 ι
908 3769 1009 3836 Lauda,
1061 3774 1193 3829 suscitare
1210 3774 1339 3832 Dominus
1357 3776 1434 3842 dixit,
1450 3779 1581 3835 adtentus
1594 3789 1637 3835 est
1658 3780 1718 3836 Filii
1732 3782 1779 3838 Dei
1794 3802 1802 3837 :
1817 3793 1849 3839 nt

223 3867 321 3937 iuquit,
345 3864 521 3935 sterilisque
545 3877 599 3917 non
622 3860 705 3932 paris,
730 3861 841 3916 decanta
859 3858 965 3914 laudem
984 3868 1011 3915 et
1061 3865 1107 3931 qui
1125 3864 1151 3919 in
1165 3864 1299 3937 principio
1318 3875 1377 3922 erat
1394 3868 1523 3940 Verbum,
1536 3878 1564 3926 et
1577 3871 1693 3928 Verbum
1704 3883 1762 3929 erat
1775 3878 1846 3948 apud

219 3959 439 4030 hymnumque
463 3970 516 4011 non
537 3952 707 4024 parturiebas
729 3969 736 4006 t
756 3966 838 4021 quam
864 3949 941 4006 multi
963 3950 1011 4011 hlii
1062 3956 1571 4032 Deum,etDeuseratVerburn(Joorn
1586 3963 1616 4032 ι),
1641 3965 1737 4036 ipsein
1753 3970 1845 4025 noris·

220 4035 342 4118 desertae,
366 4051 453 4122 magis
471 4063 552 4121 mam
567 4046 626 4117 ejus
639 4062 699 4116 qum
722 4046 839 4101 habehat
850 4045 947 4100 uirum.
968 4044 1010 4100 hd
1060 4051 1136 4106 simis
1144 4051 1309 4121 temporibus
1321 4040 1438 4108 Verbum
1451 4068 1514 4108 caro
1528 4053 1615 4120 heret,
1633 4065 1661 4111 et
1675 4058 1807 4116 habitaret
1818 4062 1845 4117 in

219 4151 349 4213 puuctum
363 4141 390 4196 in
403 4140 508 4196 modico
521 4138 737 4208 dereliquisset
751 4137 778 4191 in
793 4135 1010 4191 miserationibus
1060 4141 1087 4196 in
1101 4141 1189 4197 nobis.
1202 4141 1259 4197 lloc
1270 4157 1334 4214 ergo
1345 4143 1455 4198 verbum
1473 4143 1537 4199 dum
1557 4146 1719 4215 promissum
1734 4149 1783 4204 init
1797 4167 1846 4220 pa·

221 4232 324 4303 rrragnis
338 4229 508 4304 congregabo
523 4228 591 4302 (lta.
606 4225 673 4298 ιιι).
695 4226 763 4282 »tu
777 4227 847 4282 bane
865 4241 930 4297 ergo
941 4242 1007 4282 con·
1060 4228 1205 4295 miscebis,
1233 4229 1276 4286 lca
1301 4231 1491 4300 praenuntiavit
1509 4250 1516 4288 ι
1542 4234 1756 4292 naunoavemnt
1778 4256 1842 4309 pro-

220 4322 376 4395 gregabitur
392 4336 473 4378 omna
493 4334 576 4392 pecus
592 4315 699 4375 Cedat:
714 4317 813 4373 arietes
832 4315 945 4373 Nabaiot
957 4316 1008 4372 mi·
1058 4322 1157 4391 phetae,
1171 4330 1199 4378 et
1214 4321 1247 4375 ad
1257 4329 1407 4378 extremum
1422 4324 1568 4392 angelicum
1585 4327 1724 4382 orantium
1740 4330 1774 4384 ad
1790 4332 1842 4383 sir·

220 4416 373 4472 nistrabuut
396 4415 444 4470 illi.
470 4413 509 4470 lbi
530 4414 654 4468 audietur
672 4426 724 4467 rot
744 4411 833 4482 gaudii
849 4420 877 4467 et
890 4426 942 4465 vox
959 4411 1006 4465 he·
1059 4412 1148 4483 ginem
1169 4411 1281 4467 llariam
1304 4412 1338 4469 de
1360 4413 1444 4485 stirpe
1466 4414 1548 4470 Dauid
1569 4415 1669 4472 editam
1696 4422 1843 4474 testabatur

220 4504 297 4570 titiae,
313 4520 373 4560 cnm
388 4503 561 4575 Evangelium
581 4502 618 4557 ihi
638 4502 777 4566 recitator,
794 4510 822 4556 et
835 4500 942 4556 alleluiu
958 4500 1005 4556 lae·
1059 4500 1134 4573 (Luc.
1152 4503 1192 4574 ri:
1209 4502 1260 4558 hoc
1288 4503 1346 4572 ipsa
1370 4504 1445 4575 virgo
1465 4507 1606 4577 concepit,
1628 4508 1706 4580 virgo
1728 4513 1840 4581 peperit.

222 4595 337 4650 tabunda
349 4610 415 4651 socc
435 4596 461 4650 in
484 4595 606 4651 ecelesiis
622 4594 816 4663 frequentatur.
840 4593 879 4648 lbi
899 4594 1006 4649 auditur
1058 4591 1133 4662 virgo
1148 4591 1320 4661 permansit:
1337 4592 1399 4663 quia
1418 4592 1502 4649 Deum
1520 4602 1547 4648 et
1566 4596 1701 4652 bominem
1720 4601 1755 4654 ad
1772 4600 1841 4654 saltr-

219 4700 270 4742 not
282 4685 372 4758 sponsi
384 4684 483 4740 Christi
492 4693 580 4740 etrox
590 4699 695 4753 sponse
703 4683 829 4740 Ecclesiae
838 4701 844 4737 :
854 4684 881 4738 in
891 4699 1006 4753 quomm
1058 4692 1111 4739 tem
1124 4683 1233 4739 humani
1247 4685 1355 4755 generis
1365 4683 1474 4755 genuit:
1491 4700 1572 4740 arnum
1585 4686 1707 4743 videlicet
1720 4691 1804 4744 υιιιιιι
1813 4705 1840 4744 et

221 4776 422 4848 epithalamium
443 4773 568 4830 Salomon
592 4774 732 4844 descripsit
750 4772 862 4829 Cantica
887 4774 1006 4830 cantico·
1056 4772 1199 4830 Dominum
1223 4783 1344 4831 nostrum
1367 4772 1458 4830 lesum
1479 4775 1626 4831 Christum.
1647 4778 1686 4833 De
1707 4794 1761 4848 quo
1779 4782 1840 4836 sub·

220 4885 280 4926 rum
306 4869 344 4926 lbi
358 4868 465 4923 auditur
481 4880 534 4921 uox
546 4865 665 4936 quetidie
682 4866 866 4922 confitentium
880 4865 1003 4931 Dorrriuo,
1057 4863 1149 4919 ditur:

218 4969 247 5016 ct
259 4945 424 5032 portantium
439 4964 501 5011 rota
516 4955 544 5010 in
560 4956 668 5010 domurn
682 4955 787 5011 Dottdni
800 4970 808 5010 ι
821 4955 947 5026 quoniam
961 4968 1005 5009 re·
1093 4972 1103 5005 ι
1120 4952 1149 5007 ln
1160 4953 1255 5010 dicbus
1274 4954 1325 5010 illis
1346 4963 1375 5010 et
1395 4954 1421 5008 in
1441 4964 1561 5024 ternpore
1573 4954 1618 5010 illo
1629 4958 1781 5027 gerrmnare
1800 4959 1838 5012 ia-

219 5051 298 5105 ducet
315 5039 444 5104 Dominus
457 5045 659 5103 conversionem
673 5052 751 5102 terrae
764 5047 883 5116 gentium
905 5045 1004 5101 sienta
1059 5058 1069 5092 ι
1086 5040 1155 5097 ciam
1170 5042 1254 5098 David
1269 5059 1378 5114 germen
1392 5042 1521 5112 justitie:
1535 5053 1563 5100 et
1573 5042 1653 5101 iaciat
1668 5045 1797 5114 judicium
1812 5059 1836 5105 ιι

218 5137 350 5212 principio
364 5155 372 5192 a
387 5144 417 5192 ut
438 5134 487 5191 ssat
501 5136 621 5191 omnium
636 5135 663 5190 in
684 5136 843 5191 credulitate
860 5119 926 5194 heles
938 5152 1003 5217 una,
1058 5131 1215 5201 «iustitiam
1226 5133 1253 5189 iu
1272 5144 1354 5190 terra.
1371 5134 1400 5189 ln
1419 5134 1513 5191 diebus
1530 5135 1582 5190 illis
1592 5135 1742 5193 salvabitur
1759 5137 1835 5202 luda.

219 5237 246 5302 et
270 5227 297 5282 in
315 5227 482 5284 confessione
494 5224 595 5280 labium
608 5239 701 5280 unum.
716 5224 754 5280 De
769 5240 822 5296 quo
835 5227 923 5284 adhue
941 5228 1004 5283 suh-
1057 5238 1067 5272 ι
1085 5229 1114 5276 et
1128 5221 1211 5276 lsrael
1232 5221 1363 5278 habitabit
1377 5224 1541 5279 confidenter
1554 5242 1561 5277 ε
1576 5234 1603 5279 et
1616 5226 1669 5280 boc
1681 5235 1724 5284 est
1742 5243 1834 5284 nomen

219 5318 311 5372 ditur:
1059 5330 1068 5363 ι
1085 5312 1309 5381 quodtocabunt,
1320 5329 1381 5368 eum
1398 5314 1623 5383 Dominusjustus
1635 5327 1737 5374 noster.
1753 5320 1836 5376 »Dies

256 5426 266 5458 ι
281 5406 347 5484 lime
357 5409 423 5465 dicit
444 5408 573 5464 Dominus
596 5408 763 5462 exercituum
777 5423 783 5460 :
797 5405 891 5462 lidhuc
908 5407 961 5462 crit
974 5406 1001 5461 in
1055 5401 1121 5457 istos
1134 5403 1321 5471 praenuntiavit
1331 5403 1414 5459 isaias
1430 5405 1540 5460 dicens:
1553 5423 1563 5457 r
1580 5405 1676 5462 Eritis
1687 5408 1836 5464 novisima

216 5497 233 5547 ἰ
250 5496 316 5572 1ιιιιιιΙ
330 5499 381 5554 isto
398 5497 506 5554 deserto
528 5498 629 5565 absque
649 5497 767 5562 homine,
789 5503 817 5550 et
839 5496 940 5567 absque
959 5492 1003 5566 ju·
1055 5494 1149 5550 diebus
1167 5504 1332 5565 praeparatus
1351 5509 1429 5552 mons
1448 5495 1543 5551 domus
1566 5494 1673 5552 Domini
1692 5498 1721 5553 in
1738 5499 1835 5553 renim

224 5600 233 5633 ι
249 5593 349 5650 ruenti,
369 5593 396 5639 et
412 5586 439 5639 iu
461 5585 565 5640 cunctis
577 5584 729 5640 ciuitatibus
743 5584 800 5652 ejus
821 5584 1001 5640 habitaculum
1055 5585 1197 5648 montium,
1210 5591 1237 5639 et
1249 5584 1398 5650 elerabitur
1407 5599 1488 5654 super
1497 5584 1585 5646 colles,
1596 5595 1625 5640 et
1636 5584 1761 5642 duentad
1773 5601 1832 5641 euru

225 5688 233 5721 ι
250 5680 397 5740 pastorum,
414 5683 442 5728 et
461 5673 647 5728 accubantium
671 5691 780 5744 gregum
800 5677 827 5730 in
850 5677 1002 5732 civitatibus
1054 5690 1148 5731 omncs
1162 5685 1264 5747 gendes,
1280 5685 1308 5731 et
1320 5677 1397 5731 ibunt
1415 5661 1517 5747 populi*
1528 5676 1604 5733 ntulti
1617 5679 1764 5735 etdiceut:
1785 5681 1831 5731 ie·
