4042 6200
166 371 219 429 tut
580 373 758 436 attestato
777 379 810 435 tn
829 380 1021 438 nnnmnnta
1041 381 1244 441 SbelltiNlS.
1263 385 1378 441 -htn
1398 388 1418 443 l.
1743 393 1796 452 idi

166 485 304 540 lucentius
324 494 386 539 Μ.
409 486 495 540 'lanta
522 495 549 542 te
566 492 742 559 temperantia
764 507 825 547 cum
848 492 961 549 mulime
974 502 997 556 Α
1010 504 1101 550 antem
1110 498 1156 565 gni
1168 498 1210 552 vel
1221 513 1357 568 numgnam
1369 498 1448 555 idem
1464 503 1573 570 recepit,
1586 502 1627 556 rel
1634 506 1796 566 enormitate

167 593 256 648 quam
268 576 426 632 adolescens
439 577 578 647 accepisti,
588 586 615 633 et
626 595 687 634 curu
696 582 815 636 senuerit
828 596 916 646 serra,
931 591 961 638 ut
1010 584 1141 642 scelerum
1157 587 1191 642 ab
1210 603 1241 642 ea
1263 604 1344 658 quam
1358 589 1462 660 accepit
1474 588 1623 645 huatbema
1642 588 1730 648 lactus
1741 603 1795 661 est,
1814 655 1817 666 ,

167 668 272 723 aterno
284 667 372 723 tidelis
385 668 550 733 castlrnoniae
561 669 774 726 benedictionem
785 673 961 743 consequaris
1009 682 1040 728 ut
1059 675 1177 730 heretici
1197 676 1239 732 uel
1257 675 1389 731 Catholici
1407 677 1522 747 puhlicis
1543 679 1650 750 flagitiis
1673 681 1795 750 inuoluti,

168 760 197 813 in
213 757 303 827 prole.
1009 766 1055 835 nuri
1072 764 1180 822 lancibus
1192 775 1363 837 peccatorum
1374 783 1484 824 suorum
1494 771 1795 839 mustringuntur,cnm
1812 833 1817 848 ,

204 849 293 904 Ceron
313 849 467 905 eberbiinn
486 860 512 906 et
525 853 689 921 grotimimtn
709 852 843 908 binnulus.
863 853 910 907 llla
924 854 961 909 sit
1009 857 1161 913 incessabili
1180 867 1326 929 augmento
1339 875 1394 914 sum
1413 862 1554 929 prauitatis
1575 862 1724 926 intereunt,
1747 865 1794 933 nui

168 941 218 995 tibi
234 953 344 1010 semper
357 939 514 995 charissima
529 937 637 1008 coniux,
648 955 709 1011 qne
723 942 794 997 sicut
805 957 885 997 cerva
899 958 958 999 ser·
1008 946 1248 1002 ettimlunemlacit
1259 948 1795 1020 tonguendosemperetittvolvendolldes

166 1038 267 1100 pentes
283 1032 320 1084 its
333 1039 510 1100 persequatur
520 1039 619 1094 scorta.
634 1038 662 1086 et
673 1032 729 1088 suis
740 1031 840 1102 effuget
852 1037 885 1089 ab
897 1035 959 1090 aedi-
1009 1034 1106 1090 lldibus
1115 1045 1202 1106 auget.
1216 1036 1289 1091 Talis
1301 1046 1343 1091 est
1352 1045 1380 1092 et
1391 1039 1518 1094 tortitudo
1528 1053 1639 1108 operum
1651 1042 1793 1098 malorum.

168 1123 230 1176 bns.
259 1120 304 1176 Sit
321 1119 689 1192 natusexeadliusetipse'
707 1123 959 1179 mnintisamator
1009 1124 1088 1181 Tales
1101 1127 1162 1182 libri
1177 1128 1377 1193 hoereticorum,
1398 1130 1424 1183 in
1438 1132 1536 1199 quibus
1548 1148 1630 1201 praua
1645 1134 1735 1204 pratris
1748 1151 1793 1190 ne·

165 1210 352 1282 gratissimus.
1007 1226 1123 1284 etentes,
1144 1235 1196 1273 non
1222 1219 1294 1274 aliod
1311 1222 1454 1277 scribendo
1476 1238 1558 1293 quam
1577 1240 1632 1293 qun
1646 1241 1677 1281 se
1693 1228 1794 1283 arctius

202 1300 293 1355 noea
314 1302 371 1372 eins
391 1301 517 1356 inebrient
536 1311 560 1356 te
580 1303 651 1356 omni
671 1311 794 1372 tempore.
816 1301 849 1358 lu
868 1320 957 1366 cature
1007 1309 1136 1378 obligent,
1149 1319 1241 1380 agunt.

165 1392 240 1446 illins
253 1390 384 1447 delectare
390 1392 501 1463 jugiter.
523 1391 582 1448 Non
595 1392 691 1447 uxorio
703 1393 778 1464 operi
792 1409 899 1465 semper
914 1395 956 1449 in·
1042 1398 1103 1469 lpse
1115 1401 1309 1472 moriaturquin
1323 1419 1375 1456 non
1386 1404 1475 1472 indicit
1488 1405 1654 1477 disciplinam
1669 1418 1693 1462 et
1704 1408 1794 1465 multi·

165 1481 267 1539 sistere
283 1482 372 1548 docet,
388 1483 436 1538 sed
452 1492 542 1538 movet
561 1499 595 1539 ne
609 1491 636 1538 et
651 1485 735 1553 prima
755 1484 862 1539 uiuente
876 1484 957 1540 aliam
1007 1486 1097 1541 tudine
1106 1488 1223 1542 unliuta
1233 1506 1287 1543 siun
1299 1490 1450 1561 decipietur.
1462 1493 1530 1560 Quia
1545 1495 1628 1549 multa
1641 1495 1675 1550 de
1687 1497 1793 1554 adulte·

165 1572 263 1637 duces,
279 1580 306 1626 et
321 1572 455 1627 meretrici
470 1588 586 1642 unquam
602 1574 721 1629 satieris.
738 1574 824 1630 tlliter
834 1577 957 1645 superius
1007 1576 1049 1633 rin
1062 1576 1104 1631 rel
1118 1577 1253 1634 haereticis
1269 1580 1465 1649 disputaverat,
1479 1599 1555 1639 inore
1568 1600 1618 1640 suo
1630 1586 1656 1640 in
1670 1587 1792 1644 clausula

166 1661 239 1732 quud
252 1662 303 1727 ait,
317 1661 380 1722 Bibe
397 1679 492 1733 nquam
503 1663 535 1717 dc
546 1665 658 1718 cisterno
675 1673 721 1717 tua
736 1666 871 1734 attinenti
885 1675 956 1736 poter
1006 1667 1134 1722 narrandi
1149 1667 1237 1738 quanlis
1252 1669 1287 1723 sit
1303 1670 1393 1724 talium
1410 1672 1470 1727 linis
1486 1674 1615 1738 ostendit,
1630 1676 1716 1742 idest,
1729 1679 1792 1747 quia

165 1753 214 1818 tui,
235 1753 318 1808 docet
332 1754 367 1808 ab
381 1753 514 1809 haereticis
529 1756 677 1809 carendum
694 1764 723 1810 et
739 1756 868 1811 custodiae
885 1758 955 1812 scri·
1006 1757 1041 1811 ad
1063 1767 1176 1813 mortem
1192 1761 1304 1815 tendant
1321 1772 1460 1828 aeternnm,
1475 1764 1520 1833 quui
1534 1765 1704 1834 disciplinam
1718 1767 1792 1824 dete·

166 1851 353 1912 pturarumac
371 1841 477 1897 lectioni
488 1843 690 1898 attendendum.
706 1843 852 1899 Scientiam
868 1846 954 1916 inquit
972 1837 1069 1902 Bstati
1090 1856 1153 1903 sum
1174 1851 1246 1904 atae.
1276 1850 1471 1909 habitudinem
1497 1856 1548 1910 hoc
1571 1856 1692 1913 snutttie
1716 1858 1791 1925 dicit,

165 1949 246 2003 aguam
270 1934 400 2005 praedicas
418 1933 477 1989 aliis
491 1935 548 2004 ipse
567 1949 656 1998 serua,
678 1943 704 1989 et
734 1936 772 1990 tui
797 1935 954 2007 irrigatione
1004 1952 1067 1993 curn
1081 1938 1200 1994 baeretici
1219 1955 1247 2011 se
1263 1942 1440 2010 sapientiores
1455 1944 1557 1999 sanctis
1571 1944 1695 2001 Patribus
1712 1956 1791 2002 autu-

164 2026 301 2082 sermonis
314 2023 464 2082 infundere.
1003 2036 1089 2093 mant,
1105 2028 1148 2084 val
1161 2027 1228 2085 bunt
1248 2046 1330 2100 opera
1348 2035 1522 2090 tenebrarum
1542 2034 1671 2092 sancientes
1694 2038 1790 2109 iniqui,

200 2115 360 2172 Deridcntur
372 2117 456 2189 {ornes
468 2120 507 2172 tui
522 2117 594 2189 [oros
612 2129 635 2173 et
651 2119 677 2173 in
689 2119 783 2189 pluteis
795 2136 877 2190 uqsue
894 2129 953 2173 tuot
1003 2126 1052 2172 sut
1061 2118 1203 2174 danninum
1215 2121 1273 2176 hnc
1286 2137 1339 2176 nou
1350 2123 1452 2189 uidere,
1463 2135 1508 2179 ant
1519 2139 1548 2180 se
1559 2124 1637 2182 facilc
1648 2125 1707 2198 ejus
1720 2128 1790 2184 iram

163 2207 263 2262 divide.
285 2208 353 2263 Cum
374 2208 431 2280 ipse
443 2209 571 2274 servaris,
587 2220 650 2266 tunc
663 2218 691 2265 et
709 2209 769 2264 aliis
783 2210 908 2280 praediea,
925 2219 953 2264 et
1003 2219 1099 2280 pumat
1112 2226 1191 2283 posse
1209 2212 1336 2269 tolerare.

165 2297 190 2354 in
218 2314 317 2370 taragna
345 2299 497 2356 auditorum
520 2299 696 2371 amplitudine
728 2299 817 2355 diuina
845 2299 952 2371 eloquin
1306 2302 1420 2359 cuent
1446 2305 1489 2360 Vl.

161 2388 238 2460 iuxta
253 2389 464 2462 uniuscnjusque
476 2391 632 2460 qualitatem
646 2389 782 2461 dispensa.
1038 2389 1094 2445 Fili
1104 2392 1150 2456 mi,
1161 2392 1183 2446 ai
1196 2394 1364 2461 spoponderis
1376 2411 1423 2465 pru
1437 2395 1522 2450 antico
1537 2405 1582 2449 tuo
1592 2396 1706 2459 dedolati
1717 2398 1789 2469 opud

198 2478 305 2535 Habeto
323 2496 368 2534 ens
385 2478 466 2536 solut.
486 2480 578 2552 Aquas
604 2488 631 2536 et
650 2481 677 2535 in
697 2480 794 2550 plateis
808 2479 953 2535 dividimus
1001 2489 1154 2535 extraneum
1165 2497 1272 2536 omnum
1283 2492 1366 2537 tuom.
1387 2483 1416 2538 ln
1431 2495 1554 2555 promptu
1563 2495 1605 2542 est
1617 2486 1714 2542 litters
1726 2502 1788 2544 seu-

163 2578 298 2625 ettamen
322 2569 371 2625 soli
394 2570 572 2640 possidemus,
590 2572 698 2642 quando
715 2579 744 2625 et
759 2570 879 2626 exterius
897 2570 953 2626 late
1001 2568 1121 2639 masania
1133 2573 1229 2625 suadet
1239 2570 1264 2625 ei
1274 2575 1321 2640 qul
1334 2571 1476 2642 spopondit
1487 2573 1644 2643 proamico,
1658 2582 1689 2631 ut
1700 2575 1787 2645 ipnuu

164 2659 384 2732 praedicationem
407 2658 554 2726 fundimus,
571 2669 599 2715 et
614 2670 703 2716 tamen
721 2675 772 2730 per
785 2675 846 2716 earn
858 2661 952 2717 landes
1001 2660 1119 2715 arnicum
1133 2659 1265 2715 sollicitus
1277 2661 1432 2738 admoneat,
1443 2671 1576 2731 quatenus
1586 2664 1691 2719 reddita
1706 2679 1787 2734 pecu·

163 2747 438 2820 laumannscousequi
451 2749 562 2804 minime
574 2750 718 2804 ambimus.
1002 2747 1046 2802 nia
1068 2762 1150 2817 quam
1173 2733 1254 2806 aenei
1278 2747 1405 2806 creditori
1425 2757 1453 2805 et
1473 2765 1503 2808 se
1521 2761 1549 2806 et
1570 2750 1656 2824 ipsum
1681 2750 1785 2807 liberet.

200 2836 258 2891 Nec
275 2837 327 2892 rint
348 2837 428 2894 olbni
450 2839 589 2909 participer
609 2839 657 2894 tui.
682 2837 813 2895 immundi
833 2837 951 2910 Spiritus
998 2837 1150 2912 ddegnrice
1166 2848 1256 2896 aunem
1273 2840 1299 2897 in
1320 2842 1371 2897 hac
1388 2841 1514 2912 periocha
1528 2841 1675 2906 doctorem,
1700 2842 1727 2896 in
1744 2857 1788 2897 se-

164 2930 311 3000 participes
325 2929 393 2985 bunut
404 2930 518 2994 ductori,
533 2931 555 2987 si
568 2930 627 3001 ejus
638 2940 756 2987 mentem
770 2940 798 2987 et
810 2930 880 2987 tastu
892 2932 950 2988 ela·
1000 2938 1100 2999 queste
1113 2939 1254 2985 meantem
1281 2931 1427 3000 quemlibet
1441 2939 1470 2986 ut
1484 2947 1513 2986 se
1526 2946 1621 3002 gerere
1634 2930 1730 2987 debeat
1745 2931 1785 2985 in·

164 3020 245 3076 donis
262 3021 326 3075 duur
342 3020 480 3092 praedicat,
494 3030 522 3076 et
532 3022 628 3076 heresi
644 3029 672 3076 et
683 3022 736 3077 aliu
751 3022 870 3091 quolibet
884 3023 950 3077 vitio
999 3020 1090 3078 struit.
1111 3020 1215 3076 Dicitur
1228 3020 1300 3076 enim
1314 3021 1490 3091 praeceptori,
1506 3021 1537 3078 Si
1551 3021 1720 3092 spoponderit
1736 3038 1784 3092 pro

162 3120 349 3181 corrumpunt.
371 3110 450 3166 Solus
461 3120 550 3167 autem
561 3127 647 3182 aquas
656 3112 776 3183 possidet
788 3127 850 3168 cnm
864 3128 949 3168 mem·
1000 3110 1085 3165 amico
1105 3120 1162 3178 tuo,
1183 3111 1298 3180 definisti
1318 3111 1389 3181 opud
1408 3122 1560 3167 extraneum
1579 3129 1686 3166 monum
1700 3122 1784 3167 tuom.

163 3200 217 3256 bris
242 3200 371 3256 Ecclesia
398 3200 513 3257 lldeliter
539 3216 675 3259 connexus
700 3201 736 3256 ab
755 3210 947 3258 extraneorum
961 3179 983 3243 C
998 3199 1075 3268 neon
1087 3208 1231 3271 estaperte
1243 3200 1343 3266 dicere,
1354 3201 1377 3256 si
1392 3200 1509 3255 aniuoam
1523 3200 1613 3255 fratris
1626 3202 1652 3255 in
1665 3199 1786 3272 periculo

163 3304 220 3345 sese
235 3291 375 3345 consortio
392 3289 619 3347 liberumserrat.
648 3290 687 3347 Sit
706 3292 948 3348 oenntuulenrdi·
999 3299 1052 3347 tnae
1075 3291 1286 3349 conversationis
1309 3293 1454 3362 acceperis,
1476 3291 1532 3361 jam
1556 3291 1644 3363 ligasti
1667 3299 1784 3346 mentem

163 3395 203 3439 cto
214 3395 240 3440 et
251 3384 354 3440 luctare
373 3401 431 3439 cunt
452 3384 560 3440 muliere
579 3384 758 3440 odolescentia
769 3395 832 3440 tec.
847 3384 889 3440 sn
902 3385 949 3440 do·
999 3384 1069 3455 apud
1082 3398 1177 3439 curant
1190 3383 1376 3439 sollicitudinis
1389 3400 1449 3455 qnae
1461 3393 1524 3439 aute
1540 3384 1643 3440 deerat.

162 3479 245 3533 pugna
263 3486 309 3533 gua
328 3486 356 3533 ει
369 3478 523 3548 quicunque
544 3486 693 3533 „munem
706 3492 738 3534 εχ
751 3491 783 3533 m
798 3477 825 3532 tn
840 3476 950 3533 benedt.
1033 3470 1196 3542 illaqueatus
1206 3489 1233 3527 et
1243 3472 1388 3531 uerbitorir
1398 3473 1447 3538 tui,
1458 3482 1482 3528 et
1497 3482 1587 3542 coptus
1598 3473 1710 3544 propriis
1728 3491 1783 3529 rer·

161 3569 250 3625 ctione
267 3567 405 3635 Ecclesia,
426 3579 454 3625 et
471 3569 572 3624 lactare
592 3584 653 3624 cnm
672 3584 715 3631 ea,
737 3569 781 3623 cui
802 3568 836 3623 ab
855 3567 947 3622 adole·
997 3562 1125 3619 monibus.
1139 3561 1207 3630 Quia
1218 3562 1281 3619 duan
1293 3564 1445 3621 commissis
1458 3564 1506 3621 tibi
1519 3566 1624 3637 cogeris
1635 3565 1704 3622 bona
1715 3582 1784 3637 prn-

162 3659 277 3725 scentia,
296 3658 388 3723 idest,
414 3673 430 3711 a
451 3658 540 3727 primo
555 3657 680 3714 credendi
697 3667 819 3728 tempore
832 3657 946 3727 conjun-
997 3651 1112 3708 dicando
1126 3652 1216 3708 dicere
1231 3660 1257 3708 te
1270 3652 1356 3722 ipsum
1369 3654 1444 3724 prins
1459 3668 1569 3711 necesse
1581 3663 1694 3726 estque
1707 3658 1783 3714 dite-

161 3759 218 3807 ctus
238 3766 281 3806 es.
303 3749 386 3805 Germ
408 3749 563 3804 marinianu
586 3757 611 3803 et
628 3749 791 3819 prebuimus
810 3746 946 3812 monulus,
996 3743 1036 3798 ris
1046 3743 1192 3800 custodire.

161 3843 240 3898 ubero
254 3841 313 3912 eju
330 3840 456 3896 inebrient
472 3851 497 3894 te
510 3839 582 3894 omui
601 3849 729 3911 tempore,
745 3840 773 3894 in
786 3855 875 3894 amore
888 3838 946 3909 ejus
1033 3830 1056 3887 F
1057 3850 1089 3888 cc
1097 3850 1157 3905 ergo
1166 3834 1236 3905 quod
1252 3835 1320 3901 dico,
1332 3834 1372 3904 nn
1387 3835 1434 3902 nti,
1449 3846 1473 3891 et
1487 3846 1513 3893 te
1523 3839 1608 3910 mrum
1618 3841 1784 3913 tibarensis

161 3933 290 3989 pateam
304 3932 412 4003 jugam,
430 3930 515 3986 cem
532 3929 692 3987 charissima
712 3928 770 3986 give
782 3929 944 3999 gratissima,
995 3922 1111 3979 incidisti
1122 3925 1150 3980 in
1159 3942 1240 3981 muno
1251 3928 1364 3998 proniani
1373 3929 1555 3994 tendinum,
1566 3931 1673 4000 festino,
1685 3934 1783 3990 cnudo

162 4034 191 4079 ug
202 4024 313 4093 quidam
324 4022 431 4078 copim
443 4022 553 4087 habent,
565 4029 658 4078 sanem
672 4021 791 4077 aeclesia
808 4036 868 4092 qua
889 4035 947 4075 sep.
993 4013 1202 4070 oraticumtuum.
1215 4013 1273 4071 Non
1284 4025 1388 4072 tanturn
1401 4017 1457 4088 tpse
1466 4017 1657 4076 benevivendo
1669 4023 1782 4092 vigilare

160 4115 299 4183 pentinum
312 4112 380 4168 solet
393 4111 455 4168 odio
465 4111 569 4168 habere
578 4120 606 4168 et
615 4119 770 4167 mnterrere
782 4111 943 4167 doctrinam.
995 4111 1142 4170 memento,
1157 4105 1204 4160 sed
1218 4114 1245 4161 et
1267 4105 1341 4163 illum
1356 4106 1398 4165 cni
1412 4121 1499 4177 prees
1517 4124 1533 4163 a
1546 4110 1649 4178 peccati
1672 4117 1783 4182 torpore

160 4204 338 4261 (iratissimus
349 4202 476 4259 hinnulos
497 4211 539 4259 est
550 4202 663 4274 populns
683 4203 742 4274 ejus
758 4202 889 4258 virtutum
902 4217 946 4257 va-
993 4193 1165 4264 praedicando
1179 4194 1310 4266 distringe.

160 4296 256 4351 rietnte
267 4293 442 4359 delectabilis,
454 4301 481 4349 et
496 4292 530 4347 ad
544 4295 666 4349 mandem
673 4302 756 4349 caste
766 4293 827 4350 lidei
838 4308 946 4363 semper
1031 4282 1073 4338 Nc
1082 4284 1185 4341 dederis
1197 4302 1317 4341 tomrtttnt
1332 4285 1416 4341 oculis
1432 4287 1496 4354 tuit,
1511 4304 1558 4342 nec
1571 4287 1711 4344 domitent
1720 4289 1780 4360 pol-

159 4386 332 4441 cartulatione
347 4399 501 4439 succensus.
524 4382 607 4454 Cujus
629 4384 757 4439 uberibus
767 4382 944 4450 inebriamur,
992 4373 1077 4444 ΝΜ
1087 4383 1149 4429 ¹⁸⁰3·
1160 4373 1288 4430 S⁰¹⁰¹¹1¹¹¹¹
1302 4374 1347 4431 (¹²²
1356 4376 1441 4432 ⁰⁰⁰¹ss
1451 4376 1496 4446 ¹lui
1509 4376 1677 4432 sullffiwfflffl
1688 4393 1781 4434 curam

159 4473 943 4546 cumutriusqneTcstameutipaginiscontrabaeretioornm
994 4464 1104 4520 onrrtno
1128 4464 1256 4538 negligit:
1277 4467 1405 4523 dormitat
1427 4474 1517 4523 autern
1540 4468 1715 4539 quiquidem
1739 4484 1781 4526 re-

159 4568 269 4623 spnde,
294 4567 461 4631 immamus,
490 4565 569 4637 cujus
589 4581 656 4637 μω
680 4573 708 4621 et
730 4581 822 4621 amore
843 4566 944 4638 jugiter
995 4555 1188 4625 prehensibilis
1208 4570 1303 4612 eorum
1320 4566 1395 4630 gesta
1419 4557 1567 4631 cognoscit,
1582 4558 1629 4613 sed
1645 4558 1703 4615 haec
1718 4573 1781 4629 prn-

158 4655 304 4723 (ιςιρςιῃή,
331 4670 428 4726 magna
452 4670 495 4713 ese
523 4648 734 4714 exspectatarum
757 4656 865 4713 occasio
887 4656 944 4711 vir·
995 4659 1055 4724 pter
1069 4650 1166 4706 mentis
1179 4650 1287 4706 taedium
1301 4649 1380 4723 digna
1394 4650 1544 4706 invectione
1556 4666 1610 4707 non
1622 4651 1745 4722 corrigit.

159 4753 256 4800 tutum.
1031 4738 1131 4796 Erum
1150 4742 1226 4812 quoti
1236 4740 1386 4795 domolodae
1397 4756 1477 4796 monn
1492 4748 1517 4794 et
1528 4741 1604 4812 quoti
1619 4740 1673 4795 noir
1689 4741 1721 4796 dc
1737 4742 1779 4795 iu-

191 4835 284 4902 Quare
302 4836 443 4904 innuen,
454 4836 494 4906 fili
505 4838 552 4904 mi,
568 4836 720 4892 maiiesto?
736 4846 761 4892 et
777 4837 872 4908 ponda
882 4838 943 4893 siue
993 4830 1069 4889 cidiis
1085 4832 1205 4904 menpis.
1230 4830 1364 4899 Quantum
1383 4832 1442 4886 auis
1454 4831 1488 4887 de
1506 4831 1602 4903 honen
1617 4830 1659 4886 uel
1673 4831 1779 4889 damula

156 4924 277 4980 menet.
291 4924 324 4980 Et
335 4926 368 4980 de
380 4927 562 4982 meretrioeet
575 4926 609 4983 de
620 4925 907 4983 beresiseutiendum.
995 4922 1028 4978 de
1047 4937 1126 4977 manu
1143 4921 1276 4992 captantis
1294 4920 1391 4992 querit
1411 4920 1536 4987 euadere,
1559 4929 1659 4976 tantum
1681 4920 1779 4987 nitere,

192 5014 305 5084 Rapicit
324 5015 453 5073 bantinus
475 5016 531 5072 oica
549 5017 661 5072 bominis
681 5026 706 5072 et
727 5033 816 5072 omnes
839 5033 943 5089 gressus
994 5020 1025 5068 ut
1038 5013 1160 5070 auditore
1175 5021 1221 5068 tno
1234 5011 1377 5067 salubriter
1390 5011 1514 5067 instituto
1532 5011 1590 5080 ipse
1608 5008 1779 5078 asponsioue

157 5105 227 5161 tntu
252 5106 411 5163 comederat.
435 5105 494 5162 Non
517 5121 547 5163 se
570 5116 666 5179 putent
688 5106 803 5162 adultam·
826 5107 944 5165 tenebris
993 5102 1056 5157 ritae
1069 5101 1207 5171 ejuslibet
1228 5101 1358 5158 reddaris.
1372 5100 1405 5155 Et
1421 5097 1685 5170 certequiadmnnla
1698 5112 1777 5153 tutun-

157 5200 245 5255 noctis
258 5207 305 5254 sut
321 5199 454 5269 parietum
474 5199 582 5270 obtegi:
596 5215 648 5257 non
663 5200 785 5260 heretici
805 5214 854 5255 sna
868 5199 943 5256 notu.
994 5190 1058 5245 dum
1072 5200 1169 5245 natura
1186 5198 1227 5246 est
1242 5189 1351 5256 animal,
1363 5188 1441 5245 uelox
1454 5202 1535 5244 cursu
1551 5186 1663 5255 risuque
1678 5187 1779 5242 acerri-

157 5290 229 5345 ntina
241 5304 322 5359 posse
332 5290 427 5355 celari,
439 5290 503 5359 quia
520 5290 638 5345 tenebrae
655 5304 708 5345 non
724 5288 943 5347 obscurabuntur
993 5296 1080 5346 munt,
1095 5281 1165 5336 unde
1181 5278 1377 5337 sternentes
1394 5286 1440 5335 τοῦ
1455 5278 1564 5353 uipera,
1587 5276 1614 5331 id
1631 5283 1687 5343 est,
1708 5278 1778 5332 ari·

157 5380 308 5447 alioruino,
324 5387 353 5436 et
365 5395 417 5436 not
431 5381 501 5437 sient
513 5379 570 5436 dies
585 5379 789 5438 illuminabitur,
995 5371 1081 5427 dendo
1094 5372 1189 5427 tlnrcas
1203 5379 1381 5442 nuncupatur.
1405 5369 1470 5425 huis
1488 5376 1580 5424 autem
1590 5365 1706 5424 rolando
1723 5367 1777 5423 alta

190 5469 347 5541 muggam
359 5487 416 5527 ,m
427 5471 532 5540 cmm
545 5471 652 5540 impsum
668 5478 692 5525 α
703 5468 810 5538 [Μῶα.
822 5479 941 5540 peccaro.
991 5469 1084 5531 petere
1093 5461 1318 5517 consucvitzcom
1333 5460 1360 5515 in
1371 5460 1500 5516 docendis
1506 5459 1646 5531 occuparis
1653 5458 1777 5526 subditis,

157 5576 214 5614 sm
227 5576 335 5616 mm„
349 5559 546 5630 maggen,
572 5558 660 5613 pisum
678 5558 749 5613 inter
773 5567 939 5627 peccatorem
991 5550 1108 5606 anundus
1124 5567 1139 5604 a
1156 5552 1276 5621 peccatis
1302 5550 1438 5617 alaudibus,
1458 5558 1586 5607 strenuus
1606 5550 1633 5606 in
1651 5550 1778 5622 operibus

156 5657 183 5705 et
196 5648 319 5720 iutpirun,
329 5646 400 5718 qnod
413 5655 539 5717 peccatur
548 5646 695 5716 appellatur
707 5644 795 5701 omnis
804 5646 849 5715 qui
859 5645 900 5700 uel
912 5645 939 5700 in
990 5641 1079 5707 bonis,
1090 5642 1230 5713 perspicax
1243 5642 1270 5697 in
1281 5642 1511 5714 deprehendendis
1521 5641 1652 5698 malornm
1663 5642 1780 5711 insidiis,

157 5737 307 5803 paruisset
339 5738 367 5795 in
396 5736 501 5809 maguis
530 5735 675 5793 sceleribus
697 5733 806 5791 decidit.
838 5732 938 5807 impius
989 5734 1155 5791 ctuirtutum
1164 5735 1777 5809 pennisiultnsesscsatage,qnatenusexplctn
