4042 6200
168 261 222 317 lid
647 258 690 314 DE
711 255 884 315 unitssnso
900 253 990 312 urant
1009 252 1092 309 xxn.
1111 283 1147 293 -
1165 253 1228 308 tte.
1248 253 1339 310 xvllt.
1749 259 1802 320 tat

169 373 235 430 meri
249 369 356 426 miltites
367 368 394 423 la
405 367 570 438 longitudine
582 370 708 429 imbuisse
721 370 846 427 teruntur
856 371 881 424 in
892 368 960 423 Erro
975 366 997 427 ,i
1013 374 1106 420 rantur
1122 365 1149 420 io
1174 365 1286 421 rictibus
1312 367 1505 436 apostoloram.
1522 368 1663 444 Octoginta
1688 376 1721 431 ad
1736 392 1803 446 qua·

169 462 410 536 dolrigintanera
420 463 454 517 ad
465 460 694 518 iructnsfidelium
708 463 960 534 corringatarum,at
1011 456 1135 510 ruendam
1155 454 1370 511 Christianorum
1386 459 1501 523 animas,
1525 476 1586 531 ane
1607 464 1722 522 Domino
1751 468 1803 523 qap

140 594 145 601 -
169 555 195 609 in
214 552 363 623 Evangelio
381 572 388 606 ι
410 552 446 606 Et
457 552 528 608 dabit
550 552 676 623 fructura,
692 552 768 607 aliud
780 552 960 617 centesimam,
1012 552 1128 611 tantum,
1143 561 1196 601 non
1210 548 1338 618 operibns
1349 550 1487 606 cohaerent
1502 569 1509 605 a
1527 553 1560 609 de
1579 555 1679 626 quibus
1693 558 1721 613 in
1736 559 1802 615 can.

168 642 241 697 ciiad
254 641 463 712 sexagesimum,
489 640 563 696 uliud
585 657 645 695 aera
667 641 828 695 tricesimum
851 639 959 712 (dictata.
1013 639 1074 695 tieis
1089 639 1257 696 canticorum
1271 642 1403 712 scripturn
1416 651 1459 700 εει
1470 658 1478 699 a
1490 643 1663 717 Septucpiata
1678 660 1740 705 snat
1760 669 1803 705 re-

168 731 478 804 xnr).Trigiotadu0ad
491 734 649 805 mysterium
660 733 756 795 enas,
770 733 962 803 qaannrinus
1010 732 1093 801 piare,
1111 731 1313 795 nossentne
1329 732 1530 802 perlectorum,
1556 746 1581 790 et
1592 739 1723 809 octaginta
1738 757 1802 796 con·

168 833 262 881 nester
273 823 302 876 in
326 837 409 877 carne
423 830 599 879 conversatus
613 831 675 879 cst:
697 825 767 879 unde
781 824 823 895 (ιιι
848 823 961 894 qnilnrs-
1011 822 1114 876 caliace
1125 820 1213 893 (Cant.
1223 823 1272 895 rr).
1281 822 1395 879 Centum
1407 826 1441 879 ad
1454 834 1604 898 martyrum
1616 827 1733 886 lructnm
1747 833 1805 889 sire

167 915 230 969 dam
247 914 365 986 ridetur)
382 914 420 968 ait
440 913 586 983 Apostolus
601 933 607 969 ι
624 914 712 970 Donec
735 933 904 971 accurramus
926 916 961 969 ad
1012 913 1146 984 virginum
1159 914 1551 989 pertinent,utinEvangelio:
1565 916 1598 971 Et
1611 920 1693 987 dulit,
1705 921 1804 993 inquit,

167 1009 296 1062 unitatem
315 1006 378 1076 fidei
394 1016 417 1060 et
439 1006 581 1076 npaitr'onie
597 1004 662 1060 Filii
679 1006 728 1061 Dei
753 1009 780 1061 in
804 1007 886 1061 airum
905 1024 962 1076 per·
1012 1007 1137 1075 fractam,
1156 1005 1230 1060 aliud
1251 1008 1428 1073 centesimum,
1453 1018 1505 1064 cte.
1526 1008 1805 1086 (Mattir.xrtt).(1en·

166 1099 266 1169 [ectum
301 1098 328 1152 ia
356 1114 507 1152 mensnram
540 1098 626 1153 etatis
659 1098 829 1170 plenitudinis
864 1097 963 1154 Clarieti
1014 1105 1070 1151 tum
1093 1096 1187 1168 viginti
1213 1112 1341 1153 numerus
1363 1097 1556 1169 perfectionem
1581 1102 1648 1174 legis
1663 1108 1696 1160 'et
1718 1106 1805 1162 Erae.

168 1186 601 1261 (Epine.rr).eradragirrtanera
614 1205 744 1245 numerus
755 1189 823 1260 legis
834 1198 862 1245 ct
875 1191 963 1245 Evan-
1013 1188 1074 1258 gelii
1090 1203 1138 1257 per
1153 1188 1265 1259 figuram
1283 1189 1410 1245 ostendit.
1436 1190 1512 1246 Unde
1535 1191 1675 1264 legislator
1698 1195 1805 1267 Moyses

167 1280 229 1354 geiii
252 1281 359 1336 obtinet
394 1287 603 1335 sacramentum.
630 1280 695 1335 ltem
728 1281 907 1352 quadraginta
928 1280 963 1335 ad
1014 1279 1674 1350 centonarigintiannorumessedescrilritur:et
1688 1287 1806 1358 Spiritus

167 1374 383 1445 quadragesimae
395 1382 595 1429 sacramentnm
607 1372 734 1443 pertinet.
747 1370 822 1426 Unde
839 1371 866 1425 in
879 1370 963 1424 Eran·
1014 1375 1125 1422 sanctus
1138 1367 1165 1421 in
1178 1368 1222 1423 die
1243 1367 1418 1426 Pentecostes
1437 1372 1577 1430 descendit
1597 1391 1679 1446 super
1696 1388 1805 1436 centon.

168 1464 240 1536 gella
260 1466 294 1520 de
311 1463 425 1519 1)οωίεο
443 1463 574 1533 scriptum
587 1469 630 1517 est
650 1480 657 1515 ι
680 1460 713 1515 m
730 1460 856 1532 agebatur
870 1459 898 1513 in
911 1459 964 1529 api-
1014 1457 1107 1528 viginti
1125 1458 1229 1513 animas
1249 1461 1426 1526 credentium,
1442 1463 1487 1533 qni
1502 1462 1610 1522 suerunt
1624 1466 1651 1521 in
1666 1469 1806 1526 coenaculo

168 1558 223 1610 rite
242 1556 272 1610 in
296 1556 399 1610 decerto
418 1554 595 1628 quadruplata
614 1553 705 1608 dicias
722 1552 830 1624 (liciti.
847 1550 895 1624 rr).
909 1551 963 1607 lte·
1015 1546 1080 1602 Sion
1088 1549 1253 1619 congregati.
1267 1549 1334 1605 Nam
1346 1551 1472 1623 legantur
1485 1564 1548 1611 ante
1558 1556 1687 1613 diluvium
1697 1569 1805 1617 centum

168 1665 231 1705 rnna
254 1648 436 1720 quadraginta
461 1645 666 1704 resurrectionis
701 1644 848 1700 flaminicae
874 1658 965 1699 sacra·
1015 1638 1110 1709 viginti
1125 1640 1433 1711 anniadpoenitentiam
1452 1645 1606 1704 honrinihus
1621 1648 1722 1705 decreti
1737 1649 1807 1708 :Sa-
1836 1628 1842 1637 ¹

167 1748 290 1797 mentum
311 1740 452 1796 nominent
477 1757 483 1792 ι
505 1738 577 1793 unde
592 1737 620 1793 iu
640 1735 754 1792 Actibus
777 1734 960 1806 apostolorum
975 1724 997 1782 B
1012 1726 1137 1781 iomooici
1159 1728 1252 1798 templi
1273 1730 1387 1787 altitudo
1410 1740 1518 1790 centum
1532 1736 1627 1811 viginti
1652 1740 1805 1797 cubitorum

167 1830 206 1885 ita
220 1829 353 1900 seriptum
367 1838 410 1885 est
427 1844 434 1883 t
451 1827 484 1882 Et
496 1836 663 1883 conaerentes
685 1842 743 1880 enar
758 1827 795 1881 eis
816 1825 872 1880 dics
897 1841 962 1896 qaa-
1012 1826 1081 1872 erat.
1098 1817 1155 1874 Hoc
1167 1828 1267 1887 arrtem,
1277 1823 1348 1892 quod
1358 1825 1447 1881 omnis
1462 1828 1553 1899 templi
1568 1828 1682 1888 altitudo
1696 1844 1804 1891 centnm

167 1922 294 1994 draginta
322 1920 393 1991 (det.
420 1919 451 1992 r).
472 1918 609 1974 Praeterea
629 1918 807 1989 qnadraginta
831 1930 962 1972 numerus
1014 1910 1107 1980 viginti
1122 1911 1275 1966 cubitorum
1289 1912 1349 1980 init,
1370 1916 1405 1971 ad
1419 1916 1489 1972 idem
1503 1929 1703 1979 sacramentnm
1720 1927 1806 1995 respi-

165 2031 252 2072 omnc
261 2029 384 2086 praesens
399 2011 480 2082 hrrjus
489 2010 580 2067 saecnli
594 2018 702 2081 tempus
716 2009 832 2080 irgnrare
842 2007 960 2063 dicitur:
1014 2001 1062 2067 cit,
1077 2001 1147 2072 quod
1162 2001 1300 2072 primitiva
1320 2003 1347 2058 in
1363 2002 1538 2079 ierosolymis
1552 2009 1674 2068 Ecclesia
1693 2024 1805 2084 propter

168 2117 287 2176 quatuor
302 2104 450 2160 eniutsuot
464 2102 558 2158 mandi
572 2108 673 2172 partes,
690 2107 718 2154 ct
730 2099 819 2154 omnis
837 2105 962 2152 creatura
1013 2091 1178 2161 passionem,
1195 2094 1422 2150 resurrectionem
1443 2105 1471 2151 ct
1495 2099 1683 2158 ascensionem
1698 2103 1803 2160 uomens

168 2194 288 2251 risibilis
297 2208 332 2250 cx
345 2202 463 2263 quatuor
473 2198 581 2247 constat
591 2189 740 2246 elementis.
757 2187 888 2242 Uenerius
899 2200 963 2241 vcro
1014 2179 1042 2233 in
1055 2179 1137 2235 coelos
1155 2181 1182 2236 in
1204 2183 1255 2237 iroc
1275 2196 1389 2237 numero
1410 2184 1528 2240 virorum
1549 2188 1665 2259 gratiam
1689 2189 1807 2262 Spiritus

168 2296 301 2341 numerus
317 2283 344 2337 ia
358 2281 455 2337 bonam
470 2278 511 2336 rel
524 2278 624 2334 malam
637 2285 742 2347 partem
755 2273 961 2346 perlectusest:
1014 2269 1102 2325 saneti
1115 2270 1229 2342 accepit.
1244 2272 1337 2342 ltaque
1356 2274 1518 2343 pmcedente
1544 2277 1676 2334 naturalis
1697 2285 1803 2338 numeri

169 2375 218 2446 qni
231 2372 361 2431 denarium
380 2387 429 2442 per
441 2368 646 2442 quaternarium
664 2368 762 2423 duetus
775 2366 964 2437 quadragena·
1014 2361 1202 2432 progressione
1215 2364 1249 2418 ab
1261 2378 1315 2420 uno
1336 2379 1421 2435 osque
1432 2365 1467 2421 ad
1481 2366 1623 2424 duodecim
1643 2378 1671 2427 et
1684 2372 1804 2432 collectis

170 2465 243 2520 riam
258 2458 586 2533 implet.iiincest,quod
602 2458 831 2529 perPsalrnistam
846 2458 961 2514 dicitur:
1016 2452 1043 2508 in
1071 2468 1154 2508 noum
1173 2454 1293 2509 omniurn
1320 2454 1442 2511 locorum
1471 2459 1675 2517 summitatibus
1696 2472 1804 2519 centum

170 2552 358 2623 Quadrapinta
386 2551 462 2605 ιιιιιιιι
488 2550 623 2620 prasimae
655 2548 695 2618 [ut
719 2547 879 2619 generationi
902 2547 964 2602 anic
1015 2543 1109 2615 viginti
1134 2542 1217 2611 irunt3
1240 2545 1394 2616 quindecim
1409 2561 1541 2617 namque,
1560 2564 1620 2620 qnae
1644 2566 1679 2608 cx
1701 2563 1804 2624 septena

170 2641 260 2716 (Psoi.
276 2640 367 2711 xcrr);
393 2651 421 2696 ct
442 2639 470 2693 in
495 2638 595 2693 ditono
614 2636 692 2708 juxta
712 2636 832 2706 ejusdem
859 2633 964 2691 numeri
1015 2645 1114 2694 etacio
1127 2637 1562 2711 constant,solentnannunquam
1578 2642 1612 2697 ad
1627 2642 1804 2716 significatio.

171 2733 231 2789 dies
247 2743 276 2787 et
286 2731 397 2787 totidem
411 2739 505 2786 noctes
519 2743 601 2800 super
616 2738 716 2784 terrain
731 2727 860 2783 Dominus
874 2726 962 2798 pluit:
1015 2743 1077 2785 nem
1100 2728 1195 2785 referri
1216 2730 1279 2786 ritae
1295 2729 1402 2792 lurnrae.
1418 2746 1479 2801 qnae
1502 2747 1574 2788 nunc
1597 2732 1624 2788 in
1639 2734 1805 2793 sabbatismo

171 2837 202 2882 et
219 2825 247 2881 ia
261 2822 330 2880 iona
344 2824 474 2895 pmplaeta
486 2822 616 2893 scripturn
628 2831 670 2877 εει
687 2837 694 2874 :
713 2817 776 2874 Post
787 2819 964 2891 quadraginta
1015 2819 1118 2892 geritur
1141 2819 1294 2875 animarum
1320 2819 1439 2877 ildclium
1463 2822 1643 2892 :perficietur
1666 2835 1757 2880 autern
1777 2828 1804 2884 ia

171 2917 228 2972 dics
240 2915 337 2971 Niniue
356 2914 518 2969 subvertetur
531 2912 603 2981 (loa.
615 2911 672 2983 nrl;
688 2910 759 2981 qood
774 2918 801 2966 et
816 2910 903 2980 ipsum
918 2923 963 2965 se·
1016 2907 1069 2964 tine
1096 2907 1187 2965 sacnti
1207 2910 1404 2966 resurrectione
1432 2925 1576 2982 corporum
1600 2912 1802 2971 immortalium.

166 3006 290 3063 eundum
302 3004 442 3060 historiam
456 3004 588 3060 lacedem
602 3002 711 3057 civitate
725 3001 824 3055 iactura
835 3007 960 3055 nonest:
1015 2999 1128 3056 (Ξειιιιιιιι
1139 2999 1333 3072 quinquaginta
1343 3010 1460 3074 quatuor
1470 3018 1598 3058 numerus
1610 3004 1644 3060 ad
1656 3006 1802 3064 electorum

171 3100 200 3156 ln
215 3096 317 3154 mando
331 3111 405 3161 nem,
419 3094 494 3166 enjus
509 3095 621 3167 liguram
633 3093 731 3150 ciuitas
744 3091 789 3147 illa
801 3091 905 3158 habuit,
914 3068 1000 3147 iro-G
1016 3089 1133 3161 pertinet
1147 3100 1362 3158 sacramentum,
1376 3091 1403 3147 in
1428 3107 1541 3162 quorum
1557 3092 1670 3167 tigumm
1683 3096 1803 3167 ejusdem

169 3187 274 3261 ιιιειιιιιι
296 3186 358 3241 erit.
380 3186 563 3258 Quadraginta
591 3199 655 3240 nera
674 3183 869 3240 adnumerum
888 3182 915 3236 in
934 3197 964 3239 e·
1016 3182 1122 3239 numeri
1135 3182 1225 3252 pisces
1237 3190 1299 3251 post
1318 3184 1544 3240 resurrectionem
1559 3185 1664 3242 Domini
1679 3189 1713 3244 ab
1729 3188 1802 3262 lpo-

169 3292 250 3334 remo
269 3276 451 3341 mansionum,
467 3275 509 3331 rel
531 3276 565 3331 ad
587 3289 730 3331 numerum
749 3274 964 3348 generationum,
1016 3273 1094 3331 stolis
1106 3273 1134 3330 in
1148 3274 1294 3343 Evangelia
1307 3273 1377 3346 capti
1390 3273 1552 3332 referuntur.
1567 3278 1692 3335 Trecenti
1707 3282 1741 3336 ad
1752 3298 1805 3337 nu·

169 3385 233 3440 quae
250 3369 286 3424 ab
309 3366 447 3424 dirralram
463 3377 526 3423 sant
548 3367 683 3437 usquead
705 3366 847 3422 Dominum
871 3365 964 3421 iesum
1016 3365 1324 3436 merumpericctorum,
1335 3366 1381 3436 qui
1399 3382 1448 3437 per
1465 3367 1646 3427 cmcemicsu
1658 3371 1691 3427 de
1704 3373 1805 3429 munde

171 3462 322 3526 Christum,
335 3461 462 3531 pertinet.
477 3459 677 3531 Quinquaginta
693 3466 784 3524 autem
809 3457 843 3513 ad
868 3456 966 3512 Pente-
1016 3456 1213 3528 triumphantes
1226 3457 1368 3513 victoriam
1389 3467 1545 3531 reportant,
1560 3461 1588 3517 in
1601 3477 1717 3534 qnorum
1739 3474 1804 3538 typo

172 3563 266 3611 cesten
277 3552 321 3608 rel
335 3554 480 3607 adrentum
495 3550 612 3621 Spiritus
624 3551 710 3606 sancti
727 3549 816 3605 :ande
827 3547 927 3604 dicitur
937 3546 964 3603 in
1015 3546 1124 3604 Gedeon
1138 3547 1166 3602 in
1180 3546 1305 3603 iudicum
1327 3547 1398 3604 libro
1410 3548 1486 3622 (Iud.
1498 3551 1548 3622 arr)
1562 3549 1683 3620 ejusdem
1698 3554 1804 3610 numeri

171 3645 286 3701 Actibus
296 3640 478 3712 apostoloram
491 3658 498 3694 ε
513 3640 584 3716 iiam
598 3639 789 3712 complerentur
799 3638 854 3693 dies
869 3637 963 3692 Pente·
1015 3649 1180 3710 pugnatores
1194 3640 1307 3713 elegisse
1321 3642 1460 3698 scribitur,
1474 3642 1619 3718 Quingenti
1640 3648 1673 3703 ad
1685 3649 1804 3720 quinque

171 3747 256 3791 caster
272 3735 342 3805 (det.
362 3735 404 3804 ιι).
419 3733 486 3788 leem
505 3733 699 3805 qninquaginta
723 3733 756 3787 ad
770 3732 963 3802 indulgentiam
1014 3743 1109 3789 aetates
1120 3734 1213 3789 mnndi
1230 3734 1271 3804 (ιιι
1285 3736 1473 3805 aquibasdam
1493 3739 1614 3812 putatur)
1626 3742 1745 3810 pertinet
1757 3758 1804 3799 sa·

171 3829 292 3897 pertinet
314 3835 507 3896 Ummium,
531 3825 558 3880 in
582 3824 659 3894 culus
678 3824 781 3880 numeri
795 3831 964 3880 sacramento
1015 3834 1195 3890 crementum,
1208 3826 1305 3895 quibus
1318 3829 1463 3884 transactis
1478 3826 1604 3885 Salvator
1615 3833 1743 3888 mundant
1761 3836 1803 3890 ri-

172 3923 412 3994 quinquagesimus
427 3918 665 3988 Psalmnspositus
678 3924 728 3971 est.
740 3914 885 3986 Sexaginta
898 3929 963 3969 vero
1014 3917 1098 3972 sitare
1119 3917 1301 3987 dignatusest
1316 3936 1322 3970 :
1337 3918 1365 3972 in
1390 3918 1466 3989 cnjus
1484 3927 1548 3991 typo
1570 3919 1627 3977 Noe
1641 3938 1702 3978 eom
1724 3925 1804 3993 quin.

172 4027 304 4070 numerus
315 4011 477 4067 adomninm
487 4008 667 4079 perlectorum
681 4006 798 4077 pertinet
808 4017 962 4060 sacramen·
1014 4013 1156 4077 gentornm
1170 4012 1243 4060 esset
1262 4021 1402 4066 annorum,
1414 4006 1542 4064 divinitus
1553 4009 1708 4081 inspiratas,
1722 4020 1802 4083 apta-

173 4111 229 4158 tum
246 4120 254 4157 2
269 4102 341 4157 ”⁰⁴10
354 4100 420 4156 dicii
433 4100 469 4176 Ῑῐι1
482 4098 594 4156 Cauliw
618 4096 805 4151 fflnll⁰⁰r¹1m²
827 4092 869 4147 Ειι
882 4090 964 4146 iectu·
1014 4098 1053 4154 ιιι
1066 4113 1157 4153 arcam
1171 4099 1197 4151 in
1211 4096 1326 4152 salutem
1339 4097 1435 4153 domus
1451 4114 1515 4154 suae.
1530 4099 1695 4157 llillcnarius
1705 4118 1801 4159 name·

173 4195 228 4250 isan
241 4194 407 4259 Solomonia,
422 4194 515 4255 idest,
529 4190 630 4247 Christi
648 4188 813 4252 Ecclesiam,
826 4186 962 4256 resedato
1015 4201 1062 4242 rus
1085 4185 1279 4258 perlectionem
1303 4188 1478 4243 beatitudinis
1503 4189 1648 4261 significat.
1671 4192 1748 4249 Unde
1774 4195 1801 4249 in

173 4283 388 4354 [maerentium
404 4281 601 4352 expertissimis
619 4278 703 4334 lsrael
716 4276 803 4350 (Cam.
825 4274 879 4345 rat).
895 4274 961 4329 itera
1014 4276 1126 4333 Cantica
1138 4277 1305 4332 canticorum
1325 4276 1446 4351 legitur:
1465 4276 1545 4334 l'iaea
1563 4280 1614 4350 [ait
1630 4282 1752 4353 pacifica,
1773 4286 1801 4340 in

173 4377 313 4449 sexaginta
323 4376 356 4430 ad
367 4375 486 4430 inactum
498 4369 654 4429 viduissire
667 4369 865 4426 continentibus
878 4368 960 4437 depa-
1014 4386 1094 4441 eoque
1109 4368 1186 4423 iraict
1207 4367 1339 4439 papales:
1355 4368 1462 4423 tradidit
1487 4386 1545 4425 eam
1568 4372 1742 4429 eanediias:
1763 4376 1803 4428 air

175 4478 256 4524 tanrr.
273 4468 348 4526 Unde
366 4466 394 4520 in
409 4463 556 4534 Evangelio
571 4462 686 4534 legitur:
704 4461 736 4514 Et
747 4459 820 4514 dabit
834 4459 961 4528 fructum,
1015 4461 1090 4529 affert
1105 4476 1151 4530 pra
1165 4459 1253 4529 fracta
1265 4459 1321 4528 ejas
1335 4457 1405 4513 mille
1419 4468 1553 4530 argenteos
1565 4457 1653 4532 (Cant.
1671 4461 1743 4532 arrr).
1757 4458 1804 4517 vj.

174 4558 452 4630 ciiadseaeaqesimum
477 4554 585 4626 (dicitis.
610 4551 682 4624 narr).
708 4550 881 4622 Septuaginta
897 4567 962 4606 nem

175 4653 209 4708 ad
225 4661 347 4707 veteram
366 4658 474 4721 patrum
492 4648 629 4719 pertinere
641 4647 738 4702 dicitur
752 4633 960 4702 sacrararcntuar.

172 4743 202 4799 in
220 4758 337 4814 qnorum
360 4742 472 4812 liguram
496 4739 623 4795 Salomon
647 4737 680 4791 ad
702 4734 845 4791 :editicium
870 4733 961 4802 templi

172 4834 343 4903 septuaginta
364 4831 447 4886 anillia
460 4830 644 4901 operariorum
660 4825 771 4897 elegisse
790 4823 962 4892 dicitur„qni

173 4926 202 4980 in
214 4924 335 4980 lrurneris
349 4924 503 4994 putabant.
519 4921 587 4990 Nam
604 4920 771 4990 septuaginta
788 4926 814 4973 et
824 4917 961 4987 octoginta

172 5012 206 5068 ad
218 5016 335 5085 liguram
352 5012 432 5081 Legis
447 5021 475 5066 et
489 5010 625 5082 Erarrgelii
638 5008 717 5064 sinral
727 5008 873 5078 pertinent,
889 5015 918 5059 ut
934 5006 961 5061 in

171 5103 275 5174 maimo
288 5102 496 5172 scriptumest:
516 5099 576 5155 Dies
592 5114 720 5153 carrarum
737 5098 763 5149 in
778 5096 840 5166 ipsis
858 5106 963 5165 septua-

169 5194 244 5264 ginta
257 5192 332 5248 anni.
346 5192 377 5248 Si
397 5200 486 5246 αιιιειιι
505 5190 532 5245 a'n
550 5187 735 5261 potentatibus,
750 5188 880 5256 octopinta
899 5185 962 5239 aurai

168 5280 259 5354 (Psoi.
278 5283 404 5357 rexne).
428 5281 604 5353 Septuaginta
616 5294 681 5334 aero
700 5279 753 5334 dua
765 5277 799 5332 ad
819 5293 960 5332 ιιιιιιιειιιιιι

168 5376 393 5448 presbyterorum
418 5376 536 5447 pertinet
565 5370 720 5443 lioysisrel
748 5368 959 5441 discipularum,

166 5483 241 5538 qnos
267 5467 399 5523 Damianos
412 5466 441 5522 in
463 5465 683 5536 predicationem
707 5460 843 5531 Evangelii
868 5458 958 5531 elegit.

167 5557 350 5630 Septuaginta
374 5557 495 5628 quinque
508 5555 542 5611 ad
555 5568 697 5610 nnmerum
711 5551 863 5607 animarum
876 5551 960 5621 perti-

168 5661 246 5718 nent,
262 5668 322 5724 quse
334 5667 396 5708 carm
410 5648 495 5707 iacob
509 5648 535 5702 in
551 5645 698 5718 AEgyptam
712 5645 884 5700 descendisse
898 5660 960 5699 nar-

1015 4566 1077 4615 nca,
1090 4550 1115 4605 id
1131 4559 1182 4614 est,
1196 4548 1316 4604 Ecclesia
1331 4546 1421 4602 fructu
1442 4548 1583 4604 aburrdans
1603 4549 1676 4617 tadei,
1692 4549 1744 4606 init
1754 4565 1803 4622 pa-

1014 4640 1103 4705 citlco,
1120 4640 1211 4704 idest,
1231 4640 1345 4695 Domina
1358 4637 1478 4704 Christo,
1490 4655 1570 4709 qnam
1587 4639 1698 4696 tradidit
1712 4655 1802 4697 custer-

1014 4731 1102 4795 dilus,
1119 4731 1168 4786 lroc
1182 4739 1233 4794 est,
1245 4730 1384 4800 propinetis
1397 4738 1425 4784 et
1437 4730 1566 4801 apostolis
1581 4738 1662 4802 atque
1672 4734 1803 4803 angelicis

1013 4818 1188 4889 dignitatibus
1204 4832 1211 4873 ε
1226 4834 1275 4889 pro
1289 4818 1364 4886 enjus
1377 4818 1466 4875 lructu
1489 4820 1546 4891 ipse
1568 4820 1610 4876 nir
1629 4820 1707 4877 atlcrt
1728 4822 1803 4878 milla

1015 4917 1174 4981 argenteos,
1189 4908 1240 4965 lroc
1250 4917 1302 4974 est,
1314 4908 1506 4980 perlectionem
1518 4911 1712 4967 retributionis.
1730 4910 1802 4966 ilitie

1016 5000 1123 5057 ducenti
1140 5002 1349 5070 apostolicomm
1377 5001 1517 5057 doctorum
1544 5011 1641 5073 gerunt
1665 5001 1798 5072 liguram:

1015 5093 1060 5162 qai
1075 5091 1166 5148 omnia
1179 5091 1270 5146 mundi
1281 5090 1457 5154 dimittentes,
1467 5091 1494 5146 io
1509 5089 1592 5146 serbo
1602 5093 1802 5161 praedicationis

1015 5183 1139 5237 laborare
1154 5198 1207 5237 non
1218 5192 1337 5237 cessant.
1348 5182 1380 5236 lli
1394 5183 1492 5252 duplici
1505 5184 1730 5252 remuneratione,
1742 5202 1802 5257 quac

1015 5275 1042 5329 in
1058 5274 1181 5328 ducentis
1206 5273 1375 5343 designatur,
1397 5273 1532 5330 donantur
1551 5275 1605 5330 :de
1620 5275 1718 5344 quilius
1732 5279 1802 5334 seri·

1013 5378 1088 5438 ptum
1109 5374 1152 5419 est
1173 5362 1268 5418 :liille
1287 5365 1337 5421 tai.
1355 5362 1484 5431 Perillae,
1503 5374 1527 5418 et
1549 5364 1654 5418 ducenti
1677 5364 1734 5431 irie,
1756 5369 1801 5439 qui

1012 5457 1161 5513 custodiunt
1182 5455 1285 5524 fructas
1308 5454 1367 5524 ejus
1391 5451 1479 5524 (Caret.
1503 5469 1572 5526 narrt.
1585 5453 1694 5525 Septem
1719 5456 1801 5513 millia

1013 5561 1142 5604 numerus
1156 5545 1190 5599 ad
1211 5542 1332 5599 omnium
1346 5541 1491 5604 electorum
1510 5544 1626 5613 pertinet
1650 5560 1804 5601 sacramen-

1013 5650 1082 5704 tum,
1096 5638 1141 5709 qni
1154 5635 1225 5706 pleni
1240 5632 1341 5704 Spiritu
1354 5641 1447 5688 sancto
1458 5649 1507 5716 per
1516 5633 1711 5690 hclrrlonaadam
1723 5636 1803 5708 lrujns
