4042 6200
160 306 205 360 tet
553 295 735 356 expostulo
752 295 786 352 tu
805 291 1001 355 mausueta
1021 291 1226 352 sutollouls
1245 326 1281 338 -·
1298 293 1363 353 tle.
1381 291 1407 349 l.
1741 297 1795 356 882

157 435 216 475 tear
234 425 323 472 ostem
341 413 437 470 oeaerb
456 411 527 483 qaod
545 413 694 482 persectari
707 421 761 476 est,
782 407 953 465 muctabitur
965 421 989 475 A
1000 411 1083 480 taqua
1093 422 1186 464 notros
1198 420 1259 465 ιιιιιι.
1274 409 1410 467 llactcnus
1422 407 1668 481 proverbialiterdc
1681 403 1795 485 utraqtte

158 511 226 582 qnod
237 524 272 563 ea
283 516 359 579 purte
370 516 408 560 est
421 503 449 570 (l
463 501 525 559 Cor.
540 503 613 574 xrrr).
1004 506 1083 567 parte
1095 498 1234 569 disputat,
1257 499 1321 554 ltine
1338 501 1394 570 jam
1415 498 1525 555 sedulus
1540 500 1635 571 incipit
1648 502 1795 559 admonere

191 603 227 657 Et
242 600 404 672 intelligens,
417 595 593 669 ςιὺειιιιιιιιίιι
607 594 759 667 possidebit.
778 592 864 648 Nemo
876 607 906 646 se
920 591 953 646 de
1003 599 1140 661 quemque
1152 590 1276 657 ildelem
1294 601 1324 646 ut
1337 591 1506 662 disciplinam
1524 589 1592 664 legis
1605 593 1704 649 diuina
1720 595 1796 651 blau-

158 710 204 748 sua
216 691 304 761 iactet
318 688 442 745 scientia.
470 686 538 755 Quia
553 686 600 756 qui
615 684 778 756 sapientium
792 683 874 737 uerba
894 693 954 737 ere
1003 680 1079 736 ditiis
1099 690 1247 752 postponat
1268 682 1453 753 reproborum.
1479 683 1547 751 Quia
1567 684 1693 740 nimirum
1717 684 1796 755 liujus

159 787 205 840 ber
219 782 315 838 audire
329 789 357 835 et
371 778 520 849 intelligere
536 776 668 848 negligit,
694 776 777 830 vitam
801 790 880 829 suam
902 774 953 829 rite
1003 772 1154 829 neumam
1172 788 1289 840 corona,
1314 773 1421 829 illorum
1442 774 1560 830 melinum
1576 791 1650 832 mors
1668 788 1797 849 sequatur

158 878 311 946 gubernare
328 888 381 927 non
396 871 487 935 novit,
505 877 607 939 quanto
620 867 707 939 maga
723 866 812 921 alieno
829 865 953 936 regimini
1003 873 1122 931 emron,
1142 866 1258 921 undeet
1274 874 1348 920 recte
1371 864 1455 919 illum
1471 875 1564 932 uocat,
1588 882 1668 937 quem
1683 878 1797 940 paterna

158 966 251 1034 periei
264 964 381 1034 aequit,
404 960 451 1030 qui
473 959 592 1027 scipsum
609 956 644 1012 ad
658 967 764 1028 patrum
783 956 953 1026 disciplinam
1004 957 1186 1014 sollieitudine
1201 965 1280 1016 curat
1294 958 1453 1022 instituere,
1475 965 1564 1027 potest
1587 968 1614 1014 ct
1636 974 1669 1013 cx
1685 958 1731 1014 bet
1746 959 1797 1014 Ρι-

159 1059 293 1126 subjicere
306 1056 477 1123 contempsit.
492 1051 570 1118 Quod
582 1065 647 1121 ergo
658 1051 711 1105 ait:
722 1049 839 1104 latiens
849 1050 955 1119 sopien-
1004 1049 1056 1103 tris
1069 1064 1184 1119 persona
1198 1048 1301 1104 dietum
1316 1048 1418 1117 accipi;
1432 1048 1458 1103 in
1475 1048 1584 1103 nomine
1598 1056 1688 1103 antem
1703 1050 1798 1105 matris

158 1149 285 1211 timorit,
301 1147 336 1201 ad
355 1143 538 1214 cognitionem
552 1156 641 1196 rerum
657 1155 717 1210 qum
731 1154 780 1209 per
793 1140 954 1209 sapientiam
1005 1137 1145 1204 Ecclesiae,
1167 1154 1227 1208 quae
1251 1148 1316 1194 tuuc
1339 1138 1483 1210 synagoga
1504 1139 1653 1194 uocabatur
1672 1138 1795 1210 intelligi.

159 1246 311 1294 efficuntur
325 1233 449 1304 respicit3
460 1232 532 1302 quod
545 1246 611 1287 vera
625 1231 744 1287 addidit:
757 1231 792 1285 Et
806 1229 953 1301 intelligens
1005 1227 1039 1282 ut
1052 1229 1210 1294 laetandum,
1223 1230 1294 1299 quod
1308 1229 1345 1285 ita
1360 1245 1409 1286 nos
1423 1229 1591 1300 disciplinam
1605 1230 1692 1301 patris
1705 1245 1798 1287 amare

158 1327 337 1401 patermutio
348 1323 499 1397 possidebit,
513 1322 547 1377 ad
560 1320 750 1378 rectitudinem
760 1323 824 1376 sitae
832 1337 893 1392 que
905 1335 955 1390 per
1005 1318 1145 1389 praecipit,
1163 1328 1193 1373 ut
1211 1318 1297 1391 legem
1314 1333 1421 1389 quoque
1440 1319 1535 1374 matris
1549 1319 1621 1373 nulla
1635 1319 1740 1377 ratione
1755 1319 1797 1375 di-

158 1421 282 1476 eamalem
295 1415 455 1487 sapientiam
470 1413 584 1468 discitur
597 1422 625 1467 et
639 1414 760 1475 docetur,
778 1411 904 1482 pertinet.
921 1409 954 1464 Et
1006 1413 1156 1467 mittamus.
1168 1411 1235 1479 Quoia
1247 1428 1301 1469 non
1312 1411 1420 1476 sullicit,
1429 1412 1530 1481 utquis
1540 1427 1570 1467 se
1580 1413 1664 1468 Deum
1675 1411 1798 1485 diligere,

159 1511 273 1582 pulchre
291 1507 454 1579 principium
470 1503 667 1559 Parabolarum
681 1503 816 1574 principio
829 1502 955 1573 eougmlt
1004 1511 1033 1558 et
1053 1505 1112 1574 ejus
1134 1506 1276 1576 praeceptis
1295 1506 1484 1575 obtemperare
1504 1505 1595 1573 dieat,
1621 1505 1644 1561 si
1667 1507 1820 1563 unitatem·

159 1602 244 1668 titali,
266 1598 340 1672 quod
358 1599 394 1654 ita
412 1614 444 1654 se
460 1597 563 1653 babet:
583 1594 724 1651 Parabolos
739 1594 890 1652 Solomonis
904 1594 954 1664 filii
1006 1594 1135 1651 Ecclesiae
1153 1595 1273 1651 imterna
1288 1596 1408 1652 charitas
1422 1612 1476 1652 noa
1490 1605 1630 1667 sequatur.
1655 1597 1711 1654 Nec
1724 1609 1799 1655 vetat

161 1694 243 1748 beriti
263 1693 332 1762 regis
344 1689 448 1754 lsrael,
467 1689 501 1742 ad
516 1687 650 1742 sciendam
666 1686 821 1757 ιφιιιιιέιιιιι
835 1695 860 1740 et
875 1684 953 1738 disci
1006 1686 1126 1757 aliquid,
1148 1696 1264 1743 matrem
1284 1688 1370 1759 ipsam
1390 1671 1445 1745 ὓιιῖ
1461 1689 1575 1761 gratiam
1590 1704 1643 1760 qua
1663 1691 1800 1748 salvamur

158 1783 269 1853 pliorem.
285 1780 500 1836 animadvertite
514 1777 672 1850 parabolam
698 1785 726 1831 et
750 1775 953 1847 interpretatio·
968 1766 1139 1851 Baeupere.
1155 1778 1223 1834 Nam
1238 1787 1265 1834 ct
1279 1779 1350 1850 apud
1363 1779 1491 1835 liebrnos
1502 1780 1614 1850 spiritus
1625 1783 1670 1852 qui
1682 1784 1798 1854 gratiam
1835 1813 1839 1820 κ

160 1887 239 1936 near,
267 1873 350 1927 rerba
373 1869 535 1941 sapientium
555 1876 583 1923 et
603 1869 748 1940 assignata
766 1881 870 1923 eorum.
900 1866 956 1921 lloc
1004 1867 1566 1940 praestatgeuerelemininonuncupatur.

159 1962 300 2033 discipulis
313 1978 342 2018 se
356 1960 494 2016 bussiliter
509 1959 696 2024 audientibus,
718 1957 776 2029 ipsa
793 1971 853 2027 quae
866 1971 914 2012 eas
929 1957 956 2011 in
1042 1957 1077 2014 tn
1090 1960 1206 2016 addolor
1219 1961 1306 2031 pratia
1319 1960 1402 2029 ospiti
1416 1969 1471 2026 tao,
1498 1969 1522 2014 et
1540 1972 1646 2033 torques
1661 1961 1728 2017 eollo
1744 1973 1799 2017 tna.

159 2073 244 2113 carae
264 2069 401 2127 apparens
413 2054 556 2109 erudiebat
569 2052 702 2123 sapientia
721 2051 851 2115 donavit,
876 2059 906 2105 ut
928 2060 956 2104 et
1041 2052 1099 2109 lios
1113 2053 1185 2123 apud
1198 2060 1304 2108 ueteres
1316 2050 1384 2119 luit,
1398 2059 1429 2106 nt
1444 2051 1563 2128 legitime
1576 2061 1729 2119 certantes,
1753 2067 1801 2110 cu

158 2163 220 2202 naas
238 2144 396 2217 parabolas.
410 2159 471 2213 <tute
486 2143 572 2197 lurbae
585 2139 743 2210 nequibant,
758 2138 954 2209 intelligerem,
1006 2159 1102 2201 ronam
1120 2143 1147 2198 lu
1162 2143 1265 2213 eapite,
1291 2150 1416 2214 torquem
1434 2142 1463 2197 in
1484 2141 1555 2197 collo
1576 2144 1741 2213 acciperent.
1769 2144 1802 2198 Et

161 2251 190 2296 et
206 2239 403 2310 prophetarum
418 2252 451 2292 ac
464 2236 532 2308 legis
553 2236 708 2305 enigmata,
723 2233 750 2289 id
766 2241 825 2298 est,
840 2233 956 2286 obscum
1005 2233 1085 2291 nobis
1098 2249 1163 2305 crgo
1176 2233 1200 2288 si
1213 2230 1384 2304 disciplinam
1397 2231 1546 2292 condituris
1559 2233 1656 2297 nostri,
1672 2232 1695 2289 sl
1708 2234 1802 2303 gratim

158 2332 231 2385 dieta
243 2327 424 2397 spiritualiter
435 2325 663 2392 aniruadverterc,
677 2339 710 2379 ac
721 2324 777 2378 suls
789 2319 957 2377 auditoribus
1006 2326 1103 2380 matris
1126 2325 1193 2381 scita
1210 2324 1391 2391 custodimus,
1404 2322 1492 2393 major
1508 2325 1605 2380 indies
1620 2325 1801 2397 spiritualium

158 2420 311 2475 dimcidare
333 2418 465 2473 subrent.
496 2417 551 2474 Sed
575 2429 605 2474 et
629 2415 806 2486 sequentibus
828 2412 957 2469 Ecclesiae
1006 2415 1138 2470 uirtutum
1162 2414 1273 2469 claritas
1296 2422 1419 2484 augetur.
1456 2411 1573 2468 Additur
1594 2414 1693 2485 quippe
1714 2416 1802 2486 gratia

158 2510 301 2582 magistris
314 2509 409 2564 eadem
424 2507 608 2579 intelligentiae
625 2506 756 2578 spiritalis
771 2517 889 2569 amana,
912 2500 958 2574 ple
1006 2505 1106 2577 capiti,
1124 2519 1185 2560 cum
1199 2503 1319 2559 ebaritas
1337 2502 1487 2574 principale
1502 2505 1600 2560 mentis
1614 2479 1803 2561 umametitum

158 2599 346 2669 querentibus
359 2613 391 2653 ac
402 2597 585 2669 pulsantibus,
599 2595 758 2652 reservavit
1006 2596 1148 2651 ardentius
1158 2593 1350 2649 inflammatur.
1364 2592 1481 2650 bdditur
1491 2604 1518 2649 et
1528 2593 1597 2650 oolla
1608 2604 1729 2666 torques,
1741 2612 1803 2652 cum

194 2688 289 2741 Timor
303 2687 410 2742 ϋιιιιιὶιιι·
422 2687 582 2758 principium
600 2685 745 2756 sapientie.
773 2684 831 2738 buo
845 2691 909 2738 sunt
924 2682 957 2738 ti·
1007 2687 1112 2760 lulgore
1134 2686 1263 2758 perlecta
1282 2685 1450 2756 operationis
1474 2700 1566 2742 sermo
1588 2687 1802 2758 praedicationis.

157 2793 251 2834 mores
276 2778 404 2845 Domini,
433 2778 538 2847 primus
561 2775 687 2841 seruilis,
717 2775 763 2845 qui
790 2774 956 2845 principium
1007 2780 1053 2850 qui
1069 2777 1226 2851 percollum
1245 2778 1386 2849 procedit,
1411 2777 1597 2834 conllrmatur.
1623 2778 1664 2834 Ac
1683 2794 1717 2834 ne
1736 2795 1802 2834 eosn-

158 2870 283 2926 scientiae
294 2879 323 2924 et
334 2869 473 2940 sapientia
488 2867 758 2938 uocatur;secundus
769 2866 899 2932 anticulis,
911 2866 956 2935 qui
1008 2871 1093 2930 ternni
1113 2871 1148 2924 ab
1168 2868 1337 2924 auditoribus
1360 2869 1458 2925 debeat
1483 2866 1649 2923 innielieienti
1671 2869 1802 2924 uirtutum

159 2951 356 3031 perlectionem
378 2958 519 3028 sapientiae
552 2957 708 3013 comitatur.
734 2955 828 3012 Timor
850 2955 957 3011 servilis
1008 2959 1179 3014 seiunctione
1197 2958 1320 3014 ducetur.
1347 2955 1402 3012 Sed
1422 2966 1450 3013 et
1469 2957 1512 3012 bis
1525 2953 1576 3027 qui
1598 2956 1724 3014 llosaicee
1738 2959 1805 3032 legis

157 3053 325 3124 prinicipium
337 3061 380 3106 est
391 3050 542 3122 sapientia,
553 3050 616 3121 quia
628 3048 751 3119 quisquis
763 3056 824 3119 post
836 3061 957 3104 errorent
1009 3051 1118 3107 decreta
1130 3049 1244 3105 bomine
1256 3049 1382 3105 ueniente
1393 3050 1549 3116 servabant,
1560 3048 1651 3105 addita
1664 3058 1704 3107 est
1716 3053 1804 3125 gratia

158 3146 324 3202 delictorum
338 3159 434 3216 sapere
451 3143 547 3215 incipit
563 3143 652 3213 primo
666 3142 765 3197 timore
779 3142 871 3198 sisino
893 3156 955 3196 cor·
969 3127 992 3190 C
1008 3140 1075 3196 licui
1086 3140 1265 3206 Testamenti,
1275 3154 1337 3195 cum
1351 3155 1397 3211 spe
1405 3140 1480 3212 regni
1490 3138 1619 3208 causus,
1628 3140 1705 3210 etuias
1715 3142 1806 3214 splen-

158 3240 272 3308 ripitur,
290 3253 326 3293 ne
338 3238 373 3292 ad
387 3244 519 3292 tormenta
533 3234 657 3299 ducatur,
676 3234 723 3289 sed
742 3233 814 3289 bunc
830 3235 954 3288 umorem
1007 3234 1058 3290 dur
1072 3234 1189 3291 eximius
1208 3235 1242 3289 ad
1264 3235 1416 3305 exemplum
1433 3251 1541 3291 coruum
1563 3246 1591 3291 et
1613 3237 1717 3308 torquis
1732 3236 1805 3290 nullo

160 3328 285 3397 perlecta
298 3328 407 3383 dilectio
422 3326 496 3382 laras
512 3325 605 3381 mittit.
632 3324 759 3380 Succedit
771 3332 861 3380 autem
876 3326 957 3381 timor
1009 3339 1128 3395 unquam
1142 3323 1356 3379 innectendum.
1375 3323 1458 3379 Nobis
1473 3340 1581 3395 quoque
1594 3340 1656 3380 cunr
1669 3342 1717 3396 pro
1728 3324 1806 3381 bottis

161 3417 270 3472 bornuni
281 3426 563 3486 sanetuspermanens
576 3415 604 3468 in
614 3413 741 3468 menium
753 3413 861 3479 saculi;
876 3428 956 3483 quem
1009 3416 1124 3477 actibus,
1141 3428 1208 3484 quos
1224 3413 1313 3468 diuina
1330 3414 1416 3484 gratia
1431 3416 1613 3484 praerogavit,
1637 3414 1682 3470 lux
1703 3424 1806 3471 aeterua

160 3524 215 3564 ιιιιιι
230 3507 363 3573 excludit,
378 3507 427 3561 sed
442 3515 523 3576 auget
540 3506 669 3569 ebaritas,
685 3508 743 3575 ipse
756 3512 797 3559 est
811 3520 865 3575 quo
881 3505 959 3559 timet
1011 3504 1149 3567 tribuitur,
1170 3505 1258 3576 gratia
1273 3503 1396 3574 prolecto
1410 3506 1492 3575 capiti
1507 3513 1534 3560 et
1548 3504 1617 3559 collo
1633 3513 1743 3577 torques
1759 3508 1807 3561 ael-

161 3601 234 3655 tilius
249 3600 348 3663 bornus,
365 3615 398 3653 ne
409 3606 437 3653 et
450 3598 477 3652 iu
494 3597 600 3652 modico
612 3595 704 3652 oculos
718 3594 896 3649 amantissimi
909 3611 957 3666 pa·
1011 3598 1094 3663 ditur,
1106 3596 1181 3665 jurata
1199 3597 1263 3652 illud
1277 3597 1433 3670 Evangelii:
1450 3597 1520 3664 Quia
1532 3600 1563 3654 de
1576 3599 1737 3670 plenitudiue
1748 3601 1806 3673 ejus

161 3693 212 3745 tris
226 3689 355 3747 offendat
382 3686 449 3744 Nam
468 3687 622 3744 inchoativo
635 3688 733 3742 timore
748 3685 854 3741 seruilis
868 3686 956 3741 adhuc
1014 3706 1061 3743 nos
1080 3705 1170 3744 omnes
1190 3689 1332 3760 accipimus
1355 3693 1468 3760 pretium
1492 3705 1539 3760 pro
1561 3691 1649 3761 gratio
1662 3688 1753 3763 (ioan.
1773 3695 1804 3764 ι),

161 3783 275 3838 anianus
287 3781 401 3847 metuit,
423 3795 457 3834 ne
477 3780 512 3834 ab
531 3779 601 3834 irato
617 3776 730 3833 bomine
744 3776 833 3849 poenis
848 3775 958 3846 subiga—
1012 3781 1126 3851 gratiam
1139 3781 1242 3837 scilieet
1254 3780 1341 3837 beatae
1354 3781 1552 3847 retributionis,
1563 3796 1613 3853 pro
1625 3783 1712 3854 gratia
1725 3792 1807 3839 rectae

162 3882 218 3938 sur,
237 3880 354 3941 uterque
368 3878 458 3927 autem
474 3869 557 3925 timor
579 3869 611 3931 in,
631 3865 720 3922 lutura
744 3869 800 3923 vita
823 3866 958 3928 cessauit,
1011 3873 1186 3943 operationis.
1647 3858 1650 3863 ’

159 3966 288 4020 ebaritas
306 3979 370 4019 vcro
389 3976 525 4034 nunquam
547 3959 663 4025 excidit,
681 3959 729 4014 sed
747 3959 774 4013 iu
792 3956 960 4028 plenitudine
1048 3963 1104 4018 Fili
1119 3965 1166 4029 ari,
1179 3966 1202 4018 si
1217 3973 1242 4018 te
1255 3963 1410 4018 {monuerint
1424 3974 1583 4033 peccatores,
1599 3980 1631 4018 ae
1644 3966 1804 4036 acquiescas.

161 4054 309 4126 sapentia
330 4061 461 4124 perpetua
492 4049 627 4115 menuthin
647 4049 717 4121 quod
735 4059 778 4104 usi
796 4061 961 4119 cognoscere
1012 4054 1123 4111 linoltus
1144 4055 1232 4110 modis
1252 4054 1356 4111 lactant
1376 4062 1545 4125 peccatores,
1568 4070 1636 4123 quos
1657 4054 1804 4126 decipiunt.

161 4162 261 4200 terum
293 4151 322 4199 el
353 4159 436 4197 u¹¹¹¹¹n
466 4142 569 4208 Deum,
603 4150 631 4196 θῑ
662 4154 741 4211 quem
771 4140 845 4195 ¹⁰¹⁸st
869 4137 960 4194 lesum
1013 4147 1063 4214 Qui
1075 4146 1165 4201 autad
1176 4145 1301 4201 iacienda
1312 4142 1808 4213 scelerablandimentisilliciunt,aut

161 4239 318 4293 Claristuru.
1012 4237 1084 4293 lacta
1104 4235 1161 4306 jam
1184 4234 1333 4300 latoribus,
1349 4235 1427 4307 quasi
1442 4235 1615 4291 laudabiliter
1628 4245 1688 4292 acta
1708 4239 1808 4294 sustol-

201 4327 371 4398 Sapieatium
402 4336 481 4397 atque
507 4324 673 4396 disciplinam
701 4324 774 4378 stulti
802 4322 957 4392 despiciunt.
1011 4328 1079 4382 lunt.
1100 4328 1128 4383 ln
1144 4336 1258 4396 utroque
1273 4335 1363 4380 auum
1383 4324 1517 4398 sapientia
1536 4340 1599 4382 suos
1617 4326 1756 4384 auditores
1773 4345 1808 4385 ne

161 4419 280 4474 [linerat
296 4420 329 4473 de
346 4418 478 4489 sapiente,
499 4419 570 4489 quod
586 4419 679 4473 eruditu
691 4433 826 4482 sermone,
849 4416 957 4487 saplen-
1016 4418 1115 4473 talilnrs
1130 4417 1304 4488 acquiescant
1317 4416 1450 4471 hortatur.

161 4510 220 4563 tior
233 4508 323 4572 ilem,
336 4516 363 4563 et
375 4507 526 4579 intelligens
538 4508 590 4564 rite
602 4524 666 4563 suus
678 4510 830 4580 gnrlsernare
843 4510 961 4563 disceret
1049 4508 1080 4564 Si
1099 4509 1232 4563 diseunt:
1249 4506 1316 4562 Veni
1335 4506 1486 4573 nobiseum,
1504 4507 1660 4564 insidiemur
1673 4514 1795 4583 sonpniui

159 4612 256 4655 aetus.
284 4597 383 4654 [licite
397 4600 535 4654 corurario
549 4600 701 4666 destultis,
719 4601 781 4670 quia
799 4600 959 4670 sapientiam
1013 4602 1106 4659 Potest
1121 4603 1165 4657 bic
1180 4602 1255 4657 locus
1270 4600 1432 4673 generaliter
1445 4599 1479 4656 de
1493 4598 1656 4668 latronibus,
1669 4602 1715 4674 qui
1730 4604 1808 4661 inno-

161 4690 234 4744 reeti
246 4688 380 4759 dogmatis
389 4689 594 4761 etdisciplinam
604 4690 897 4761 puraeconrersatiouis
907 4706 960 4746 non
1013 4694 1136 4749 centibus
1146 4692 1259 4747 insidias
1272 4703 1300 4747 et
1311 4700 1413 4746 utortes
1425 4700 1454 4747 et
1463 4692 1561 4749 damna
1572 4691 1706 4759 inleruut;
1719 4705 1810 4769 potest

160 4783 249 4836 ιιιιιιΙο
272 4796 325 4834 non
349 4792 536 4851 assequantur,
559 4782 605 4838 sed
627 4792 655 4837 et
675 4797 754 4838 nosse
775 4791 959 4838 eoruemnaut.
1014 4783 1048 4838 de
1062 4782 1114 4838 illis
1130 4783 1284 4853 specialiter
1297 4783 1420 4854 intelligi,
1433 4783 1480 4854 qui
1494 4784 1582 4855 ipsum
1594 4785 1656 4840 vitre
1669 4795 1807 4843 erectorem

159 4874 291 4943 Darniqrre
302 4874 466 4942 predicante
479 4875 505 4929 in
518 4891 600 4931 cartre
613 4877 668 4945 ipsa
681 4876 812 4946 sapientia
827 4877 962 4947 sapientes
1014 4878 1075 4932 neci
1089 4876 1268 4932 tradiderunt.

160 4967 271 5036 quique
296 4965 445 5036 gaudentes
480 4968 682 5032 accttrrebant;
721 4977 749 5022 at
782 4968 909 5023 Pirarismi
936 4979 963 5024 et
1051 4968 1248 5026 dissuademus
1269 4969 1415 5025 tendiculas
1435 4982 1527 5025 contro
1547 4972 1676 5026 insontem
1697 4969 1806 5041 [austae.

160 5055 311 5125 Principes
340 5053 520 5110 Sacerdotium
545 5057 673 5111 salutaria
702 5057 759 5125 cjuts
787 5057 858 5113 dieta
883 5060 963 5114 siuaul

160 5158 193 5202 et
222 5147 295 5203 lacta
319 5147 493 5218 spernebant.
530 5148 564 5203 m
586 5150 734 5205 ruomndum
758 5152 829 5221 quod
853 5153 962 5221 sapien*

161 5249 225 5295 tem
251 5238 383 5308 singulari
408 5254 540 5303 nurnero,
574 5239 670 5295 stultos
694 5239 823 5296 describit
846 5240 962 5311 plurali,

162 5327 235 5397 spoia
249 5336 277 5382 et
290 5327 382 5398 piures
395 5337 459 5383 sum
472 5328 637 5399 sapientibus
651 5328 740 5395 stulti,
760 5339 787 5384 et
801 5332 963 5403 sapientium

161 5425 260 5473 coetus
274 5419 364 5473 omnis
379 5418 541 5474 unimrmem
559 5429 632 5475 tenet
648 5420 744 5476 callem
760 5422 878 5491 pietatis.
899 5423 965 5479 Por·

163 5524 200 5563 ro
224 5508 375 5563 errantium
394 5510 525 5565 dissimile
545 5512 652 5584 dogma,
673 5511 813 5568 dissimilis
834 5522 875 5569 est
898 5516 963 5570 ordo

163 5596 287 5653 nisenii.

210 5687 291 5751 eladi,
306 5685 348 5754 pli
361 5687 407 5754 mi,
421 5689 586 5759 disciplinatu
600 5696 683 5764 patris
697 5694 750 5763 tui,
766 5705 789 5750 et
805 5711 837 5750 ne
850 5694 965 5751 dlauittos

385 5782 522 5846 Ριτιιιιι.
542 5785 620 5849 cxl.

1017 5060 1074 5116 lloc
1086 5060 1175 5117 iecere
1188 5077 1249 5117 cum
1262 5061 1387 5117 dicebant
1398 5079 1404 5114 ι
1417 5060 1488 5115 licet
1499 5062 1563 5115 doro
1574 5059 1700 5115 tributam
1710 5057 1808 5115 Cosani

1016 5167 1051 5204 on
1066 5167 1117 5206 non
1129 5151 1142 5204 l
1155 5148 1251 5222 (llere
1268 5148 1330 5222 ru)
1349 5159 1377 5205 et
1393 5149 1534 5205 immunera
1550 5147 1715 5218 hujusmodl.
1740 5149 1811 5206 Vere

1017 5240 1118 5296 etenim
1132 5249 1193 5294 erat
1206 5240 1311 5304 insons,
1326 5237 1371 5309 qui
1385 5252 1520 5309 peecatum
1540 5254 1592 5292 non
1610 5238 1687 5309 [ecit.
1709 5254 1755 5293 ores
1769 5239 1810 5294 iu-

1018 5342 1106 5386 uentus
1120 5340 1156 5383 est
1170 5329 1246 5383 dolus
1260 5329 1288 5382 in
1303 5346 1347 5383 ore
1361 5328 1418 5398 ejus
1433 5328 1458 5401 (l
1473 5328 1547 5383 Peto.
1563 5328 1604 5399 u).
1625 5329 1695 5387 Vere
1710 5329 1808 5389 trustra

1018 5418 1057 5474 illi
1073 5418 1218 5475 tendebant
1231 5418 1352 5483 insidias,
1365 5432 1380 5471 a
1394 5433 1449 5488 quo
1461 5418 1489 5472 in
1502 5414 1576 5474 nullu
1588 5416 1654 5487 last,
1668 5418 1723 5475 imo
1733 5418 1810 5490 cujus

1019 5515 1135 5586 plurima
1149 5522 1228 5569 erant
1241 5512 1371 5567 becelicia
1385 5512 1500 5581 experti.

1055 5606 1237 5679 Dentatiomus
1251 5622 1309 5661 eum
1324 5606 1391 5661 sient
1406 5606 1525 5676 infernus
1539 5609 1681 5677 uiuentem,
1699 5617 1724 5663 et
1741 5601 1809 5664 intc-

1019 5716 1095 5770 prnm
1113 5698 1188 5771 quasi
1209 5698 1404 5755 descendentem
1426 5700 1456 5756 its
1479 5699 1575 5756 iocum.
1604 5700 1644 5756 lta
1666 5699 1809 5759 ὓιιιιιίιιιιιιι

1572 5794 1613 5854 22
