4042 6200
239 292 290 347 illi
554 286 586 344 B.
606 285 734 344 ututur
753 285 863 344 uultui
880 284 1040 342 tucatur.
1060 282 1215 345 llOGUN‘l'.
1236 284 1379 345 ouuutltt
1398 279 1489 343 PARS
1502 285 1552 342 tlt.
1596 319 1603 333 ·
1822 293 1874 354 m

229 409 337 472 'rislum
355 406 450 463 aeon
464 424 470 458 z
484 405 594 461 lustitia
618 403 726 460 inclutas
743 419 823 488 sum,
844 413 869 459 et
885 404 972 459 aestiua·
988 419 1028 459 me
1042 407 1069 468 Α
1081 403 1171 460 authu
1188 402 1328 467 deaurato,
1343 402 1542 459 cucunmuricta
1551 402 1678 458 ranetam
1687 400 1774 477 (Psoi.
1789 409 1875 483 xtra).

237 499 305 553 sieut
318 496 466 553 uestimento
476 506 500 550 et
511 495 662 549 diademate
670 494 775 565 juitiicio
785 510 841 549 meo
853 492 925 566 (lob.
942 492 1030 566 xxix).
1080 525 1116 535 -
1128 494 1228 565 llpssua
1240 508 1348 565 quoque
1361 502 1385 549 et
1397 509 1517 565 purpura
1529 492 1709 550 iudunuutuur
1721 496 1789 568 ejus.
1805 498 1875 574 Bys-

236 592 350 664 hperuit
365 598 457 646 autem
470 589 591 646 Ecclesia
606 604 716 644 ruauum
730 586 814 659 inopi,
827 602 888 643 crim
902 586 1031 644 misteria
1081 600 1128 641 sus
1153 586 1179 641 in
1205 586 1331 643 castitate
1350 600 1425 657 puras
1447 586 1683 655 conversationis,
1707 603 1830 661 purpura
1847 593 1876 651 lu

131 681 137 694 ⁸
237 685 299 742 utet
313 679 501 755 ignorantibus
519 695 567 751 per
586 680 728 750 operarios
740 677 864 734 ueritatis
885 675 1029 741 revelarit;
1080 673 1211 733 elinsioue
1225 675 1336 748 pretiosi
1352 675 1502 746 sauguinis.
1518 675 1618 747 byssus
1633 691 1750 748 iramque
1764 680 1876 738 maudiut

236 779 340 851 pahuas
352 775 477 834 extendit
497 774 533 830 ad
551 788 720 846 pauperem,
738 787 800 827 urm
820 769 900 841 longe
921 768 1031 839 lateque
1080 768 1179 828 eoloris
1194 776 1252 836 est,
1275 783 1427 840 purpureus
1440 778 1530 824 autem
1549 769 1625 826 culm
1643 779 1672 826 et
1694 769 1729 826 ile
1742 772 1878 843 anguine

236 871 428 944 predicatores
450 870 484 926 ad
504 869 664 926 imbuendas
676 876 785 922 aeterne
806 864 901 920 salutis
924 863 1030 935 indigas
1079 859 1225 915 animantis
1246 859 1319 929 quoii
1334 875 1454 931 purpura
1469 867 1591 926 uocatur,
1606 857 1737 928 efficitur,
1764 872 1795 919 et
1815 865 1877 937 ipss

236 963 360 1019 „aiones
373 961 509 1032 dispergit,
1079 947 1218 1018 sanguinis
1231 946 1312 1003 babet
1322 948 1451 1018 speciem.
1467 943 1545 1004 Unde
1555 948 1669 1021 pulchre
1680 951 1784 1007 dictum
1796 961 1840 1009 est
1857 968 1876 1010 a

274 1052 335 1111 Nou
352 1054 450 1110 timebit
474 1051 565 1106 domui
578 1066 633 1105 sum
653 1067 669 1103 u
688 1048 829 1119 [rigoribus
845 1045 925 1110 niuis,
939 1060 1029 1100 omnes
1078 1037 1204 1095 Patribus
1223 1039 1286 1110 quia
1308 1046 1402 1095 saneta
1424 1037 1565 1105 Ecclesia,
1589 1039 1738 1098 electorum
1761 1040 1875 1101 lloribus

234 1148 306 1204 euim
317 1144 453 1204 donatiui
473 1141 530 1214 eiua
553 1140 639 1197 uestiti
651 1138 810 1210 duplicibus.
827 1136 938 1208 Frigora
958 1135 1028 1191 niuis
1078 1145 1204 1196 vernans,
1220 1128 1493 1201 inpacebabetlilia,
1507 1130 1534 1186 in
1547 1130 1796 1190 behemensium
1810 1136 1875 1206 quia

234 1235 317 1296 gorda
331 1241 394 1292 sunt
408 1233 597 1304 reprobomm,
610 1227 729 1302 perhliae
743 1243 799 1285 sua
809 1235 918 1299 torpore
938 1225 1029 1297 rigeo·
1078 1218 1174 1292 byssus
1184 1221 1217 1275 de
1231 1230 1304 1276 terra
1318 1219 1407 1277 virens
1418 1221 1518 1287 oritur,
1532 1222 1583 1278 sed
1603 1238 1652 1293 per
1660 1225 1876 1285 exercitationes

235 1328 288 1393 tia;
303 1325 337 1381 ile
352 1324 451 1395 quihus
464 1323 503 1379 ait
516 1322 645 1377 Dominus
661 1338 668 1374 :
685 1319 720 1374 Et
738 1319 863 1390 pusulam
883 1317 1027 1372 abundauit
1077 1309 1209 1383 longaset
1221 1311 1614 1370 multifariasamissobumore
1627 1315 1760 1374 ucrimre
1769 1317 1875 1384 nauso,

234 1410 1025 1489 iniguitas,reimpescetclmritasutultorum(Mattio.nuru).
1077 1402 1112 1459 ud
1136 1405 1261 1462 &aarum
1290 1403 1413 1463 candidae
1435 1405 1519 1462 restis
1544 1407 1717 1478 perducitur,
1751 1424 1874 1481 purpura

234 1508 303 1577 Quia
312 1506 357 1562 ille
367 1507 460 1577 utique
468 1502 580 1577 niue[F.
589 1503 653 1558 adu.
662 1500 830 1574 designatur]
837 1501 1025 1574 pessimusqui
1077 1504 1168 1553 autem
1182 1495 1280 1569 regalis
1292 1507 1335 1553 est
1354 1497 1473 1554 babitus.
1495 1496 1580 1571 Bysso
1595 1498 1717 1556 induitur
1731 1499 1872 1569 Ehclesia,

232 1597 377 1668 obpruua
399 1595 533 1666 superbie
552 1594 681 1650 meritum
695 1593 729 1649 de
748 1592 817 1652 eoelu
839 1608 969 1649 corruens
997 1594 1025 1650 in
1076 1602 1138 1643 cum
1153 1586 1286 1659 castigant
1306 1602 1418 1659 corpora
1435 1603 1483 1644 sua
1498 1588 1577 1646 electi
1593 1598 1621 1646 et
1640 1591 1765 1648 seruituti
1788 1593 1873 1666 subji-

231 1689 364 1761 prolumla
379 1687 562 1752 tenebrarum,
574 1685 750 1742 nihilominus
763 1699 795 1742 se
809 1683 883 1757 velut
899 1684 1025 1757 angelum
1076 1680 1168 1748 citrum
1191 1695 1310 1751 purpura
1334 1690 1514 1746 autemeam
1535 1681 1661 1738 eamdem
1674 1682 1871 1740 eontinentiam
1974 1684 1977 1688 ’

232 1781 302 1838 lucis
311 1780 400 1838 adbuc
411 1779 502 1838 stultis
520 1786 658 1836 ostentare
678 1778 833 1848 praesumit,
849 1776 1026 1847 habitumque
1038 1754 1062 1816 Β
1076 1787 1129 1826 nun
1143 1771 1178 1826 ob
1188 1767 1398 1842 lavoremrnlgi,
1409 1772 1455 1828 soil
1467 1787 1516 1843 pro
1526 1773 1691 1845 acquirenda
1701 1771 1871 1842 mahtedum

230 1872 391 1930 nucritorum
409 1884 520 1926 suorum
532 1868 642 1925 candori
663 1868 742 1923 uiueo
755 1866 872 1922 similem
887 1865 1024 1922 lrautlium
1075 1859 1150 1936 regni
1161 1861 1290 1933 perennis
1301 1868 1440 1917 exercent.
1453 1860 1509 1918 seu
1520 1862 1565 1919 bic
1577 1863 1706 1922 virtutum
1718 1865 1829 1923 babitus
1842 1867 1870 1923 iu

229 1978 342 2022 suarum
356 1962 456 2019 nesciis
468 1960 586 2032 praelert,
601 1960 673 2031 quod
687 1959 796 2030 quidem
813 1958 920 2015 baurim
936 1965 964 2013 et
975 1973 1024 2013 ao·
1072 1955 1198 2025 praesenti
1209 1953 1318 2025 quidem
1331 1954 1517 2014 nescientibus
1530 1956 1637 2013 ridetur
1646 1959 1870 2031 patermuthius,

230 2055 351 2128 gelorum
361 2055 421 2127 ejus
427 2061 470 2110 est
479 2053 619 2124 proprium
631 2052 659 2108 io
672 2051 766 2108 habitu
777 2051 856 2107 niueo
868 2050 1021 2107 claritatem
1071 2048 1120 2103 soil
1136 2047 1164 2102 in
1186 2046 1277 2102 luturo
1289 2046 1379 2118 qualis
1392 2045 1477 2103 luerit
1490 2047 1635 2108 manifesto
1655 2049 1770 2120 patebit.
1791 2049 1871 2107 liudo

229 2144 442 2217 suadesigrrare
460 2143 577 2199 uirtutis.
591 2142 651 2199 Non
670 2142 775 2198 timebit
794 2151 885 2198 alitem
898 2141 1019 2198 Ecclesia
1071 2140 1184 2211 pulchre
1209 2140 1237 2196 iu
1255 2139 1416 2213 Apocalypsi
1439 2156 1487 2198 sua
1513 2139 1633 2198 loannes
1655 2151 1815 2199 mactamur
1837 2157 1870 2199 so

228 2233 1022 2305 douraisuacalrigoribusmemorataniuis,qrriaDorium
1071 2245 1165 2286 roman
1188 2230 1297 2287 audisse
1324 2229 1426 2297 refert,
1446 2231 1595 2289 absentium
1621 2251 1628 2288 ι
1653 2231 1824 2290 Gaudeamus
1843 2244 1869 2291 et

227 2326 374 2398 pollicente
387 2326 475 2383 credit
488 2326 560 2402 quoti
573 2334 659 2396 portae
670 2324 750 2380 inseri
768 2340 822 2380 non
837 2325 1022 2396 prevalebunt
1071 2321 1241 2386 eurultuuus,
1264 2322 1327 2394 quio
1350 2333 1473 2378 aelurum
1487 2324 1585 2395 uuptiur
1597 2324 1675 2396 agai,
1690 2333 1715 2380 et
1729 2325 1869 2393 moreius

227 2417 360 2474 adversus
386 2431 457 2474 eant.
490 2414 586 2472 Omnes
606 2417 676 2473 euim
698 2415 834 2471 domestici
857 2415 915 2486 ejus
934 2416 1020 2470 uestiti
1069 2413 1869 2487 prupumuitsemtautumesteiutcooperiatulpsainuri

225 2506 383 2580 duplicibus,
404 2513 433 2561 et
444 2505 575 2576 sapientia
592 2505 719 2560 videlicet
733 2506 767 2559 ad
781 2503 948 2576 repellendas
962 2505 1019 2561 hm·
1068 2502 1217 2573 splendeas,
1232 2503 1385 2560 comitam.
1397 2503 1539 2575 lipsanum
1554 2506 1642 2572 emm,
1661 2506 1867 2578 juutprauoua

226 2597 326 2654 reticos
343 2595 473 2653 falsorum
498 2595 613 2651 iratrunr
627 2595 781 2662 doctrinas,
793 2605 821 2651 et
841 2596 970 2666 patientia
984 2596 1020 2653 ad
1068 2604 1130 2649 sunt
1142 2604 1294 2650 maclarum
1312 2593 1404 2667 (Apus.
1420 2597 1490 2667 xrs).

226 2688 381 2746 tolerandas
407 2696 564 2760 apertorum
594 2686 713 2743 bostium
737 2702 857 2759 pugnam
880 2687 924 2741 rel
944 2696 1020 2744 certe
1106 2685 1210 2742 Nobilis
1228 2686 1256 2742 iu
1277 2689 1360 2759 portis
1373 2688 1413 2743 air
1431 2687 1506 2759 ejus,
1520 2688 1627 2761 quaudo
1639 2689 1734 2746 uuus
1748 2707 1809 2746 cum
1825 2708 1864 2748 se

224 2779 316 2838 vestiti
332 2788 395 2837 sunt
417 2778 585 2851 duplicibus,
601 2778 665 2850 quia
686 2778 894 2849 promissionem
918 2778 1020 2835 babent
1069 2781 1186 2837 ababuc
1205 2790 1291 2838 terrie.
1306 2782 1467 2842 virsanctae
1481 2784 1620 2853 Ecclesia,
1634 2786 1676 2842 uir
1688 2784 1822 2857 majusque
1833 2787 1867 2843 ll·

225 2873 289 2930 uita
305 2888 366 2944 quae
378 2886 450 2928 punc
463 2879 520 2938 est,
535 2879 561 2926 et
576 2869 674 2927 suturae
700 2889 707 2926 :
730 2884 803 2926 nunc
816 2869 843 2925 in
863 2871 1019 2942 peregrina·
1068 2871 1137 2930 ilelis
1148 2872 1263 2939 animm,
1282 2874 1413 2931 marium
1426 2882 1484 2942 est,
1508 2876 1556 2946 qui
1569 2877 1712 2934 ridebatur
1727 2877 1862 2950 ignobilis,

226 2961 300 3018 tione
326 2960 489 3032 temporali,
503 2958 595 3015 divino
609 2957 756 3016 auxilioue
769 2958 897 3015 deliciunt
911 2959 995 3030 adium
1009 2980 1017 3016 r
1067 2978 1130 3019 cum
1144 2972 1208 3019 aute
1221 2962 1339 3019 tribunal
1362 2964 1486 3035 presius
1509 2973 1596 3022 staret
1605 2966 1780 3038 judicandus,
1799 2982 1863 3024 wia

223 3060 289 3109 tunc
309 3050 338 3107 in
363 3049 459 3122 patria
475 3050 595 3122 perpetis
619 3048 786 3106 habitatione
810 3049 908 3106 divium
929 3053 1017 3124 gratia
1067 3055 1177 3127 probra,
1190 3054 1306 3129 hageha,
1320 3066 1400 3127 sputa
1412 3065 1440 3113 et
1450 3055 1537 3129 ipsam
1549 3058 1639 3116 auus
1652 3065 1770 3115 murmur
1779 3059 1865 3117 susci·

221 3145 335 3203 visionis
352 3153 382 3200 ut
402 3143 494 3202 lelices
508 3159 616 3214 semper
626 3145 718 3201 vivant
739 3144 857 3201 alleuati.
879 3146 946 3202 item
968 3146 1016 3201 do·
1029 3124 1053 3187 C
1068 3155 1158 3217 peret;
1170 3150 1218 3204 seul
1231 3148 1330 3204 nobilis
1343 3149 1485 3220 apparebit
1498 3164 1561 3205 eum
1574 3149 1678 3207 renent
1689 3150 1864 3223 iutlieutmus

222 3234 329 3293 mestici
343 3235 402 3309 ejus
427 3235 515 3291 induti
529 3246 605 3291 ueste
622 3244 686 3291 saint
699 3236 819 3307 duplici,
840 3252 893 3291 uua
912 3236 1015 3307 operis,
1067 3239 1161 3295 orbem
1182 3239 1209 3294 in
1233 3239 1360 3310 aquitae
1381 3248 1409 3295 et
1431 3254 1527 3297 munes
1547 3242 1637 3315 angeli
1649 3258 1713 3300 cum
1727 3258 1777 3309 oo;
1797 3254 1863 3301 tuuc

222 3327 308 3383 altera
321 3327 429 3391 tuentis,
445 3326 507 3383 silei
523 3328 654 3385 babeutes
665 3327 854 3400 laetorumque
869 3329 1014 3395 velantium,
1067 3329 1288 3402 sodaliumque,
1310 3331 1339 3385 iu
1358 3331 1577 3403 redemissetis
1591 3349 1659 3402 aaa,
1677 3343 1703 3389 et
1713 3350 1861 3407 eougrepu·

220 3429 249 3474 ot
260 3419 452 3485 sacrementis,
466 3418 592 3475 uidelicet
607 3420 648 3475 sui
662 3419 882 3493 heleinptiouis,
906 3421 1014 3488 imbuti,
1066 3421 1164 3476 luatur
1176 3432 1237 3477 uuio
1257 3437 1318 3477 eum
1337 3430 1437 3492 guastus,
1456 3430 1481 3477 et
1491 3422 1623 3493 separabit
1638 3422 1672 3478 ab
1691 3423 1819 3488 induem,
1832 3432 1861 3480 et

221 3520 250 3566 ct
272 3509 410 3567 mtormau
431 3514 581 3585 exemplis;
597 3513 637 3570 sic
651 3513 724 3567 enim
746 3510 776 3566 lit
790 3511 855 3568 illud
868 3512 990 3583 Apostoli
1006 3531 1013 3568 ε
1067 3509 1179 3581 reliqua.
1196 3509 1311 3577 Nobilis,
1326 3510 1424 3583 iuquit,
1437 3510 1466 3566 lu
1476 3519 1552 3582 portu
1563 3511 1689 3582 uirejm
1708 3511 1773 3583 quoia
1784 3522 1862 3570 rete-

222 3602 379 3675 Quicunque
389 3602 417 3657 iu
428 3602 532 3660 Christo
545 3604 669 3676 trpuaau
681 3604 753 3671 estis,
764 3603 896 3659 Cluuiarum
909 3604 1013 3660 ludais-
1066 3616 1111 3657 res
1122 3601 1150 3658 in
1165 3601 1252 3674 portis
1267 3602 1364 3659 sedere
1378 3601 1600 3676 adjudicantium
1612 3603 1748 3672 solebant,
1763 3613 1795 3659 ut
1815 3619 1860 3661 re·

220 3695 255 3748 tis
268 3690 339 3765 (Gal.
355 3694 409 3766 ιιι).
422 3693 541 3753 Possunt
554 3706 645 3752 aumm
657 3679 842 3768 lrigora'niuis
859 3695 941 3750 etiam
956 3704 1013 3750 tor-
1066 3695 1170 3750 trientes
1183 3694 1218 3750 ad
1237 3694 1377 3751 οἱιίιιιιοιιι
1393 3694 1503 3752 aliunilu
1525 3702 1649 3767 peratum
1667 3696 1798 3754 ιιοιιιιιιιο
1816 3712 1860 3755 re·

221 3797 314 3845 meula
334 3795 437 3847 eterna
454 3788 577 3861 intelligi,
598 3806 659 3861 quae
676 3790 730 3861 igni
753 3797 781 3845 et
802 3787 904 3859 frigore
930 3790 1015 3843 mixta
1065 3801 1194 3856 sponsum
1208 3784 1357 3856 judicantis
1382 3787 1552 3858 acciperent,
1565 3796 1595 3843 et
1613 3803 1665 3844 uec
1684 3788 1858 3847 rusaemvel

219 3892 280 3933 esse
303 3877 429 3950 legimus,
452 3894 514 3936 cunt
528 3881 649 3937 dicitur:
666 3878 716 3934 illi
729 3880 777 3935 erit
789 3880 900 3949 peruret
915 3878 1015 3937 urium
1064 3889 1188 3950 pastores
1202 3879 1308 3935 insolita
1332 3879 1407 3936 uirbis
1426 3879 1541 3936 autumo
1563 3880 1779 3953 urrpeluoomnt,
1807 3899 1858 3941 uec

219 3968 337 4027 dentium
358 3968 466 4042 (Mutila.
482 3970 553 4042 urar),
576 3970 668 4027 lictum
688 3971 789 4043 quippe
802 3971 887 4027 oculis
901 3971 971 4040 ignis
986 3979 1014 4027 et
1065 3986 1173 4027 rursum
1194 3986 1289 4045 paoem
1311 3971 1387 4027 urhis
1407 3970 1583 4028 intrimecanr
1605 3971 1734 4042 inanem
1748 3973 1857 4042 litigen-

220 4059 321 4126 lumus,
338 4060 483 4118 stridorem
503 4077 569 4120 uero
579 4061 780 4120 dentibussolet
790 4062 874 4134 frigus
883 4062 1010 4134 gignere;
1064 4064 1132 4119 tium
1142 4062 1327 4119 controuersia
1339 4060 1464 4119 leuant
1477 4061 1580 4119 Nobilis
1587 4065 1714 4136 arguerit
1725 4064 1856 4121 buniam

217 4151 290 4211 trude
303 4161 332 4211 et
345 4154 442 4211 beatus
460 4152 526 4219 lob,
548 4152 581 4211 de
600 4155 689 4227 pceuis
710 4154 887 4225 reproborum
900 4153 1014 4225 loquens
1064 4155 1090 4209 in
1105 4153 1193 4225 portis
1205 4168 1262 4209 sum
1274 4152 1404 4217 ciuitatis,
1416 4152 1480 4222 quia
1492 4152 1539 4222 qui
1552 4152 1636 4209 etiam
1650 4163 1855 4211 amomacum

217 4245 338 4312 aeteruis,
349 4245 384 4301 aii
398 4245 523 4313 calorem,
537 4246 644 4318 inqrrit,
665 4247 775 4301 niarium
792 4246 956 4312 transibunt,
978 4246 1012 4301 ab
1063 4245 1167 4301 neudus
1187 4252 1327 4319 putatorra
1349 4243 1460 4309 multis,
1474 4243 1520 4301 ttlri
1532 4243 1625 4301 sucat
1642 4244 1706 4301 inis
1724 4245 1854 4309 alluoth,

217 4334 293 4406 aguis
307 4333 406 4388 nivium
419 4334 491 4408 (lob.
505 4338 591 4407 xxiv).
608 4335 661 4391 Seu
677 4337 711 4393 ab
730 4336 774 4392 his
786 4337 906 4393 Ecclesia
919 4337 1011 4393 domui
1062 4335 1108 4392 ubi
1125 4336 1277 4408 ingressum
1292 4335 1386 4406 patria
1397 4335 1517 4393 celestis
1527 4334 1786 4407 apmueritelectis,
1796 4335 1853 4407 jur

216 4441 274 4482 sua
285 4425 466 4493 nontimebit,
479 4427 542 4498 qaria
552 4428 707 4500 quicunque
718 4436 842 4498 pereunt,
855 4428 1010 4485 adclamans
1062 4427 1168 4484 cunctis
1181 4427 1285 4501 patebit
1294 4424 1427 4482 sublimis.
1439 4424 1551 4483 Sedebit
1564 4433 1655 4483 autom
1671 4440 1733 4483 utra
1743 4435 1852 4484 mlo

217 4515 290 4573 illius
300 4530 354 4573 non
364 4517 547 4589 pertinebant,
559 4534 610 4574 nec
622 4528 698 4575 veste
709 4519 795 4591 ipsius
804 4519 919 4590 spiritali
929 4529 1011 4576 erunt
1027 4483 1139 4575 Dribus
1154 4525 1251 4584 terrm,
1270 4517 1327 4573 illis
1343 4516 1467 4574 uidelicet
1479 4515 1577 4587 quitus
1591 4515 1650 4587 ipio
1660 4515 1797 4589 promittit
1811 4516 1854 4573 tli-

216 4605 315 4673 iuduti,
330 4608 437 4664 amasi
452 4610 590 4679 mysteriis
607 4608 666 4680 ejus
680 4610 714 4666 ad
730 4619 835 4682 tempus
848 4610 1011 4668 ridebantur
1063 4622 1150 4665 oens:
1168 4607 1251 4663 Amen
1262 4607 1321 4663 dieo
1333 4605 1403 4663 uobis
1421 4609 1492 4678 guod
1506 4623 1551 4663 uua
1564 4606 1609 4679 gui
1627 4606 1712 4663 uasti
1729 4607 1793 4663 estis
1811 4623 1854 4663 ste

217 4697 343 4755 iustituti.
357 4697 477 4769 maique
487 4696 602 4769 legimus
615 4701 643 4757 in
660 4700 827 4773 Euangelus,
845 4702 961 4773 ejectum
976 4703 1010 4759 do
1062 4702 1091 4757 iu
1106 4701 1315 4773 regeneratione,
1329 4714 1389 4754 eum
1409 4699 1506 4756 micuit
1524 4696 1599 4770 ,itm
1612 4695 1725 4757 auru·
1745 4700 1776 4757 in
1792 4699 1853 4755 uode

215 4788 298 4845 ᾱοιιιο
310 4786 427 4845 oonvtui
448 4788 520 4844 illius
538 4791 677 4847 hominem
691 4791 738 4861 qui
758 4792 880 4848 vestibus
896 4806 1007 4862 operum
1063 4790 1211 4861 uuujestutis
1220 4805 1288 4857 suo,
1301 4788 1423 4845 “amitii
1432 4797 1460 4845 et
1471 4805 1515 4845 uos
1528 4804 1608 4859 super
1617 4789 1691 4847 uuus
1701 4788 1851 4854 damian,

216 4878 363 4937 immundis
375 4877 446 4935 banc
459 4878 562 4934 intrare
573 4889 792 4950 presumpserat,
807 4881 870 4937 etin
884 4882 1009 4939 tenebras
1057 4881 1209 4955 judicantes
1221 4880 1360 4936 maleam
1371 4878 1456 4935 trium
1465 4877 1552 4935 lsrael
1562 4876 1670 4954 (llutth.
1682 4877 1749 4952 ιιι).

215 4971 379 5037 exteriores,
394 4969 440 5027 ubi
460 4979 533 5027 esset
545 4967 623 5027 fletus
635 4979 663 5026 et
679 4970 780 5026 stridor
793 4970 933 5037 dentium,
948 4986 1008 5028 esse
1096 4971 1239 5029 Siudoueut
1259 4969 1332 5042 seuit,
1345 4980 1370 5026 et
1384 4970 1515 5039 audiuit,
1534 4979 1559 5025 et
1581 4970 1715 5043 simpulum
1741 4971 1851 5027 unslet

131 5124 134 5131 ¹
206 5047 381 5132 ‘projeolumz
393 5058 493 5116 merito
503 5059 631 5132 utiqueiu
641 5058 743 5132 lrigora
753 5074 841 5132 poeuae
853 5061 1007 5133 religatum,
1059 5065 1222 5123 chunanus.
1234 5062 1263 5120 ln
1277 5062 1362 5120 linteo
1376 5062 1619 5121 sindonissubliliu
1635 5062 1741 5121 musto
1758 5065 1851 5137 sign-

215 5151 279 5223 guia
293 5151 480 5209 indumentum
492 5153 603 5224 pictatis
618 5153 718 5209 babere
732 5154 899 5227 neglexerat.
1060 5165 1105 5215 tur
1115 5164 1218 5213 sancte
1232 5155 1445 5227 praedicationis,
1463 5156 1492 5213 lu
1506 5171 1562 5229 qua
1575 5154 1695 5215 molliter
1707 5156 1827 5229 adasai
1841 5195 1850 5221 ,

252 5241 436 5316 §tumulatum
456 5256 550 5301 mum
564 5247 626 5318 (ecit
637 5248 688 5302 sili
702 5261 712 5300 :
726 5247 818 5318 ipsius
840 5257 865 5305 et
890 5266 1008 5324 purpura
1059 5251 1124 5322 quia
1136 5263 1214 5307 meus
1230 5248 1259 5306 in
1272 5248 1318 5306 illa
1332 5247 1454 5306 lldehum
1466 5248 1690 5321 spemmpiterna
1703 5246 1849 5315 raiorettr,

215 5334 395 5391 indumentum
420 5337 489 5408 ejus.
506 5338 661 5411 stragulata
685 5340 787 5404 vestis,
811 5356 872 5414 qua
885 5343 1008 5399 uariante
1059 5342 1132 5399 uude
1146 5350 1174 5397 et
1190 5339 1272 5413 Petra
1294 5339 1423 5401 animata
1444 5340 1474 5396 in
1497 5339 1581 5397 linmo
1603 5340 1850 5405 tummim

216 5432 325 5481 textura
350 5426 420 5483 solet
444 5426 602 5486 firmissima
625 5430 745 5499 conici,
772 5429 854 5488 lortia
880 5432 1009 5491 Ecclesia
1058 5433 1123 5504 (guia
1146 5440 1323 5504 peccatorum
1338 5433 1447 5501 anime,
1461 5432 1851 5505 miserieorilitoraggrugatn,

214 5522 297 5585 opera
309 5524 338 5573 et
350 5517 455 5574 diuersa
465 5519 594 5577 uirtutum
609 5522 669 5593 ejus
682 5533 843 5581 ornamenta
856 5524 1008 5597 siguificat,
1060 5524 1088 5580 in
1100 5523 1200 5583 blenda
1215 5523 1278 5581 utet
1294 5524 1386 5595 quieto
1398 5524 1585 5582 miraremur.
1600 5522 1666 5581 tiso
1679 5537 1746 5595 ergo
1756 5523 1851 5579 dade-

216 5603 250 5657 de
264 5605 363 5674 qulbus
386 5606 521 5679 Propheta
538 5610 566 5666 iu
589 5613 686 5669 suirrmi
712 5614 799 5686 regis,
820 5615 871 5669 uiui
885 5615 1009 5673 uidelicet
1060 5632 1122 5675 utun
1135 5616 1214 5683 lecit,
1238 5624 1267 5673 st
1278 5616 1416 5683 vendidit,
1430 5618 1497 5687 qula
1510 5616 1602 5683 libus,
1616 5630 1700 5688 quam
1714 5613 1851 5671 anomia

217 5694 304 5760 illius,
328 5695 639 5759 laudececinit2Astitit
654 5707 742 5777 rupino
764 5726 780 5761 a
799 5707 898 5764 deutris
914 5708 1007 5764 tuisiu
1060 5715 1194 5773 texuerat,
1220 5706 1355 5778 loquendo
1372 5707 1456 5775 acuti,
1480 5715 1510 5766 ei
1534 5706 1570 5764 ab
1596 5706 1751 5765 inutuiam
1767 5706 1849 5763 vitam
