4042 6200
176 316 234 374 577
675 312 721 369 DE
740 311 913 372 bustense
931 312 1023 370 tium
1041 314 1124 374 xxii.
1142 349 1177 359 -
1195 318 1260 375 LlB.
1283 320 1351 378 xli.
1763 320 1821 384 378

175 445 237 488 cmu
255 427 326 486 horo
354 425 486 499 seriptum
512 434 564 484 est.
587 424 690 485 Arahhi
713 426 787 486 enlm
808 429 971 501 interpreta-
982 436 1009 497 Α
1022 431 1115 502 guitur
1129 431 1290 495 bammum,
1302 440 1331 487 et
1346 446 1426 503 poma
1435 432 1586 503 palmorum
1599 437 1715 507 antiqua
1736 440 1824 494 uher‘

176 532 230 589 mr,
248 520 410 592 scorpiones.
1027 522 1092 579 tatis
1113 522 1222 578 indicia.
1246 520 1355 577 Nullum
1380 532 1470 578 autem
1492 534 1610 589 moveat,
1628 525 1700 595 quod
1732 525 1826 597 segor

209 612 300 668 Acbar
321 608 456 667 Hebraiee
477 608 578 666 dieitur
590 608 785 675 emechachur.
799 609 873 679 quod
890 611 974 665 inter·
1024 609 1225 681 eademZoara
1236 610 1344 677 dieitur,
1359 625 1421 666 cum
1436 612 1506 665 idem
1522 626 1620 667 nomen
1638 613 1674 667 sit
1687 615 1816 683 parrulae,

176 710 299 773 pretatur
314 699 390 756 saitis
403 698 542 768 tumultur,
557 699 615 756 sive
637 699 784 766 turbarunt,
795 713 828 755 eo
843 699 916 769 quod
934 698 972 754 ibi
1023 700 1067 755 vel
1078 700 1206 757 minorisa
1220 702 1267 758 sed
1278 701 1364 773 segor
1376 702 1518 768 llehraice,
1531 702 1617 758 Zoara
1632 703 1701 777 Syre
1715 721 1821 762 nuncu·

176 793 356 848 tumultuatus
368 801 397 848 et
408 790 533 846 barbatus
555 790 592 846 sit
605 789 698 858 israel,
717 790 744 846 iu
767 805 819 861 qua
838 788 974 861 lapidare-
1023 801 1113 864 patnr.
1126 792 1189 849 Dela
1203 803 1294 850 numm
1314 795 1517 864 interpretatur,
1532 796 1668 866 absorpta.
1719 818 1723 827 =

177 890 239 938 runt
262 881 401 954 quondam
427 878 521 936 Aehan
535 878 758 951 propteriurtum
781 879 970 935 anathematis.
1060 882 1209 939 Damascus
1230 885 1296 940 urbs
1323 884 1421 941 nobibs
1440 885 1589 940 Phenicis:
1610 885 1705 942 eodem
1730 894 1826 942 autem

175 972 223 1027 Est
237 980 332 1028 autem
350 971 385 1028 ad
397 970 609 1042 septentrionem
628 970 774 1036 Berichus,
786 977 910 1040 etusqne
927 969 974 1025 bo
1024 974 1193 1031 vocabuloet
1217 975 1325 1032 blasecb
1340 975 1446 1031 ancille
1461 976 1598 1031 Abrabam
1613 975 1684 1032 iiius
1703 978 1825 1049 appella-

174 1062 218 1117 die
238 1060 403 1133 abreptionis
415 1057 599 1116 illiusaecolis
611 1060 651 1115 sic
662 1066 785 1115 roratur.
802 1056 870 1113 Nam
883 1057 975 1113 Ashur
1023 1069 1068 1119 tus
1086 1072 1138 1119 est.
1157 1064 1318 1121 Damascum
1331 1064 1418 1137 Syrie
1435 1066 1571 1122 conditam
1583 1076 1689 1124 constat
1702 1078 1730 1124 et
1744 1084 1817 1125 nun·
1853 1052 1864 1069 “

175 1151 373 1223 interpretatur
387 1149 501 1205 turbatio
518 1149 567 1204 vei
577 1147 715 1204 tumuitus.
1023 1162 1181 1225 eupamma
1205 1156 1338 1213 Damasco
1358 1155 1555 1227 dispensatoris
1574 1157 1654 1214 Abrte
1674 1158 1739 1215 lilio.
1767 1160 1822 1216 Da·

210 1242 336 1301 Aoearon
358 1242 386 1298 in
399 1240 477 1298 trihu
503 1242 568 1306 Dan,
585 1251 617 1296 ut
641 1255 692 1313 ego
711 1239 841 1307 arbitror,
865 1239 973 1296 sivein
1022 1260 1130 1301 marem
1147 1260 1255 1318 qrroque
1280 1247 1482 1318 interpretatur,
1506 1249 1643 1325 terquinis
1667 1248 1755 1320 potui,
1778 1252 1829 1309 rei

175 1334 247 1390 tribu
260 1331 331 1391 luda
348 1332 383 1388 ad
402 1333 508 1390 laevam
522 1332 736 1389 Chananaeorum
755 1332 876 1388 urbs‘est
904 1331 975 1387 anti·
999 1326 1002 1331 ⁴
1022 1336 1160 1406 snupuinir
1177 1334 1304 1391 osculum.

176 1441 240 1498 qua,
255 1439 318 1496 qnae
338 1423 410 1480 olim·
430 1431 553 1495 satrapes
578 1421 736 1479 Palestinae:
757 1430 785 1477 et
799 1421 908 1477 decreta
931 1428 974 1477 est
1058 1427 1117 1483 Dan
1134 1428 1350 1500 rieulnsqnarto
1363 1429 1533 1486 dei‘aneade
1552 1430 1679 1489 milliario
1692 1433 1821 1491 euntibus

175 1518 286 1589 quidem
310 1514 392 1572 tribui
413 1513 500 1584 lude,
526 1528 577 1571 nee
601 1522 691 1571 tamen
705 1520 784 1570 tenta<
802 1513 892 1578 abes,
910 1511 974 1582 quia
1023 1514 1136 1588 Tyrum,
1155 1518 1300 1589 quiesque
1321 1518 1402 1574 bodie
1420 1519 1461 1575 sic
1476 1528 1600 1587 vocatur,
1619 1523 1751 1579 terminus
1773 1522 1825 1580 lu-

175 1608 345 1664 imbitatores
358 1605 488 1676 pristinos
504 1605 626 1676 nequivit
651 1603 796 1673 expellere.
819 1601 873 1659 Sed
887 1608 915 1657 et
928 1617 975 1658 us·-
1023 1607 1088 1662 dnm
1102 1605 1252 1663 Provinciae
1261 1617 1356 1664 eontra
1370 1610 1599 1680 septentrionem:
1613 1612 1713 1684 dequo
1724 1611 1824 1670 etlor·

175 1712 228 1768 que
253 1697 336 1755 hodie
354 1697 466 1769 grandis
486 1696 562 1752 uicus
589 1693 689 1752 civium
712 1693 865 1749 tumorum
887 1693 974 1749 Ama·
1022 1693 1211 1753 danislinmen
1232 1711 1408 1768 erumpensa
1427 1699 1487 1756 loeo
1516 1703 1628 1758 sortitus
1645 1710 1687 1759 est
1710 1717 1820 1759 nomem

176 1806 224 1847 ron
245 1789 348 1848 dieitur
370 1792 442 1846 inter
466 1790 581 1846 Azotum
606 1797 634 1845 et
659 1787 794 1845 lumniam
815 1805 823 1844 ι
850 1789 972 1845 Aeearou
986 1800 1009 1860 Β
1022 1783 1178 1858 lorquippe
1194 1787 1314 1856 riebmn,
1339 1790 1409 1845 dest
1423 1788 1534 1847 Aurium
1548 1792 1703 1849 siverivum
1717 1793 1823 1850 liebraei

176 1880 259 1937 turris
288 1879 426 1938 Stratonis
453 1889 549 1952 postea
578 1878 703 1936 Bassareu
730 1886 894 1949 nuncupata.
920 1878 974 1934 Ae·
1026 1885 1134 1934 vocant.
1163 1880 1220 1935 Dan
1253 1881 1338 1949 enim,
1367 1883 1512 1954 indidem,
1549 1886 1743 1957 interpretatur
1780 1887 1822 1945 vel

176 1986 257 2028 eumn
269 1971 370 2045 qtdppe
383 1972 578 2044 interpretatur
597 1971 721 2039 eruditio,
732 1971 850 2038 tristitia,
864 1970 909 2028 vel
921 1981 975 2028 rte·
1020 1967 1157 2038 judicans.

148 2028 165 2173 -ἷ
177 2065 272 2123 mittar.
479 2112 490 2129 x
1061 2058 1186 2125 Bottiaia,
1205 2058 1251 2115 ubi
1267 2059 1370 2116 invenit
1389 2059 1490 2132 ioseph
1515 2062 1617 2120 iratres
1636 2080 1699 2122 suos
1723 2081 1822 2136 pecora

209 2156 313 2212 Azotos
339 2154 519 2226 usqnebodie
533 2153 899 2226 nonignoltilemunieipinm
920 2153 973 2210 Pa-
1023 2157 1178 2218 μεεειιιεε,
1192 2151 1238 2221 qui
1255 2159 1380 2220 eiusque
1398 2151 1517 2206 hodiein
1532 2152 1637 2209 decimo
1658 2168 1674 2208 a
1697 2154 1827 2210 sebastia

177 2247 290 2313 iustine.
303 2255 332 2304 ει
344 2260 399 2301 una
416 2253 457 2301 est
471 2246 504 2301 de
518 2245 637 2315 quinque
651 2244 806 2301 civitatibus
818 2244 972 2317 Aiiophylo-
990 2312 994 2319 ι
1024 2237 1155 2293 milliario
1173 2246 1266 2295 eontra
1280 2239 1415 2310 aquilonis
1435 2240 1543 2312 plagam
1567 2244 1729 2298 ostenditur.
1757 2243 1822 2299 Dot-

177 2356 252 2397 mm:
270 2340 382 2396 decreta
395 2338 504 2410 quidem
524 2337 605 2392 tribui
623 2336 708 2402 ludet,
723 2338 771 2393 sed
789 2353 843 2393 non
864 2346 971 2395 retenta
1024 2328 1097 2385 haim
1111 2345 1177 2402 ergo
1194 2330 1387 2402 interpretatur
1411 2331 1547 2403 pabutum,
1561 2332 1606 2388 vel
1628 2334 1711 2389 uiride
1733 2350 1829 2390 eoram

177 2433 269 2489 abea:
289 2431 352 2504 quio
376 2444 546 2501 nequaquam
560 2436 665 2485 veteres
689 2430 776 2499 potuit
796 2429 907 2486 colonos
926 2446 973 2486 01.
1025 2428 1070 2474 aut
1089 2420 1255 2492 sufficientem
1269 2422 1451 2492 deiectionem.
1479 2422 1628 2495 Debonqne
1646 2434 1674 2482 et
1690 2425 1778 2482 Dibon
1797 2427 1824 2482 in

176 2523 287 2596 pellere.
309 2521 411 2578 Atotns
437 2520 546 2589 quidem
566 2518 771 2590 iuterpretatur,
801 2520 882 2575 ordor
904 2520 972 2591 ipsis
1024 2509 1169 2566 solitudine
1205 2520 1295 2568 castra
1328 2512 1446 2569 tiliorum
1475 2513 1567 2571 lsrael.
1596 2516 1646 2572 Bst
1674 2524 1765 2572 annm
1797 2526 1825 2574 et

177 2612 264 2685 patrui
285 2612 347 2666 mei.
1024 2602 1077 2657 alia
1092 2603 1180 2658 Dibon
1196 2604 1260 2659 uilla
1275 2606 1434 2677 pergrandis
1444 2604 1523 2677 Juxta
1546 2607 1742 2677 Pnrarnonem,
1764 2628 1824 2681 qum

211 2704 329 2760 Ascalon
348 2702 415 2760 urbs
430 2701 528 2759 nobilis
550 2702 706 2770 Palestinae,
720 2717 781 2774 quae
795 2710 823 2760 ει
842 2702 902 2774 ipsa
923 2718 973 2759 nn·
1024 2696 1088 2752 dum
1115 2696 1192 2767 prius
1206 2697 1302 2754 inisset
1326 2698 1443 2755 flli⁰tt¹m
1476 2699 1567 2768 noan,
1587 2710 1615 2757 et
1643 2712 1736 2774 hustet
1753 2706 1825 2760 'tatu

179 2796 291 2866 tinnitus
304 2812 360 2852 una
372 2796 423 2852 luit
435 2796 469 2853 de
489 2796 608 2868 quinque
631 2794 748 2867 satrapis
757 2794 970 2869 Allophylomnr,
1024 2786 1097 2844 500ss
1123 2803 1171 2875 tit}
1193 2788 1387 2845 Amottffltttffl
1401 2788 1464 2846 belli
1476 2789 1539 2859 lt¹t0
1566 2793 1709 2858 tenuisset,
1726 2809 1741 2848 ³
1759 2792 1831 2851 filil&

41 2908 42 2913 κ
105 2955 108 2958 ἢ
177 2896 300 2958 separata
324 2886 432 2959 quidam
458 2902 508 2958 par
533 2894 634 2943 sermm
652 2885 734 2941 tribui
756 2882 844 2955 indm,
865 2900 916 2942 nec
932 2894 973 2942 ca-
1022 2878 1126 2935 israhel
1137 2886 1216 2951 capta
1229 2889 1310 2950 atque
1327 2895 1462 2951 possessa,
1481 2881 1510 2936 in
1525 2891 1631 2952 partem
1646 2886 1719 2940 venit
1733 2884 1824 2942 tribus

178 2990 238 3041 nien
253 2985 361 3033 retenta
373 2977 408 3034 ab
421 2991 472 3044 ea,
488 2977 552 3048 quia
570 2975 738 3032 habitatores
756 2974 818 3046 elus
843 2990 972 3049 superare
1023 2966 1091 3024 th·
1120 2967 1189 3025 Nam
1217 2970 1309 3028 Dtbott
1335 2970 1537 3041 interpretatur,
1566 2972 1741 3041 abundanter,
1775 2975 1822 3033 rel

178 3081 230 3123 non
252 3067 351 3140 potuit.
378 3067 465 3126 Porro
486 3065 604 3126 Ascalon
629 3067 824 3140 interpretatur
844 3082 970 3140 appenso,
1023 3059 1088 3116 satir
1102 3059 1260 3133 inteilipenr.

178 3157 217 3214 rei
232 3159 301 3231 ipris
314 3158 359 3215 rei
372 3159 491 3230 infamis.
986 3187 1009 3251 C
1059 3158 1166 3215 lisebou
1190 3159 1288 3216 civitas
1310 3157 1383 3218 Beon
1397 3160 1470 3233 regis
1484 3158 1684 3215 Amorraeornm
1699 3159 1726 3214 in
1744 3166 1821 3215 terra

211 3248 315 3304 Emach
335 3247 410 3315 urhe,
429 3264 490 3319 qnae
512 3249 653 3306 ceciditin
668 3257 769 3305 sortem
790 3246 900 3304 huben:
924 3247 973 3329 sed
1024 3249 1136 3307 Galaad.
1156 3250 1223 3319 Quae
1236 3265 1298 3307 eum
1312 3251 1409 3308 luisset
1422 3250 1611 3315 Moabitarum
1627 3249 1662 3306 ab
1674 3249 1824 3307 Amorrreis

178 3347 204 3396 et
224 3355 299 3395 nunc
311 3339 444 3396 Amathus
462 3339 525 3397 vilia
548 3339 649 3397 dieitcm
668 3347 744 3396 trans
765 3336 921 3406 Jordanem,
945 3342 974 3393 et
1023 3339 1086 3396 beili
1096 3339 1158 3410 inre
1185 3355 1310 3412 possessa
1328 3349 1380 3398 est.
1402 3340 1507 3397 Bsebon
1521 3354 1597 3396 vero·
1617 3339 1754 3409 capitatio,
1776 3339 1822 3395 rel

180 3432 309 3489 vicesimo
322 3432 411 3504 priano
429 3431 556 3489 milliario
567 3447 636 3504 pene
647 3433 681 3490 ad
695 3430 912 3504 meridiemBgo
923 3447 972 3488 au·
1023 3429 1157 3501 trapetum
1184 3432 1300 3488 meroris
1337 3431 1540 3503 interpretatur.
1558 3430 1682 3501 Bngaddi
1706 3430 1734 3485 in
1750 3430 1821 3486 tribur

180 3531 232 3596 tetu
246 3523 415 3596 investigans
429 3525 517 3596 reperi
530 3525 628 3581 Ematb
649 3527 744 3582 urbem
758 3524 914 3597 coelesyriae
926 3540 974 3597 ap-
1023 3519 1101 3587 luda‚
1120 3520 1165 3577 ubi
1182 3523 1357 3578 absconditus
1369 3529 1412 3577 est
1433 3521 1519 3577 David
1531 3521 1559 3576 in
1577 3520 1731 3583 solitudine.
1760 3535 1822 3590 uum

178 3613 282 3686 pedari,
299 3613 552 3686 quaennuciiraeoo
571 3630 697 3673 sermone
728 3614 878 3687 Epiphania
900 3632 972 3673 nun·
1023 3622 1066 3670 est
1079 3613 1379 3680 inAulonelberiohis,
1392 3614 1445 3671 hoc
1455 3620 1508 3679 est,
1523 3613 1551 3668 in
1566 3611 1821 3683 regioueiilaeam·
1888 3599 1892 3608 ’

179 3712 302 3775 eupator.
315 3701 416 3759 Bmach
429 3705 529 3776 qnippe
541 3706 743 3776 interpretatur,
754 3705 971 3778 popmasadbue.
1023 3707 1120 3779 pestri.
1147 3706 1267 3764 Vocatur
1279 3701 1370 3765 autem
1388 3722 1474 3779 usque
1494 3706 1573 3763 hodie
1591 3688 1668 3763 uleus
1689 3719 1821 3778 pergrarr

211 3791 371 3848 Bethlehem
381 3793 477 3849 civitas
496 3793 582 3850 David
595 3795 624 3850 in
639 3804 713 3852 sorte
726 3795 813 3853 tribus
835 3792 922 3861 lude.
944 3797 973 3852 in
1024 3797 1065 3854 dis
1084 3798 1237 3857 budaeomm
1254 3797 1381 3870 Bagadda
1401 3798 1479 3869 juxta
1493 3812 1569 3852 mare
1589 3795 1732 3862 Mortuum,
1746 3796 1820 3852 unde
1894 3792 1905 3809 ⁸

179 3898 230 3954 qua
255 3881 388 3940 Dominus
409 3890 503 3941 noster
523 3892 605 3955 etque
624 3883 751 3945 Salvator
775 3892 922 3953 natusest,
944 3886 973 3941 in
1023 3896 1052 3942 et
1065 3887 1214 3944 balsamum
1235 3887 1319 3956 venit,
1336 3887 1544 3957 ...quasriueas
1558 3885 1678 3957 Engaddi
1693 3886 1821 3941 Salomon

180 3986 255 4036 texto
271 3978 308 4034 ab
324 3977 383 4033 lilia
402 3977 533 4034 milliario
542 3987 638 4035 eontra
652 3978 829 4036 meridianam
855 3978 971 4054 plagam.
1024 3986 1170 4048 nuncapat.
1186 3978 1305 4050 Eugaddi
1331 3992 1399 4034 vero
1416 3978 1621 4048 interpretatur,
1655 3975 1714 4046 iona
1735 3976 1816 4032 Audi.

177 4066 252 4138 iuxta
277 4067 360 4128 riam,
382 4082 442 4138 quae
455 4067 530 4124 duait
555 4068 679 4126 lieDron:
698 4069 736 4126 ibi
751 4079 779 4128 et
801 4070 973 4142 sepulchrum
1059 4067 1151 4124 Bndor
1169 4068 1199 4124 in
1217 4068 1289 4125 tribu
1313 4066 1503 4131 llanasse,ubi
1525 4065 1714 4137 pythonissae
1733 4063 1816 4120 Saule

178 4154 253 4212 lesse
265 4155 353 4228 patris
364 4155 449 4213 Darid
461 4156 629 4214 ostenditur:
642 4165 670 4213 et
682 4158 755 4215 mille
770 4160 879 4216 circiter
891 4160 976 4230 passi·
1023 4158 1123 4216 tudae
1145 4174 1210 4232 rege
1230 4159 1390 4217 consulitur.
1403 4158 1495 4214 Budor
1509 4165 1602 4213 numm
1619 4158 1816 4227 interpretatur

179 4243 229 4302 hus
245 4244 342 4316 procul
357 4246 442 4303 turris
455 4247 546 4319 gregis
567 4247 682 4317 quodam
699 4250 826 4306 radeinio
849 4257 972 4322 pastores
1025 4251 1087 4307 lons
1104 4251 1296 4324 generationis.

181 4335 335 4394 Natiuitatis
351 4337 499 4395 Dominieae
516 4340 641 4397 conscios
654 4350 717 4398 ante
731 4342 900 4413 significans.
921 4343 975 4400 Sed
1059 4340 1134 4397 caza
1158 4341 1256 4397 civitas
1281 4341 1435 4397 Eneborum
1448 4340 1476 4396 in
1496 4355 1550 4413 quta
1568 4340 1725 4397 habitavere
1748 4344 1820 4412 (iap-

181 4434 207 4481 et
223 4433 336 4497 propter
346 4427 472 4484 mmdem
480 4435 508 4483 ει
524 4427 680 4486 Bethlehem
692 4431 763 4503 regis
777 4431 912 4504 qttondam
925 4432 974 4490 lue
1024 4432 1151 4503 pedores,
1170 4431 1293 4503 pristinis
1303 4431 1453 4487 cultoribus
1467 4430 1623 4488 interiectis.
1650 4430 1727 4500 Apud
1742 4441 1818 4488 rete·

181 4513 220 4571 tim
233 4514 362 4572 Archelai
373 4516 493 4574 tumulus
506 4520 658 4575 ostenditur
670 4519 717 4590 qui
731 4521 834 4578 semitm
845 4522 880 4577 ad
891 4521 974 4579 cellu-
985 4535 1014 4596 1)
1024 4534 1068 4576 res
1079 4528 1139 4577 erat
1146 4520 1268 4576 eominus
1279 4517 1338 4591 (ric)
1347 4518 1647 4591 Clrauanaeorumjuxta
1657 4515 1819 4590 Aigyptum,

181 4604 220 4662 las
233 4608 422 4665 nostrasaria
434 4610 542 4681 publica
554 4611 714 4669 divertentis
739 4614 901 4687 principium
920 4623 972 4672 est.
1025 4611 1175 4682 ceciditque
1192 4610 1221 4666 in
1235 4618 1339 4667 sortem
1357 4609 1446 4665 tribus
1471 4608 1561 4666 tute:
1582 4608 1630 4665 sed
1643 4623 1705 4665 eam
1725 4616 1821 4664 tenere

183 4695 335 4754 iocabatur
345 4687 436 4756 auem
448 4698 587 4758 Bethleem
605 4710 634 4758 et
646 4701 719 4759 iilius
729 4702 859 4772 Eiratbae,
878 4704 972 4780 idest,
1015 4717 1079 4758 non
1092 4701 1189 4774 potuit,
1200 4701 1263 4773 quia
1275 4701 1418 4768 Enaebim‚
1430 4700 1458 4756 id
1471 4709 1521 4767 est,
1534 4700 1657 4773 gigantes
1663 4700 1819 4773 Aiiopluylo·

181 4785 280 4859 itane,
300 4798 331 4847 ut
343 4792 371 4847 in
388 4790 612 4864 Paralipomenon
625 4793 732 4866 legitur.
745 4792 884 4851 iiaecurbs
894 4792 974 4863 iuxta
1024 4809 1086 4850 rum
1101 4792 1250 4851 fortissime
1277 4793 1452 4851 restiterunt:
1470 4801 1499 4849 et
1518 4800 1660 4862 estusque
1674 4791 1754 4846 hodie
1774 4790 1817 4845 in·

181 4881 310 4950 quosdam
322 4895 339 4936 a
363 4878 493 4938 lebusaeis
521 4882 627 4940 condita
642 4882 740 4948 sertor,
765 4890 793 4937 et
806 4890 901 4940 vocata
919 4883 975 4954 pri·
1024 4887 1109 4958 signis
1121 4887 1217 4944 civitas
1230 4886 1381 4953 Palestinae,
1394 4894 1491 4944 vocata
1501 4893 1591 4940 autem
1604 4882 1688 4949 Gaza,
1702 4897 1735 4938 eo
1744 4883 1818 4952 quod

182 4983 255 5024 nrum
275 4968 378 5026 Birata.
403 4970 515 5039 Quando
534 4982 625 5028 annm
639 4971 677 5029 ibi
701 4970 785 5029 iacob
804 4987 903 5045 pecora
924 4989 973 5030 sun
1025 4976 1061 5032 ibi
1080 4975 1229 5049 Cambyses
1241 4989 1290 5032 rex
1313 4974 1457 5032 Persarum
1475 4973 1617 5029 thesauros
1632 4985 1696 5026 suos
1716 4970 1815 5041 posuit,

182 5061 263 5131 pavit,
278 5061 367 5117 melem
377 5061 438 5119 loeo
450 5061 592 5120 Bethleem
600 5077 699 5119 nomeu
711 5062 828 5133 quodam
842 5061 972 5120 cadunio
1022 5081 1084 5121 enm
1108 5065 1208 5122 mbum
1241 5064 1377 5136 AEgyptiis
1401 5063 1547 5119 intulisset
1569 5061 1714 5116 Persarum
1742 5059 1817 5114 euim

183 5150 271 5208 loturo
295 5152 518 5224 imposuitque,
539 5154 633 5210 domam
655 5155 742 5225 panis,
767 5154 969 5226 interpretator,
1021 5155 1112 5227 lingum
1130 5155 1274 5210 thesaurus
1288 5168 1355 5224 gaza
1375 5154 1543 5210 nominatur.
1566 5150 1639 5207 Gaze
1656 5150 1756 5221 quiwe
1775 5150 1817 5205 in·

182 5249 292 5313 propter
301 5255 365 5298 eum
376 5257 484 5313 panna,
502 5243 548 5315 qui
563 5242 644 5300 ibide
657 5243 727 5299 eoelo
740 5243 891 5301 deseendit.
1021 5252 1186 5317 terpretatur
1199 5244 1327 5314 fortitudo
1341 5243 1410 5315 rius.

216 5333 290 5403 Bais,
310 5350 373 5406 quau
386 5334 567 5407 segonum
584 5334 883 5406 &connuncupatur
908 5334 972 5392 Sola
1056 5333 1178 5391 Gubanth
1196 5332 1223 5387 in
1234 5332 1306 5389 tribu
1318 5330 1457 5400 Beniamin
1469 5331 1535 5386 urbs
1543 5328 1661 5385 Phineos
1674 5326 1723 5384 tilii
1737 5326 1816 5383 Elea-

183 5426 298 5500 &uirum
318 5425 499 5485 Sodomorum
514 5427 626 5484 urbibus
645 5425 715 5484 Loth
739 5428 865 5499 precibus
884 5443 973 5485 reser-
1024 5441 1081 5492 aar,
1096 5425 1142 5482 ubi
1156 5423 1275 5495 sepultos
1286 5432 1328 5480 est
1342 5423 1503 5479 Eleazarus:
1522 5429 1669 5478 astantem
1692 5418 1816 5478 Gabatha

182 5528 245 5574 rata
254 5528 296 5577 est
307 5530 316 5576 :
326 5519 450 5576 imminet
460 5527 550 5575 auum
561 5518 629 5574 mari
642 5517 758 5585 llortuo,
773 5526 802 5575 et
816 5519 971 5589 presidium
1022 5517 1084 5573 villa
1099 5516 1126 5571 in
1141 5513 1300 5571 duodecimo
1313 5513 1403 5584 lapide
1418 5511 1665 5584 Eleutheropoieos.
1680 5510 1748 5568 iiam
1762 5510 1817 5567 Ga·

182 5611 213 5665 in
222 5621 253 5664 ει
265 5609 384 5682 positum
398 5619 441 5666 est
454 5609 567 5665 miiitum
588 5609 780 5677 Romanorum,
809 5609 971 5667 habitatori·
1022 5608 1104 5665 baatb
1129 5607 1331 5675 interpretatur,
1358 5604 1422 5660 eo'is
1439 5604 1576 5676 patruelis.
1587 5602 1697 5661 iericho
1722 5603 1787 5659 urbs
1799 5617 1819 5656 a

183 5700 235 5758 hm
246 5715 353 5776 quoque
364 5700 482 5773 propriis
500 5699 697 5771 frequentatur,
720 5710 748 5757 et
759 5701 829 5772 apud
845 5716 905 5758 eam
931 5700 972 5773 gi·
1023 5698 1154 5758 lebusacis
1174 5695 1282 5754 condita
1297 5695 1425 5764 traditur,
1443 5696 1569 5767 neptibus
1580 5695 1696 5754 traxisse
1717 5704 1816 5750 nomen
