4042 6200
165 332 214 388 tet

660 323 702 379 UE
721 319 897 380 usitasse
915 317 1006 374 blunt
1025 316 1107 374 xxia.
1128 348 1162 357 -
1181 317 1244 372 utu.
1265 317 1309 374 t'l.

1745 298 1796 382 ιιι

162 448 265 501 Saulm
277 441 406 498 cecidisse
425 449 598 496 memoratur.
624 437 653 492 lu
672 435 739 491 lucie
756 433 828 488 enim
845 433 952 496 cadere,
969 434 1054 492 Buas
1067 426 1180 498 injurius
1197 427 1319 498 corporis
1340 428 1452 498 tegendo
1476 429 1567 500 pellat,
1591 431 1747 503 pluuiaeque
1768 445 1795 491 et

160 544 206 590 est
227 549 255 587 nr
273 533 324 588 bac
340 531 396 586 rita
419 545 482 585 suas
503 541 721 599 unumquemque
744 524 836 593 culpas
857 537 956 593 coguo-

160 640 250 687 εεειε,
274 637 375 693 easque
399 621 555 691 poeuitendo
578 617 687 675 dellere.
708 615 882 678 iteponere,
902 627 955 682 qno

161 729 219 769 non
231 712 348 774 ridetur,
361 711 459 765 cadere
470 716 511 764 est
522 723 556 763 er
567 708 617 762 bac
630 706 684 759 rita
694 710 804 773 repente
816 701 954 765 decedere,

162 805 197 858 ad
213 818 274 874 quse
286 801 416 873 supplicia
430 801 544 855 dueatur
561 800 693 870 ignorare.
715 794 781 849 ltem
796 793 829 847 de
845 806 915 862 equo
928 792 955 846 in

160 895 214 952 tob
250 894 381 963 scripturn
409 899 482 947 est:
514 889 622 944 Terram
654 886 753 957 ungula
778 884 844 956 [odit
872 883 954 957 (lob.

163 982 271 1053 xxxix).
302 981 377 1038 Solet
388 981 416 1036 iu
431 980 493 1049 equi
515 978 614 1050 ungula
635 976 736 1031 laboris
758 974 886 1031 fortitudo
907 989 955 1027 co·

161 1073 268 1144 graosei.
296 1071 365 1137 Quid
379 1084 443 1138 ergo
454 1083 503 1139 per
518 1065 655 1138 ungulam,
671 1064 722 1119 uisi
739 1064 767 1118 in
781 1063 957 1132 predicatore

162 1172 262 1218 sancto
275 1161 406 1215 uirtutum
422 1156 562 1229 perfectio,
580 1152 799 1210 demonstratur?
819 1150 869 1218 Qui
882 1151 956 1204 ride-

162 1253 228 1308 licet
243 1259 344 1305 terram
358 1247 425 1303 ludit
435 1246 543 1317 ungula,
558 1245 622 1299 durn
639 1245 673 1300 de
690 1243 772 1318 corde
789 1240 955 1295 audientium

162 1342 287 1411 exemplo
302 1354 411 1396 suorum
425 1351 537 1406 operum
551 1344 673 1390 terrenas
682 1333 859 1404 cogitationes
871 1330 954 1401 ejicit.

162 1433 290 1487 Truncus
310 1429 399 1484 media
421 1443 485 1498 pars
507 1426 629 1497 corporis
647 1441 663 1479 a
682 1423 793 1480 colload
807 1423 954 1492 inguinem.

163 1522 203 1577 De
219 1535 273 1592 quo
288 1517 426 1591 Virgilius.
450 1516 536 1587 Caput
550 1515 619 1571 collo
634 1516 749 1570 rebitur.
775 1515 898 1569 Truncus
909 1529 956 1568 sn-

161 1614 280 1668 stinetur
292 1610 368 1666 coxis
379 1619 407 1665 et
422 1608 535 1679 genibus
546 1609 735 1677 cruribusque.
760 1607 893 1672 Truncus,
910 1606 956 1677 qui

161 1704 220 1759 sine
232 1701 321 1772 capite
335 1708 363 1755 et
382 1699 508 1754 manibus
524 1705 577 1764 est,
594 1696 728 1768 signifieat
745 1696 911 1752 debilitatem
930 1705 958 1752 et

1006 527 1101 576 uentos
1114 518 1231 588 solisque
1251 517 1363 571 ardores
1384 516 1514 587 perierat.
1537 518 1617 575 Pollis
1638 522 1709 575 enim
1732 539 1795 578 mm

1005 608 1126 663 detracta
1137 623 1151 659 a
1164 621 1275 676 corpore
1286 605 1342 674 jam
1356 608 1459 663 coriurn
1475 608 1583 664 dieitur.
1607 610 1635 665 ln
1647 621 1708 666 cute
1724 613 1795 668 enirn

1005 696 1048 752 rel
1064 696 1142 766 pelle,
1159 711 1212 765 qua
1227 694 1325 748 animal
1343 694 1494 752 lorinsecus
1522 697 1715 764 circumdatur,
1739 716 1797 771 rny-

1005 788 1073 846 stice
1096 787 1139 842 uel
1160 802 1259 857 corpus
1280 789 1427 844 humanum
1448 791 1625 857 demonstrat,
1647 807 1699 861 quo
1720 801 1798 847 natu-

1006 894 1062 933 ram
1085 878 1181 933 anirum
1205 878 1276 933 iutra
1298 893 1328 935 se
1348 879 1480 951 rigentem
1506 882 1592 952 tegit:
1611 882 1651 937 vel
1676 893 1796 939 sanctam

1006 968 1154 1024 Ecclesiam
1165 966 1309 1037 significat,
1323 984 1404 1038 quarn
1420 967 1554 1038 Christus,
1569 972 1615 1042 qui
1629 981 1670 1028 est
1684 973 1736 1040 uio,
1755 990 1799 1027 ue-

1005 1058 1070 1112 ritus
1084 1066 1108 1110 et
1118 1057 1171 1110 vito
1184 1056 1275 1129 (doun.
1290 1061 1356 1129 arv),
1375 1059 1492 1116 vivificat
1511 1071 1538 1116 et
1558 1062 1643 1134 regit:
1655 1079 1715 1134 qum
1731 1061 1798 1118 ailli-

1005 1146 1140 1201 ctiouibus
1154 1145 1220 1201 loris
1232 1147 1367 1212 atteritur,
1388 1159 1416 1203 et
1433 1149 1505 1206 intus
1525 1152 1669 1207 uirtutibus
1685 1153 1797 1209 robora·

1006 1246 1059 1289 tur.
1078 1233 1155 1290 Unde
1170 1233 1238 1289 etin
1253 1233 1304 1290 lob
1322 1236 1452 1307 scripturn
1468 1247 1511 1294 est
1524 1257 1530 1291 :
1545 1238 1619 1294 Cutis
1640 1257 1697 1294 meo
1716 1244 1797 1306 muit,

1005 1333 1030 1378 et
1048 1333 1235 1379 contrectaret
1251 1324 1321 1395 (dod.
1334 1327 1394 1396 ιιι).
1411 1327 1444 1381 Ει
1459 1328 1556 1384 iterum
1571 1348 1577 1383 :
1593 1328 1685 1402 unca,
1701 1331 1797 1400 iuuerit,

1005 1431 1070 1470 mee
1080 1415 1255 1470 testimouium
1268 1415 1357 1470 dicunt
1372 1429 1463 1473 contro
1475 1437 1515 1473 ure
1526 1419 1599 1492 (lob.
1613 1420 1680 1493 rvr).
1693 1422 1727 1475 Et
1739 1438 1800 1475 rnr-

1006 1522 1066 1563 sum
1083 1525 1089 1562 :
1106 1505 1173 1561 Petu
1196 1521 1272 1571 mete,
1299 1510 1456 1579 consumptis
1481 1511 1603 1565 cornibus
1632 1512 1742 1566 udbrcsit
1770 1529 1799 1566 or

1005 1614 1091 1651 meum
1111 1595 1181 1670 (tot.
1198 1597 1268 1669 rm).
1294 1599 1362 1669 Quia
1386 1599 1467 1672 igitur
1488 1600 1611 1657 Christus
1633 1610 1661 1655 et
1679 1602 1799 1656 Ecclesia

1006 1705 1059 1744 una
1074 1706 1190 1762 persona
1205 1702 1248 1748 est
1261 1709 1268 1747 ι
1281 1693 1345 1765 qnid
1367 1709 1414 1763 per
1432 1709 1473 1758 os,
1496 1692 1548 1748 nisi
1569 1692 1625 1765 ipse
1649 1692 1800 1747 Uorninus?

162 1792 289 1847 inertiam
312 1788 465 1857 cujuslibet
491 1787 567 1844 Unde
588 1787 621 1842 de
642 1787 735 1842 tuuirb
761 1787 890 1857 scripturn
915 1795 957 1842 est
971 1801 994 1860 g
1007 1781 1071 1850 quid
1089 1796 1138 1850 per
1150 1798 1270 1849 caruem,
1285 1785 1336 1838 nisi
1349 1783 1471 1856 discipuli
1482 1782 1667 1855 designantur,
1680 1784 1726 1853 qui
1739 1801 1799 1854 pus·

162 1879 267 1952 (dudini
284 1879 357 1949 urar),
372 1877 455 1947 quud,
471 1892 533 1931 cnm
543 1884 623 1945 capnt
632 1875 783 1932 abscideret
792 1875 954 1942 llololcrnis‚

162 1987 262 2042 corpus
277 1969 336 2038 eius
350 1979 474 2024 truncum
491 1968 636 2024 evolveret.
655 1966 741 2042 Porro
754 1968 818 2038 qnia
833 1966 957 2022 lluloler·

162 2065 205 2120 uis
220 2072 313 2135 typum
331 2071 404 2117 team
416 2060 525 2126 diaboli,
539 2070 663 2115 truncum
681 2075 779 2131 corpus
795 2058 853 2128 eius
863 2068 955 2115 osten-

161 2155 212 2221 dit,
227 2155 316 2220 idest,
330 2153 436 2210 abscisa
449 2160 582 2221 potestate
593 2150 660 2219 eius,
675 2151 761 2220 ipsum
775 2150 913 2205 inimicum
923 2165 955 2203 cx

162 2245 236 2300 omni
258 2252 337 2313 parte
358 2242 495 2298 iulirruum
512 2249 540 2296 et
551 2240 664 2297 debilem
676 2256 748 2306 esse,
762 2248 791 2294 ut
805 2255 838 2295 eo
850 2239 958 2295 lucilius

159 2332 307 2388 bellatores
323 2331 425 2387 Christi
437 2330 581 2395 conlidaut,
591 2330 709 2401 judicent
722 2329 916 2404 nequissimum
927 2343 957 2383 se

160 2424 272 2478 sincere
289 2437 380 2493 posse,
396 2435 450 2491 quo
469 2436 530 2476 eum
554 2420 669 2490 pleniter
688 2421 810 2477 ediscunt
834 2419 957 2491 lragilom

160 2524 189 2571 et
203 2514 386 2586 superabilem
398 2513 467 2569 lore.
487 2513 585 2569 Pectus
604 2525 742 2580 uocatum,
764 2515 836 2586 quod
856 2516 891 2570 sit
909 2531 958 2585 pe·

161 2620 227 2658 xum
242 2604 314 2658 iuter
330 2604 481 2659 eminentes
502 2603 682 2659 mamillarum
705 2614 804 2675 partes.
835 2604 910 2661 Unde
931 2612 958 2659 et

160 2695 298 2766 pectinem
313 2694 375 2758 dici,
390 2695 461 2765 quod
475 2710 558 2765 pexos
572 2695 683 2765 capillos
698 2694 772 2751 lacit.
795 2696 893 2750 Pectus
907 2711 956 2750 au·

162 2796 218 2839 tem
229 2784 362 2856 siguificat
374 2793 519 2840 tractatum
531 2785 667 2841 internum
684 2797 711 2841 et
726 2787 865 2857 supientiae
876 2787 958 2842 ratio-

162 2891 236 2930 nem.
266 2875 342 2930 Unde
357 2874 474 2929 loannes
488 2875 585 2946 legitur
597 2891 678 2946 super
692 2882 786 2945 pectus
802 2875 958 2930 recubuisse

162 2965 315 3020 Salvaturis
330 2964 421 3038 (doun.
437 2968 507 3037 rnr),
523 2982 555 3022 ex
579 2982 632 3035 quo
649 2968 800 3022 doctrinam
819 2967 959 3038 sapientiae

161 3058 254 3114 bausit
268 3058 397 3114 coelestis.
423 3057 451 3113 lu
468 3059 632 3114 contrariam
653 3074 717 3115 nero
738 3068 841 3131 partem
864 3067 959 3132 pectus

1008 1872 1092 1926 sionis
1114 1870 1172 1940 ejus
1193 1883 1312 1944 tenpore
1334 1874 1440 1929 inllrnna
1465 1883 1620 1946 sapuerunt.
1647 1875 1717 1941 Quid
1737 1891 1800 1931 vcro

1006 1977 1055 2032 per
1075 1963 1183 2031 pellem,
1205 1980 1265 2036 quae
1287 1967 1406 2020 exterior
1422 1982 1505 2022 carne
1520 1975 1612 2021 manet
1630 1967 1656 2020 iu
1676 1982 1799 2036 corpore,

1007 2051 1057 2104 nisi
1071 2051 1121 2106 illae
1134 2063 1233 2108 sauctae
1247 2054 1375 2110 mulieres
1387 2055 1547 2127 figurantur,
1564 2073 1624 2127 qum
1647 2057 1680 2111 ad
1696 2073 1800 2127 praepa-

1007 2142 1092 2196 randa
1111 2144 1231 2199 subsidia
1248 2145 1361 2199 Domino
1379 2145 1540 2201 servierunt.
1564 2145 1611 2199 Ait
1631 2161 1694 2214 ergo
1710 2165 1716 2200 :
1733 2144 1802 2198 Polli

1006 2250 1081 2299 merc,
1094 2236 1253 2306 consumptis
1266 2236 1398 2303 corradus,
1411 2237 1520 2291 ndlturit
1534 2253 1562 2291 or
1575 2253 1676 2291 meum:
1688 2238 1739 2292 buc
1749 2247 1799 2301 est,

1007 2325 1035 2379 bi
1050 2325 1095 2394 qui
1110 2341 1177 2381 meae
1191 2326 1340 2382 fortitudini
1353 2328 1529 2401 propinquius
1543 2328 1680 2384 adhaerere
1702 2329 1802 2385 debue-

1008 2428 1080 2482 runt,
1094 2418 1226 2486 passionis
1240 2432 1306 2472 mem
1320 2428 1440 2490 tempore
1453 2419 1549 2474 timore
1559 2420 1710 2492 consumpti
1720 2429 1799 2474 sunt:

1008 2516 1102 2572 eteris,
1122 2524 1189 2578 quus
1204 2510 1237 2564 ad
1253 2511 1388 2566 exteriora
1410 2510 1559 2566 ministeria
1582 2512 1668 2582 posui,
1693 2511 1720 2565 in
1740 2527 1802 2583 pas-

1008 2599 1084 2655 sione
1102 2616 1161 2656 mea
1179 2601 1310 2657 inhaerere
1323 2602 1387 2657 milri
1402 2601 1516 2658 fideliter
1529 2604 1628 2658 inverti.
1652 2603 1728 2660 Unde
1740 2606 1803 2660 snb·

1009 2689 1082 2745 ditur
1099 2709 1105 2744 :
1121 2690 1156 2746 Et
1170 2692 1293 2747 derelicto
1307 2703 1368 2748 srrnt
1378 2695 1559 2749 tantummodo
1572 2696 1643 2750 lobio
1658 2697 1728 2750 circu
1739 2698 1803 2751 deu-

1009 2792 1047 2836 tcr
1069 2797 1139 2835 meos
1163 2781 1234 2854 (lod.
1256 2782 1323 2856 rra).
1347 2783 1416 2849 Quid
1435 2781 1582 2856 per'lubia,
1608 2786 1659 2840 nisi
1683 2785 1803 2844 locutio?

1009 2871 1073 2941 qnid
1090 2888 1138 2941 per
1154 2873 1258 2938 dentes,
1274 2873 1326 2927 uisi
1346 2873 1459 2943 apostoli
1473 2874 1669 2945 designantur?
1689 2875 1738 2941 Qui
1756 2876 1804 2929 ud·

1010 2966 1063 3020 buc
1084 2965 1175 3020 statim
1197 2976 1259 3035 post
1281 2966 1434 3036 passionem
1458 2966 1624 3022 confabulari
1645 2966 1677 3021 dc
1691 2968 1803 3023 Domino

1010 3066 1143 3113 nouerant
1158 3074 1165 3112 ι
1182 3058 1229 3113 sed
1245 3058 1391 3130 praedicare
1406 3057 1464 3129 jam
1481 3073 1553 3125 euru,
1570 3067 1616 3114 aut
1628 3058 1751 3115 mordere
1762 3059 1804 3114 in-

162 3148 249 3202 trabit
265 3148 500 3218 significationem,
513 3151 620 3220 quando
636 3152 771 3220 signifieat
785 3151 839 3206 dull
856 3168 888 3207 ae
899 3150 994 3213 uta-C
1011 3150 1129 3204 lidelium
1150 3149 1214 3203 uitia
1237 3148 1427 3205 lorruidabaut.
1454 3149 1566 3217 Arvina,
1590 3150 1723 3221 pinguedo
1747 3150 1804 3204 euti

161 3237 230 3294 litiae
244 3238 427 3295 calliditatem.
454 3238 529 3296 Unde
541 3241 640 3296 dicitur
657 3241 781 3311 Serpenti
793 3259 800 3296 :
814 3242 900 3313 Super
914 3258 959 3312 pe-

161 3341 221 3386 ctus
236 3340 311 3385 tuum
324 3331 463 3401 gradieris,
480 3342 504 3385 et
516 3342 613 3386 terrum
624 3336 740 3388 comedes
756 3335 855 3389 cunctis
869 3334 959 3388 diebus

163 3420 244 3493 (Cen.
277 3423 331 3492 ur).
356 3421 445 3493 Super
458 3432 553 3494 pectus
570 3425 669 3495 quippe
685 3426 807 3496 graditur
826 3440 957 3494 serpeus:

162 3511 229 3581 quia
239 3526 335 3567 omues
347 3527 456 3583 gressus
472 3513 571 3569 diaboli
584 3515 711 3583 nequitiae
728 3525 791 3570 sunt
802 3525 828 3571 et
840 3515 958 3571 iraudes.

162 3602 233 3657 liam
244 3603 271 3657 in
286 3612 429 3672 peccatore
440 3604 613 3660 calliditatem
629 3615 658 3661 ει
669 3607 801 3662 versutias
815 3609 960 3678 cogitatio·

164 3708 231 3748 uum
242 3691 301 3762 ejus
314 3694 424 3760 indicat,
437 3695 534 3765 quibus
547 3696 580 3751 ad
596 3712 652 3762 eos,
673 3713 741 3768 quos
753 3698 811 3753 uult
823 3700 957 3769 decipere,

164 3784 260 3853 serpit.
279 3784 391 3839 Terram
413 3794 504 3840 autern
521 3788 649 3853 comedit,
660 3803 721 3843 cum
737 3803 830 3843 errore
843 3805 958 3859 peccau-

165 3874 234 3931 tium
248 3874 410 3945 pasciturus
422 3876 580 3942 delectatur,
595 3892 695 3949 eosque
706 3878 837 3933 seducens
847 3881 880 3933 ud
891 3880 961 3933 inte-

163 3968 249 4021 ritum
272 3968 351 4038 rupit.
380 3967 504 4023 llamillre
524 3978 635 4035 vocatae,
658 3971 720 4040 quia
743 3972 864 4027 rotundae
886 3981 958 4038 suxit,

164 4056 243 4127 quasi
261 4055 349 4122 malsc,
363 4072 413 4128 per
426 4058 631 4116 diminutionem
645 4062 757 4117 scilicet.
775 4061 863 4118 Ubera
877 4063 959 4128 dieta,

164 4146 229 4216 quia
244 4146 315 4202 laete
330 4149 424 4203 uberta
436 4166 443 4203 :
454 4148 496 4204 rel
508 4151 571 4219 quia
589 4151 703 4208 batmore
719 4154 837 4219 humida,
858 4155 960 4209 scilicet

164 4234 245 4291 lactis
259 4237 286 4291 iu
298 4253 402 4293 morem
415 4255 526 4295 unarum
541 4242 630 4312 plena.
655 4244 684 4298 ln
700 4245 825 4300 mamillis
838 4260 902 4302 vero
916 4256 958 4301 ut·

165 4341 219 4396 que
234 4326 363 4382 uberibus
381 4328 505 4385 ductores
522 4334 607 4388 sancti
629 4336 741 4407 mystice
762 4338 958 4409 erpi-innuitur,

165 4414 212 4483 qni
228 4412 299 4470 lacte
318 4416 446 4473 doctrinm
465 4434 549 4475 sacrm
564 4425 686 4479 nutriunt
700 4425 802 4492 lideles,
819 4429 876 4483 sire
892 4427 959 4484 dnos

1010 3242 1162 3297 adhaerens.
1193 3242 1277 3312 Pulpa
1298 3250 1340 3297 est
1360 3258 1424 3299 caro
1445 3244 1504 3300 sine
1524 3245 1703 3315 pinguedine;
1719 3247 1803 3313 dictat,

1010 3330 1082 3401 quud
1096 3331 1231 3402 palpitet:
1252 3333 1337 3387 cellit
1354 3334 1426 3387 euim
1445 3349 1525 3405 supe.
1546 3333 1621 3391 Hanc
1641 3335 1762 3409 plerique
1777 3345 1805 3391 ct

1010 3422 1114 3476 viscum
1127 3429 1234 3489 nocant,
1247 3433 1389 3493 propterea
1404 3426 1474 3494 quod
1487 3425 1619 3496 glutinosa
1634 3428 1678 3480 sit.
1701 3428 1804 3481 Aruina

1011 3514 1155 3582 aliquando
1171 3515 1360 3585 pinguedinem
1377 3516 1527 3572 dilectionis
1541 3518 1695 3589 significat:
1719 3531 1747 3575 nt
1763 3531 1804 3579 εει
1844 3516 1859 3525 ’

1011 3605 1116 3671 illudio
1133 3604 1254 3660 Levitico
1271 3623 1277 3658 :
1293 3606 1372 3677 adeps
1391 3616 1419 3662 et
1435 3609 1545 3673 uruino;
1561 3610 1588 3664 in
1602 3610 1698 3666 ltustiis
1709 3613 1804 3683 pacili-

1010 3694 1050 3748 cis
1069 3693 1202 3762 jubentur
1221 3694 1393 3769 Deoqollerri.
1417 3698 1482 3765 item
1499 3699 1592 3753 arvina
1610 3702 1803 3758 alurrdantirnu

1011 3794 1181 3840 terrenarum
1195 3801 1284 3841 rerum
1302 3787 1444 3858 signilieat,
1462 3799 1491 3845 ut
1504 3801 1546 3846 est
1557 3791 1620 3846 illud
1637 3793 1663 3851 in
1677 3791 1727 3847 Jofr
1739 3835 1746 3860 ,
1759 3796 1803 3850 ubi

1010 3876 1045 3931 de
1068 3877 1184 3947 superbo
1214 3877 1323 3932 borrtiue
1349 3880 1476 3935 scribitur
1498 3899 1504 3934 ι
1524 3880 1645 3937 Cucurrit
1665 3884 1802 3941 educerum

1010 3963 1095 4020 Deum
1105 3975 1188 4022 erecto
1201 3967 1280 4034 collo,
1293 3977 1317 4022 et
1332 3969 1423 4041 pingui
1437 3972 1535 4025 ceruice
1549 3983 1667 4027 armatus
1677 3985 1715 4027 est
1730 3973 1801 4046 (dod.

1011 4055 1067 4127 rr).
1092 4056 1192 4112 Contra
1206 4058 1289 4113 Deum
1302 4068 1394 4113 erecto
1410 4059 1478 4115 collo
1489 4077 1600 4115 currere
1615 4073 1667 4127 est,
1683 4077 1726 4127 ea,
1744 4079 1802 4133 uuae

1010 4142 1133 4200 Creatori
1152 4146 1312 4216 displiceat,
1339 4164 1399 4202 cum
1423 4148 1534 4204 audacia
1557 4162 1723 4222 perpetrare.
1750 4154 1801 4210 lui·

1010 4246 1080 4301 quus
1098 4234 1170 4287 enim
1184 4235 1211 4287 iu
1224 4234 1315 4306 pingui
1329 4236 1434 4291 ceruice
1447 4246 1540 4292 contra
1554 4240 1637 4293 Deum
1657 4253 1778 4300 arcuatur
1791 4262 1799 4301 :

1010 4324 1074 4394 quia
1086 4326 1167 4380 rebus
1182 4328 1374 4397 temporalibus
1390 4342 1496 4387 tumens
1507 4342 1601 4389 eontra
1614 4348 1745 4407 praecepta
1758 4354 1802 4403 ιε-

1012 4416 1110 4483 ritatis‚
1134 4418 1211 4487 quasi
1234 4420 1266 4474 de
1290 4420 1471 4492 magnitudine
1493 4426 1594 4492 carnis,
1616 4428 1740 4498 erigitur.
1764 4429 1802 4486 De

166 4502 281 4574 populos
303 4506 440 4561 renicntcs
462 4525 494 4562 cx
515 4510 719 4568 circumcisione
746 4526 774 4571 cc
799 4523 958 4590 gengpmpe,
973 4510 999 4568 D
1012 4521 1066 4575 quo
1086 4507 1212 4563 additur:
1227 4508 1334 4580 Operuit
1352 4510 1447 4581 [oriem
1465 4514 1522 4585 ejus
1535 4517 1682 4573 crassitudo
1697 4518 1802 4594 (llud).

168 4592 245 4648 Unde
258 4594 285 4648 in
300 4594 410 4652 Cantica
428 4600 603 4668 canticorum,
627 4603 747 4675 Sponsus
763 4609 796 4663 ad
810 4627 936 4682 sponsam
952 4634 958 4668 :

166 4683 227 4739 nuo
237 4685 316 4739 ubera
327 4696 372 4741 tuu
383 4689 450 4743 sicut
463 4690 515 4743 duo
527 4692 630 4746 ltinnuli
643 4712 743 4766 coprete
753 4702 856 4770 gemelli
868 4704 959 4775 (Cant.

167 4776 217 4845 ιι).
238 4776 297 4831 Duo
313 4777 395 4833 ubera
410 4779 452 4852 (ut
465 4781 592 4855 diximus)
610 4782 735 4842 doctores
746 4800 809 4844 sunt
822 4794 961 4865 utriusque

167 4866 336 4924 Testamenti
353 4870 414 4926 :rel
436 4872 488 4926 diro
507 4874 608 4945 populi,
633 4891 666 4929 ex
689 4877 894 4937 circumcisione
915 4900 961 4941 ru-

168 4960 286 5027 nieutes,
303 4970 331 5016 et
344 4963 512 5034 gentilitate:
529 4966 575 5036 qni
595 4981 643 5036 per
660 4968 838 5025 bumilitatem
851 4974 959 5043 uiridem

168 5067 266 5122 paruos
276 5068 305 5107 se
319 5068 378 5110 esse
388 5055 550 5128 intelligunt,
564 5067 591 5112 et
601 5068 755 5129 peccatores
767 5048 773 5114 Ξ
785 5063 888 5118 scilicet
898 5067 961 5121 cba-

169 5144 248 5199 ritate
271 5157 412 5202 curreutes
435 5149 525 5203 omnia
545 5150 683 5205 obstacula
703 5152 794 5209 mundi
810 5163 958 5212 transeunt.

171 5233 259 5289 Ubera
278 5252 376 5293 seusus
395 5240 495 5305 cordis
515 5250 544 5295 ιιι
562 5242 588 5296 lu
609 5241 697 5298 lsaia:
714 5244 846 5315 dccirrgr'tc
859 5245 959 5302 lumbes

168 5335 264 5379 uestros
286 5344 366 5399 snper
386 5329 467 5384 ubero
487 5330 554 5404 (Iso.
575 5332 672 5403 xxxii),
688 5335 739 5389 hoc
753 5344 804 5400 est,
817 5338 959 5394 contineu-

168 5415 232 5471 tiam
251 5418 351 5474 habete
365 5431 459 5476 contra
481 5439 575 5479 sensus
594 5425 725 5480 carnales.
747 5424 822 5481 Cutis
836 5437 886 5494 est,
903 5445 963 5500 quae

166 5506 320 5578 incorpore
334 5510 420 5580 prima
432 5521 474 5566 est
484 5512 626 5582 appellata,
641 5514 712 5583 qtrol
727 5513 785 5583 ipsa
796 5518 901 5584 corpori
917 5534 962 5572 su·

165 5602 303 5670 perpusita
330 5603 489 5659 incisionem
515 5604 601 5674 prima
627 5606 756 5675 patiatur.
788 5604 864 5662 Cutis
888 5610 961 5664 euim

165 5686 363 5749 Craeoeincisio
376 5693 487 5749 dicitur.
505 5695 577 5750 ldenr
590 5704 671 5751 estet
686 5696 773 5763 pellis,
785 5699 855 5767 qrrod
870 5711 960 5757 exter-

1012 4596 1120 4653 Faciem
1133 4599 1192 4669 ejus
1206 4601 1356 4656 crassitudo
1373 4605 1477 4675 operuit
1489 4622 1495 4660 :
1507 4607 1569 4678 quia
1586 4608 1737 4665 desiderata
1750 4622 1804 4666 ter·

1012 4682 1140 4745 renarunr'
1149 4706 1239 4745 rerum
1255 4691 1400 4748 abundatia
1414 4695 1507 4750 oculus
1525 4698 1622 4753 inieritis
1636 4701 1743 4770 premit.
1769 4700 1802 4755 lit

1011 4783 1043 4837 de
1054 4782 1188 4849 lucendus,
1202 4783 1299 4853 inquit,
1313 4784 1371 4855 ejus
1385 4787 1475 4841 nruiuu
1487 4787 1606 4859 dependit
1622 4788 1730 4862 (lln‘d.l;
1751 4791 1802 4847 buc

1010 4881 1063 4938 est,
1078 4873 1200 4944 quisquis
1214 4876 1315 4945 potenti
1330 4886 1357 4931 et
1368 4877 1460 4947 iniquo
1481 4880 1617 4946 actitaret,
1631 4882 1803 4954 ipsequuque

1014 4963 1047 5018 de
1063 4963 1121 5034 ejus
1141 4966 1270 5035 potentia,
1286 4965 1359 5020 velut
1372 4980 1404 5020 ex
1420 4969 1581 5038 pinguedine
1593 4986 1691 5036 rernm,
1707 4980 1800 5029 tumet.

1014 5051 1079 5107 ltem
1102 5054 1236 5127 pinguedo
1257 5056 1372 5129 gratiam
1393 5059 1509 5113 divinam
1533 5059 1666 5130 significat
1683 5078 1690 5115 ι
1707 5071 1736 5115 ut
1761 5071 1803 5118 est

1013 5145 1077 5201 illud
1090 5148 1117 5200 in
1129 5149 1233 5218 psalmo
1248 5166 1255 5202 ι
1271 5147 1345 5203 Sicut
1365 5150 1441 5221 adipe
1456 5161 1479 5204 et
1497 5153 1653 5222 pinguedine
1673 5155 1802 5225 replentur

1013 5242 1102 5295 errimu
1117 5258 1174 5295 meu
1187 5238 1274 5312 (Paul.
1289 5241 1366 5313 ιιιι).
1383 5242 1448 5297 lteru
1460 5244 1488 5298 in
1498 5243 1593 5297 malam
1604 5255 1707 5314 partem
1720 5249 1804 5319 adeps

1012 5332 1131 5400 ponitur,
1148 5347 1208 5386 cnm
1222 5333 1429 5387 erassitudinem
1442 5333 1552 5388 malitiae
1570 5334 1714 5405 significat,
1723 5334 1802 5405 juxta

1011 5420 1074 5476 illud
1094 5419 1241 5476 Psalruistte
1253 5439 1259 5475 :
1273 5422 1381 5493 ddipem
1395 5440 1481 5488 surum,
1501 5425 1597 5495 iuquit,
1618 5425 1803 5484 concluserunt

1011 5508 1098 5583 (Prot.
1123 5511 1188 5582 xva).
1216 5510 1333 5565 llcmlrra
1358 5520 1421 5566 sunt
1438 5521 1530 5582 partes
1550 5514 1681 5584 corporis.
1701 5515 1800 5584 Artus,

1010 5605 1108 5675 quibus
1121 5605 1282 5675 colligantur
1295 5605 1428 5671 membra,
1442 5605 1477 5661 ab
1496 5608 1626 5663 arctando
1639 5608 1715 5675 dicti,
1731 5624 1800 5681 quu-

1011 5711 1071 5752 rum
1088 5697 1245 5755 diminutiva
1266 5705 1329 5753 snut
1342 5696 1458 5779 articuli.
1477 5698 1543 5755 Nam
1558 5701 1627 5757 sicut
1641 5708 1716 5757 artus
1734 5701 1800 5779 dici·
