4042 6200
199 327 234 383 25
703 327 747 384 ns
767 328 942 387 UMVERSO
959 330 1050 387 ttnttt
1070 329 1152 386 xxii.
1171 362 1207 373 -
1223 330 1289 388 tta.
1300 326 1330 389 Ἰ.
1809 337 1845 394 96

201 440 307 496 ridetur
333 446 441 495 restare
469 447 500 494 ιιι
526 438 638 510 spiritus
661 441 707 496 sit.
745 443 901 517 lntelligant
922 446 996 502 enim
1009 452 1034 512 Α
1048 455 1079 501 ut
1090 446 1184 517 qunttti
1199 448 1234 503 ad
1247 462 1320 512 earn,
1335 449 1430 518 quanti
1445 450 1479 504 ad
1493 450 1596 506 crinem
1611 453 1738 523 purpurei
1753 455 1845 524 splen·

202 530 238 586 ini
254 527 376 584 nonnulli
391 528 557 589 Trinitatem
572 531 739 601 sigrtilrearI:
761 534 787 589 in
803 537 905 606 Spiritu
921 539 996 608 prin·
1049 540 1123 596 eloris
1136 538 1308 611 aspexerint,
1328 542 1411 597 latras
1423 544 1511 598 visam
1530 560 1586 600 sare
1599 545 1668 601 lueis
1683 545 1842 616 impertiat,

202 620 280 691 cipali
302 620 434 688 Patrem,
459 621 486 676 iu
509 621 614 693 Spiritu
627 632 704 681 recto
719 624 837 693 Tiliurn,
852 628 879 683 ia
895 626 998 699 Spiritu
1048 631 1132 687 tantis
1145 633 1303 702 mysterium
1318 631 1360 687 sui
1371 634 1497 690 manens
1513 635 1623 700 tribuat,
1639 646 1668 691 et
1680 637 1736 707 ipse
1750 639 1777 693 in
1792 656 1841 696 saa

202 720 294 769 sanato
307 710 443 784 Spiritum
457 723 591 769 macutus.
618 713 736 785 Spiritus
748 726 859 773 sannas
874 717 935 774 ideo
948 719 996 775 tla-
1048 722 1223 777 nihilominus
1241 722 1396 793 integritate
1413 732 1580 793 permaneat.
1601 724 1718 796 Spiritus
1729 739 1841 784 sanetus

202 821 266 862 nuta
275 804 323 861 net
336 804 450 869 dicitar,
467 821 501 861 eo
516 807 589 876 qaod
603 806 693 862 datar.
712 806 736 861 Α
752 806 842 864 dando
856 809 929 864 enirn
947 811 996 863 ‹lo-
1047 812 1245 881 nomineaquae
1259 811 1449 883 appellaturus
1468 813 1629 885 Evangelio,
1652 814 1766 871 Domino
1782 817 1807 872 el
1825 848 1840 863 -

201 914 267 955 nara
282 908 326 954 est
339 905 538 968 nuncupatam.
562 898 739 955 Nouissimam
757 908 799 955 est
816 900 888 956 enim
903 900 995 956 Destri-
1047 911 1138 957 errante
1148 909 1175 956 et
1185 903 1309 957 dicento:
1325 902 1355 958 Si
1366 904 1424 974 quis
1437 905 1504 969 sitit,
1514 906 1599 959 reniet
1613 906 1648 960 ud
1660 923 1711 973 sne,
1721 917 1746 961 et
1757 907 1839 963 linat.

202 1004 266 1044 narn
276 987 370 1045 lesam
381 988 534 1055 Christatn,
544 1006 605 1045 cata
620 999 682 1060 post
696 991 754 1062 ejas
771 993 995 1048 resurrectionem
1048 994 1100 1060 Qut
1114 995 1194 1048 eredit
1209 996 1236 1050 ia
1250 1012 1302 1060 ute,
1323 998 1435 1065 piunnnn
1449 1014 1524 1067 epate
1538 999 1600 1053 riou·
1612 1000 1694 1068 parnt
1708 1000 1741 1054 dc
1754 1011 1842 1055 eentre

202 1095 219 1135 a
244 1079 363 1135 mortuis.
383 1081 509 1136 aseendit
532 1080 560 1135 iu
585 1081 706 1145 eoelatn,
732 1082 840 1137 dedisse
864 1081 995 1152 Spiritum
1047 1084 1103 1153 ejas
1123 1083 1287 1157 (lacurn).
1316 1087 1487 1160 Evangelista
1508 1097 1599 1144 autent
1623 1092 1749 1160 exposuit
1768 1093 1840 1148 unde

201 1179 348 1229 nactam:
369 1185 426 1236 qao
447 1171 590 1230 eredentes
609 1171 732 1244 impleti,
759 1173 858 1244 linguis
873 1174 995 1229 otnttiattt
1047 1173 1168 1240 diceret‚;
1196 1185 1306 1231 secatus
1329 1179 1401 1233 euim
1426 1180 1484 1233 nit:
1512 1178 1570 1235 Hac
1591 1181 1661 1235 enim
1683 1182 1784 1237 dicebat
1807 1185 1840 1238 rie

200 1262 323 1332 ‘eratum
337 1262 530 1332 loquebantur,
557 1263 586 1318 ln
607 1272 711 1318 mittum
726 1266 827 1319 dustram
846 1266 894 1321 net
910 1275 952 1321 est
967 1266 993 1320 in
1047 1261 1147 1333 Spiritu
1158 1282 1235 1335 quent
1247 1271 1379 1339 accepturi
1392 1281 1467 1324 erant
1481 1272 1613 1327 credentes
1626 1273 1654 1327 in
1665 1274 1838 1345 conliniet).

200 1360 334 1422 quantam
347 1353 429 1408 datur
440 1354 481 1409 eis
493 1354 539 1424 qui
551 1370 600 1424 per
609 1369 671 1410 earn
684 1355 799 1427 diligunt
809 1355 904 1411 Deum.
917 1357 994 1426 Apud
1047 1352 1100 1407 Sed
1112 1354 1184 1409 aliud
1195 1364 1238 1410 est
1249 1372 1318 1427 aqna
1332 1361 1505 1426 sacramenti,
1517 1362 1590 1418 aliud
1602 1380 1672 1434 aqua
1684 1381 1744 1435 qtrtu
1757 1367 1840 1437 signi·

200 1453 331 1499 seautesn
340 1443 412 1501 Deus
421 1454 474 1510 est,
482 1446 553 1516 apud
562 1461 612 1501 nos
624 1445 725 1500 donant
738 1455 790 1510 est,
799 1447 846 1501 sed
856 1446 996 1517 sempiter·
1046 1443 1110 1499 stent
1127 1443 1259 1516 Spiritum
1278 1449 1335 1503 [lei.
1360 1450 1437 1521 Aqrra
1454 1454 1529 1508 enim
1547 1457 1710 1510 sacramenti
1725 1457 1841 1514 risibilis

200 1552 237 1592 ae
251 1536 370 1608 Spiritus
384 1546 497 1593 sanetas
512 1538 611 1592 donam
625 1545 686 1602 est,
701 1537 869 1593 distribuens
882 1537 995 1608 singulis
1045 1546 1102 1602 est,
1116 1552 1186 1608 sqaa
1201 1537 1320 1611 Spiritus
1334 1542 1477 1599 invisibilis
1491 1554 1542 1600 est.
1563 1545 1617 1600 lsta
1631 1546 1716 1603 attuit
1728 1563 1840 1619 eorpus,

196 1640 281 1702 prottl
293 1631 362 1697 tall,
374 1632 525 1702 gratiarnm
540 1634 608 1688 dona
621 1632 645 1704 (l
657 1632 718 1688 Cor.
730 1633 792 1705 nr).
811 1631 879 1687 Nam
893 1642 921 1689 et
932 1648 995 1703 prn-
1044 1634 1073 1681 et
1095 1626 1231 1699 signifieat
1254 1633 1325 1700 qnod
1350 1632 1381 1687 l'tl
1404 1633 1431 1687 itt
1455 1634 1565 1689 anltna:
1586 1650 1636 1706 pet·
1654 1635 1729 1691 illum
1749 1648 1841 1693 nutent

199 1724 309 1793 plretis,
330 1725 431 1794 qrribas
444 1725 518 1790 salt,
542 1725 680 1797 impartit;
703 1734 732 1781 et
749 1736 877 1795 peecata,
895 1726 994 1797 qutlnrs
1046 1717 1177 1788 Spiritum
1188 1731 1312 1777 sanctam
1325 1723 1381 1792 ipsa
1392 1724 1483 1779 anima
1496 1726 1840 1799 mundaturetssgiustar.

198 1815 269 1881 ruit,
280 1816 413 1873 dimittit:
431 1832 493 1871 nara
509 1826 619 1887 peecata
634 1824 728 1873 nostra
741 1816 800 1873 sine
815 1816 917 1887 Spiritu
931 1832 994 1873 saa·
1007 1809 1031 1868 B
1046 1806 1165 1878 Spiritus
1178 1820 1290 1868 ”neuls
1303 1813 1364 1869 Μθθ
1377 1815 1470 1870 ῡῦῡῑῑθ
1482 1817 1592 1883 illelius,
1601 1815 1706 1874 ¹⁰³¹¹¹ne
1717 1819 1841 1888 ³1³⁰⁸l0¹0

198 1916 246 1961 cto
268 1922 321 1961 noa
343 1908 491 1962 donantur.
517 1905 635 1977 Spiritus
655 1911 767 1962 sanetas
788 1907 852 1962 iude
871 1905 992 1962 alteritas
1043 1912 1162 1962 testante
1176 1907 1203 1977 (l
1215 1907 1360 1977 Joau.ttl;
1377 1910 1440 1980 qnia
1455 1912 1525 1967 siout
1538 1913 1628 1969 oleum
1643 1914 1761 1969 astaron
1773 1929 1840 1985 pun·

196 1998 309 2069 proprie
324 2005 516 2069 nauoupstar:
533 1999 574 2053 rel
588 1998 652 2068 qaia
666 1998 826 2055 naturaliter
839 2014 888 2055 eos
901 2015 917 2054 a
930 2000 992 2070 qai·
1043 1995 1108 2052 dere
1118 1998 1288 2067 superfertur
1299 2002 1373 2056 omni
1384 2002 1500 2071 liquore,
1512 2005 1548 2059 ita
1560 2005 1588 2060 in
1599 2006 1733 2077 principio
1744 2021 1840 2077 super·

196 2087 250 2142 bas
267 2088 410 2157 precedit,
435 2087 577 2161 renuent
591 2097 620 2144 et
640 2105 671 2146 se
690 2105 772 2145 unam
792 2105 855 2145 eata
871 2091 913 2147 eis
931 2106 991 2147 esse
1043 2087 1181 2145 ferebatur
1189 2090 1306 2161 Spiritus
1313 2096 1518 2165 sanentsaquis.
1527 2095 1636 2152 Uatleet
1645 2096 1839 2153 Dominusoleo

196 2179 333 2244 ostendit;
355 2178 398 2234 rei
411 2180 476 2249 qaia
491 2179 517 2233 ia
535 2180 613 2236 nobis
628 2181 655 2236 id
668 2181 740 2253 agit,
761 2190 791 2236 at
811 2182 839 2237 in
859 2182 915 2238 ileo
934 2197 992 2237 rua-
1042 2180 1241 2246 exsultationis,
1267 2183 1318 2238 hoe
1338 2192 1382 2238 est
1402 2183 1505 2255 Spiritu
1523 2195 1630 2250 saneto,
1643 2185 1743 2255 legitur
1755 2184 1839 2242 laissa

195 2286 322 2336 nesutas,
335 2280 364 2327 et
377 2271 475 2341 ipsein
490 2272 577 2328 nobis
596 2272 672 2330 Unde
687 2284 715 2330 et
728 2274 756 2331 in
770 2275 849 2331 dunis
862 2275 911 2330 Dei
925 2275 992 2330 nihil
1043 2281 1151 2329 anetus.
1168 2274 1202 2329 Et
1214 2273 1333 2331 loannes
1345 2277 1484 2346 apestolus
1498 2276 1630 2347 Spiritum
1645 2285 1770 2333 sanetum
1785 2294 1837 2331 un·

195 2361 285 2431 suajus
295 2372 339 2418 est
349 2363 497 2431 charitate,
512 2373 541 2420 et
554 2365 657 2420 nullutn
670 2374 713 2422 est
726 2365 815 2436 majus
827 2366 927 2423 donam
943 2367 990 2423 Del
1042 2365 1160 2420 ctionem
1177 2374 1265 2432 rocat,
1281 2367 1373 2422 diceus
1387 2366 1502 2439 (illnlz
1520 2366 1556 2421 Et
1569 2383 1613 2423 ros
1625 2369 1775 2421 aristionem
1789 2365 1837 2438 [Et

194 2469 278 2523 eumn
292 2454 411 2525 Spiritus
425 2464 546 2531 sanctie.
563 2455 623 2526 lpse
634 2467 677 2513 est
689 2467 718 2512 et
731 2458 818 2528 gratia
832 2475 839 2512 :
855 2474 915 2528 quse
926 2460 991 2530 qaia
1042 2453 1154 2526 aestivi,
1168 2471 1246 2526 muns
1259 2456 1396 2526 accepistis
1411 2455 1444 2510 ai
1453 2472 1495 2521 eo,
1505 2467 1655 2527 perterrent
1670 2456 1697 2510 in
1711 2455 1790 2510 reiis.
1804 2456 1838 2510 Et

194 2561 251 2601 non
265 2562 317 2617 pre
332 2547 438 2602 ntetitis
449 2548 566 2613 nonris,
587 2549 634 2603 sed
647 2549 785 2605 voluntate
799 2550 889 2605 diuina
906 2551 992 2622 gratis
1043 2562 1145 2601 necem
1162 2562 1215 2600 non
1230 2545 1331 2601 iubetis
1353 2557 1381 2600 ut
1405 2547 1502 2619 uliquis
1515 2547 1606 2602 docent
1626 2563 1683 2612 aas,
1704 2547 1749 2601 sed
1770 2547 1836 2601 sictut

194 2636 286 2703 dsarr,
310 2638 374 2693 inde
394 2639 486 2710 gratis
507 2649 690 2712 nuncupetur.
716 2640 792 2698 Sient
816 2645 926 2699 unicum
943 2645 990 2700 ppt
1042 2637 1131 2691 unctio
1143 2637 1202 2707 ejas
1214 2637 1288 2692 docet
1300 2654 1345 2694 ros
1357 2639 1389 2693 de
1402 2640 1473 2693 omiti
1486 2656 1523 2694 re.
1542 2640 1600 2710 lpse
1612 2646 1655 2695 est
1666 2637 1739 2694 eninr
1751 2638 1839 2709 Spiri-

195 2726 316 2783 l’erlsuat
333 2730 447 2798 preprie
465 2745 596 2786 amsans
613 2732 723 2788 neruine
743 2733 903 2804 sapientie,
928 2749 991 2790 eam
1043 2736 1086 2785 las
1100 2742 1212 2787 sanetas
1224 2732 1316 2787 anesin
1330 2733 1483 2789 inuisibilis.

194 2817 232 2874 sit
243 2817 487 2885 Pater,etl·'ilias,
501 2829 530 2877 et
539 2820 659 2893 Spiritus
672 2833 785 2880 sortutas
799 2826 991 2882 universaliter
1353 2843 1467 2900 Cpppp
1486 2843 1530 2898 tv,

194 2908 349 2979 sapientis:
367 2910 406 2965 ita
424 2910 544 2982 Spiritus
562 2922 673 2970 mactas
694 2916 802 2986 proprie
816 2926 990 2988 nuncapatur
1287 2914 1434 2969 Decetiam
1453 2913 1582 2969 Triuitete

194 3000 328 3056 amabalo
337 3000 498 3067 eharitatis,
514 3018 577 3059 earn
591 3004 627 3059 sit
640 3003 724 3060 Pater
736 3013 766 3060 et
778 3004 863 3063 Titius
877 3007 988 3063 aniter-
1077 3003 1197 3060 Trinitas
1208 3005 1342 3076 appel‘ata
1354 3004 1425 3075 quod
1436 3003 1483 3059 liat
1495 3012 1581 3059 totam
1592 3018 1675 3058 unum
1685 3018 1718 3058 es
1728 3003 1836 3074 qttilrus

192 3092 290 3149 salites
301 3093 434 3152 ebaritas.
461 3094 580 3166 Spiritus
593 3105 706 3154 sanetas
717 3097 819 3168 digitus
841 3099 888 3154 net
914 3115 987 3167 esse,
1040 3093 1103 3149 dent
1116 3094 1214 3161 tribas,
1224 3095 1302 3166 qussi
1315 3094 1443 3151 trinitas:
1461 3103 1490 3150 ut
1504 3094 1644 3159 memoris,
1660 3094 1837 3167 intelligentia

193 3184 223 3240 in
236 3184 314 3241 libris
323 3186 465 3259 Eneapelii
476 3188 820 3258 apertissimedeelaratur.
836 3189 904 3268 Cum
914 3190 989 3247 euim
1002 3165 1026 3229 C
1041 3201 1070 3248 et
1081 3191 1222 3259 roltrutus,
1245 3192 1273 3247 in
1293 3191 1391 3262 quilars
1408 3206 1486 3246 tuens
1502 3191 1585 3246 habet
1599 3191 1626 3246 in
1643 3206 1673 3247 se
1689 3191 1835 3260 qttamdnut

193 3279 443 3349 massanissa
462 3278 594 3335 dixisset:
616 3279 650 3334 la
669 3281 752 3352 dipite
767 3281 816 3337 liei
835 3283 913 3353 ejicio
931 3283 989 3338 dte·
1041 3283 1186 3354 imaginem
1206 3282 1306 3338 diritate
1326 3282 1478 3337 Trinitatis.
1508 3280 1577 3337 Nam
1600 3283 1664 3338 dum
1687 3282 1739 3337 tria
1761 3282 1837 3349 siut,

192 3368 369 3438 eremeliae.
378 3371 430 3444 st),
447 3370 518 3427 alias
531 3372 585 3427 hos
597 3371 670 3427 ident
685 3372 721 3428 ita
736 3374 823 3429 diruit:
838 3373 871 3428 lu
887 3373 990 3446 Spiritu
1041 3390 1124 3430 ttntttu
1139 3382 1221 3440 sunt,
1238 3374 1302 3445 qaia
1315 3381 1343 3430 et
1357 3374 1461 3445 singula
1476 3373 1503 3430 iu
1517 3389 1547 3430 se
1560 3383 1686 3442 manent,
1705 3381 1733 3431 et
1745 3374 1837 3432 omnia

190 3460 245 3514 Dei
261 3461 341 3531 ejicio
357 3461 490 3516 dantesie
505 3461 614 3534 (Hatris.
628 3461 689 3533 ιιι).
711 3463 788 3520 Unde
802 3473 830 3520 et
842 3465 928 3536 dgna
940 3464 989 3520 net
1041 3466 1217 3522 ineunttus.
1394 3530 1399 3542 ¹

190 3552 354 3624 astipuler
368 3562 422 3620 est,
435 3554 499 3609 data
513 3555 558 3610 dle
571 3554 792 3625 qoinquagesiraa
806 3557 841 3611 ult
852 3558 989 3614 occisione
1074 3557 1170 3613 Omnis
1181 3557 1272 3628 itaque
1283 3556 1424 3629 Scriptura
1434 3556 1542 3613 Veteris
1551 3571 1584 3613 ac
1593 3555 1659 3611 Nori
1670 3554 1837 3611 Testamenti

190 3646 258 3716 ugni
271 3663 280 3699 s
295 3654 324 3700 et
342 3646 387 3703 die
405 3645 630 3718 qtinqaapeslma
648 3648 721 3703 teuit
741 3647 859 3719 Spiritus
878 3657 989 3706 sanetus
1040 3648 1168 3703 nutritus
1184 3648 1332 3719 inspirata,
1352 3649 1375 3703 si
1390 3647 1523 3704 eatlroliee
1536 3645 1706 3716 intelligitur,
1726 3645 1777 3701 hoe
1790 3644 1834 3700 in·

190 3753 209 3790 a
224 3737 353 3807 passione
373 3737 481 3793 Domini
499 3738 585 3793 nestri
598 3735 661 3794 iesu
676 3737 788 3793 Christi.
814 3737 877 3794 lieo
896 3747 988 3795 autent
1039 3741 1130 3795 sinunt
1145 3739 1216 3810 quod
1234 3739 1325 3805 Pater,
1349 3748 1377 3794 et
1398 3739 1496 3806 Filias,
1520 3748 1548 3794 et
1571 3737 1690 3810 Spiritus
1712 3745 1835 3803 sanetus,

190 3826 297 3898 &itas
312 3827 361 3883 liei
381 3827 493 3894 dieitur,
519 3839 549 3883 at
573 3826 633 3897 ejus
655 3829 810 3900 operatoris
825 3830 913 3885 virtus
926 3846 987 3886 earn
1040 3843 1110 3884 unrrs
1123 3829 1158 3885 sit
1173 3828 1254 3893 Deus,
1270 3829 1446 3901 ejusdemque
1459 3829 1629 3893 substantia,
1645 3827 1779 3898 unitasque
1792 3842 1837 3882 es-

191 3919 278 3976 Patre
288 3928 316 3976 et
327 3919 397 3976 Filio
409 3921 587 3993 significetar.
605 3921 682 3978 Unde
695 3931 723 3978 et
734 3921 834 3978 Paulus
848 3923 905 3978 ait:
924 3922 989 3978 licre
1040 3921 1134 3977 sentin
1155 3930 1238 3992 atque
1259 3921 1448 3993 inseparabilis
1467 3920 1649 3976 indivinitatis
1662 3917 1837 3992 [tiirinitstisl

192 4021 283 4066 merra
296 4013 387 4066 erema
399 4021 524 4083 operam
539 4029 606 4067 anas
626 4022 704 4083 etque
718 4012 788 4067 ident
804 4012 929 4083 Spiritus,
945 4013 988 4068 di·
1038 4012 1163 4067 anitnte:
1178 4013 1293 4084 ideoque
1307 4030 1359 4069 non
1372 4021 1434 4069 sant
1450 4023 1506 4068 tres
1519 4012 1566 4078 dii,
1579 4011 1627 4067 sed
1639 4027 1728 4065 ttnus:
1744 4010 1836 4074 Pater,

191 4105 285 4158 etam
297 4102 409 4174 sirpsirs
428 4112 506 4175 pren
526 4103 579 4158 velt
594 4102 622 4177 (l
636 4102 698 4159 Cor.
714 4105 776 4177 atr).
804 4104 882 4160 Sicut
898 4115 988 4162 autern
1039 4111 1067 4157 et
1079 4102 1173 4167 Filius,
1186 4115 1214 4158 et
1224 4100 1344 4173 Spiritus
1357 4110 1487 4158 sanetas:
1504 4099 1631 4171 quamvis
1643 4097 1724 4152 Pater
1735 4097 1835 4152 Filium

191 4212 244 4268 per
256 4196 422 4266 baptisatam
443 4196 471 4252 ln
490 4196 600 4252 Christo
614 4197 745 4253 morimur·
759 4208 787 4253 et
807 4200 987 4266 renascimur,
1039 4198 1173 4270 genuerit,
1187 4206 1215 4252 et
1228 4197 1289 4252 ideo
1303 4196 1389 4251 Filias
1405 4211 1458 4249 nun
1473 4193 1509 4248 sit
1520 4193 1566 4263 qai
1579 4191 1663 4246 Pater
1674 4198 1727 4254 est,
1740 4189 1838 4245 Filius·

193 4290 232 4341 its
246 4286 350 4358 Spiritu
365 4288 515 4359 signatam,
535 4287 580 4357 qai
595 4297 638 4342 est
650 4286 750 4359 digitus
763 4286 812 4343 Dei
827 4295 855 4344 et
868 4288 989 4359 spiritale
1039 4305 1092 4359 qtae
1107 4303 1123 4342 a
1137 4288 1219 4342 Patro
1242 4287 1279 4343 sit
1301 4285 1427 4358 gentitus,
1447 4292 1475 4356 el
1496 4284 1556 4339 ideo
1567 4282 1650 4338 Pater
1667 4297 1720 4337 non
1738 4281 1774 4336 sit
1790 4281 1837 4351 qtti

193 4377 374 4449 signantium.
403 4377 522 4448 Spiritus
544 4387 655 4433 sanetas
678 4377 780 4434 ideireo
805 4379 831 4433 lu
855 4378 988 4435 colunne
1038 4376 1728 4451 Filiusest:SpiritussanetusneePaterslt,nec
1741 4375 1835 4458 Filius,

193 4473 285 4542 strerie
299 4473 406 4528 reaisse
420 4471 559 4537 scribitur,
583 4480 613 4526 nt
636 4479 732 4525 natura
756 4468 816 4539 eius
839 4487 887 4541 per
909 4488 986 4527 orem
1039 4475 1086 4530 sed
1105 4482 1207 4528 tautum
1225 4472 1314 4527 Patris
1337 4478 1365 4527 et
1387 4470 1449 4526 Filii
1464 4469 1603 4541 Spiritus,
1629 4469 1703 4525 Patri
1723 4477 1751 4525 et
1767 4469 1837 4524 Filio

194 4564 378 4636 simplicitatis
392 4572 420 4620 et
431 4564 591 4619 innocentius
605 4563 768 4619 declaretur.
792 4563 869 4619 Uude
886 4573 914 4619 et
934 4564 987 4620 no·
1000 4523 1027 4583 D
1040 4567 1121 4621 etiam
1136 4566 1192 4635 ipse
1206 4565 1351 4636 coequalis
1364 4574 1393 4619 et
1407 4565 1440 4620 nd
1454 4564 1597 4619 Trinitatis
1618 4563 1758 4634 pertinens
1772 4565 1835 4620 uni·

196 4660 286 4715 urinas
306 4677 313 4714 :
341 4658 452 4724 Estote,
477 4658 584 4728 inquit,
609 4658 740 4729 simplices
764 4659 833 4713 sicat
861 4656 988 4713 columbe
1040 4666 1134 4714 tatem.
1150 4657 1183 4712 tn
1194 4658 1251 4712 hee
1262 4655 1382 4713 Trinitas
1395 4672 1465 4711 anus
1476 4665 1517 4712 est
1530 4655 1611 4721 Deus,
1621 4671 1655 4710 ex
1667 4670 1721 4727 qtto
1732 4655 1838 4730 omnia,

196 4750 304 4821 (latin.
326 4749 366 4822 ι).
395 4749 458 4806 liceo
475 4750 548 4805 euim
566 4748 624 4804 aris
647 4748 825 4819 corporaliter
846 4748 904 4820 ipsu
927 4747 988 4803 telle
1038 4762 1181 4818 pererrem
1195 4747 1303 4812 omnia,
1318 4754 1346 4802 et
1369 4745 1396 4801 in
1412 4747 1587 4816 quaomnia,
1602 4745 1837 4803 bentol‘auloat-

195 4851 290 4908 teret,
322 4841 426 4897 itabens
449 4849 555 4896 latriam
586 4840 769 4895 innocentiam
800 4847 828 4894 el
855 4853 987 4893 amorem.
1039 4851 1176 4908 testante,
1197 4842 1242 4897 alti
1263 4842 1321 4897 ait:
1338 4839 1476 4907 Quomodo
1490 4837 1646 4911 [ereuiam]
1669 4854 1702 4892 ex
1720 4837 1787 4909 ipso,
1809 4848 1835 4893 et

196 4935 313 5007 Spiritus
333 4944 445 4990 sanetas
464 4933 527 4988 inde
545 4933 654 4989 nttnrtue
678 4932 748 5003 ignis
771 4932 921 5002 appellatur
938 4945 988 5002 pro
1039 4951 1085 5005 per
1094 4935 1191 5004 ipsam,
1202 4943 1225 4987 et
1237 4934 1266 4987 in
1278 4933 1333 5004 ipso
1343 4939 1404 4986 saut
1417 4932 1505 4985 oannis
1517 4943 1526 4981 :
1539 4930 1588 4998 ipsi
1601 4926 1685 4999 pluria
1697 4928 1725 4981 in
1736 4927 1839 4984 sectile.

195 5045 228 5085 eo
252 5028 325 5100 quod
352 5029 380 5084 in
405 5025 588 5100 apostolorum
611 5025 725 5080 Actibus
756 5039 806 5094 per
827 5024 987 5079 divisionem
1038 5023 1205 5080 seculorum.
1221 5022 1303 5078 Arnen
1327 5017 1835 5092 (Rom.st).lgiturlirmissirneeredi-

194 5126 347 5198 liogaaratn
371 5130 402 5178 at
425 5121 496 5195 ignis
519 5122 663 5192 apparuit:
681 5121 727 5191 psci
750 5127 775 5175 et
796 5119 891 5174 insedit
910 5134 989 5189 super
1038 5133 1109 5181 ntus,
1124 5115 1245 5180 Patrem,
1259 5122 1286 5169 et
1296 5111 1444 5178 ffilium,et
1456 5109 1588 5181 Spiritum
1601 5116 1738 5173 sanctum,
1750 5123 1834 5161 unum

194 5231 403 5289 unumquenque
418 5227 509 5268 eornm
524 5211 593 5284 (Act.
608 5212 652 5283 u).
679 5211 828 5281 Propterea
843 5218 933 5265 attteut
947 5210 988 5266 tli-
1037 5222 1098 5261 esse
1113 5204 1273 5261 naturaliter
1287 5203 1391 5258 Deum:
1412 5216 1500 5270 neque
1516 5207 1607 5254 tamen
1623 5198 1711 5268 ipsam
1725 5196 1837 5260 Patrem

193 5324 334 5364 versurum
361 5307 516 5380 linguarum
541 5305 656 5377 gratiam
683 5302 814 5373 apostolis
839 5302 932 5364 ttulit,
958 5311 989 5357 ιιι
1038 5315 1098 5355 esse
1112 5297 1158 5369 qni
1173 5295 1259 5351 Filius
1272 5305 1324 5362 est,
1339 5309 1389 5350 nee
1402 5292 1500 5348 Filiam
1517 5291 1604 5363 ipsam
1620 5303 1682 5346 esse
1694 5288 1740 5358 qai
1753 5287 1834 5344 Pater

193 5400 282 5455 idonei
305 5398 479 5455 elileereutur
500 5396 618 5451 fidelium
640 5394 792 5450 eruditione
814 5391 984 5463 populorum.
1038 5398 1089 5453 est,
1104 5403 1154 5444 nee
1169 5387 1301 5457 Spiritum
1315 5391 1440 5440 sanetum
1456 5383 1543 5450 ipsum
1557 5395 1618 5436 esse
1632 5378 1677 5450 qui
1692 5375 1837 5434 Paternus

193 5491 271 5560 uuor
292 5505 356 5546 reso
379 5503 463 5560 supra
487 5486 608 5559 singulos
633 5485 736 5541 sedisse
762 5493 936 5546 tarenromtur,
960 5480 987 5536 id
1038 5480 1123 5535 Filias
1136 5486 1187 5534 est.
1209 5477 1267 5534 Una
1282 5486 1325 5531 est
1339 5475 1410 5531 enirn
1424 5471 1528 5537 Patris,
1542 5479 1571 5527 et
1585 5469 1657 5535 Filii,
1673 5477 1700 5526 et
1715 5468 1835 5540 Spiritus

193 5598 282 5640 masas
299 5591 341 5637 est
361 5590 390 5637 ut
409 5579 576 5649 intelligatur
588 5593 636 5648 per
650 5576 740 5648 plures
753 5591 807 5630 aton
821 5575 903 5631 luisse
916 5574 986 5630 etri·
1038 5574 1124 5629 sancti
1137 5571 1274 5629 essentia:
1291 5570 1318 5624 iu
1337 5583 1391 5639 qua
1414 5581 1467 5621 non
1490 5571 1532 5619 est
1546 5562 1619 5619 aliud
1642 5562 1736 5628 Pater,
1759 5561 1836 5632 alind

192 5689 251 5740 sas,
264 5674 312 5730 sed
324 5671 458 5728 mansisse
471 5672 498 5726 in
510 5669 622 5739 singulis
636 5679 719 5732 tutas,
731 5667 802 5722 sirut
813 5667 868 5722 lere
882 5666 987 5736 ignibus
1038 5663 1132 5730 Filius,
1151 5663 1224 5719 aliud
1238 5659 1357 5733 Spiritus
1372 5665 1501 5712 satietas:
1517 5653 1641 5725 quamvis
1655 5651 1833 5723 personaliter

192 5783 254 5832 tarn
266 5775 318 5824 nst.
343 5763 418 5822 lianc
432 5761 506 5820 enirn
521 5761 602 5823 liniet
619 5768 745 5824 staturam
763 5757 831 5832 iguis
846 5773 986 5818 accensus,
1039 5756 1073 5810 sit
1088 5755 1158 5811 alius
1172 5753 1263 5818 Pater,
1285 5749 1354 5806 alius
1371 5747 1467 5812 Titias,
1489 5744 1558 5801 alias
1572 5743 1690 5814 Spiritus
1710 5750 1830 5811 sanetus.
