4042 6200
221 264 292 322 ttbtl

558 257 588 313 tt.
609 254 736 313 RABth
755 254 865 312 itheth
883 252 1043 310 ancorae.
1064 252 1217 312 abdunt.
1239 251 1381 313 olrehhtt
1399 251 1489 310 PARS
1508 252 1551 309 lli.

1788 253 1864 307 llos·

223 378 268 434 Sic
292 384 319 431 et
331 375 421 432 omnis
435 375 492 448 qui,
504 373 598 430 relicto
615 388 668 429 nno
681 388 745 429 tero
756 372 822 435 Deo,
845 369 872 424 in
888 367 1018 423 auxilium
1032 373 1056 430 Α
1070 385 1114 438 na,
1128 379 1157 426 et
1171 372 1237 439 riti,
1257 375 1304 444 qui
1318 377 1351 431 de
1365 378 1434 432 trtrlri
1445 376 1478 432 lis
1497 376 1548 431 Nili
1573 376 1651 446 aquis
1670 374 1866 445 lruplehautur.

222 467 318 540 lragile
332 465 411 523 istius
430 466 520 522 mnudi
536 480 611 536 spem
625 464 712 536 ponit,
733 477 824 520 eoram
842 460 1016 530 nequissimis

223 554 356 621 hostibus,
374 550 427 608 hoe
439 561 492 619 est,
508 550 633 622 malignis
651 549 802 619 spiritibus,
816 547 943 602 resistere
961 562 1016 601 non

222 641 334 711 vaiebit,
353 644 399 700 sed
410 642 469 714 ejus
486 642 710 699 machinamentis
723 642 857 714 perversis
867 641 1015 707 irretietur,

224 737 358 807 rapietur,
381 744 408 789 et
432 742 597 791 conteretur.
614 733 707 805 ltaque
724 733 813 790 locum
834 734 915 790 istum
936 746 1017 803 quem

223 826 376 893 incolimus,
390 833 418 881 et
432 825 571 892 mrtodum,
587 825 631 895 qui
655 826 682 880 iu
701 824 818 898 maligno
830 824 934 896 positus
955 831 1016 888 cst,

224 917 371 991 AEgyptum
382 931 524 988 possumus
535 915 669 987 appellare
678 933 684 969 ε
693 915 820 982 marinae,
834 915 896 986 quia
906 923 1014 975 ctiam,

224 1022 255 1066 ut
267 1010 365 1067 dieitur
375 1008 519 1081 AEgyptus,
531 1009 724 1078 iuterpretatur
736 1008 878 1073 tribulans,
890 1015 917 1061 et
927 1007 960 1061 ad
970 1022 1018 1060 au-

160 1161 163 1166 ,
225 1102 340 1173 gustiam
360 1101 478 1156 rediens.
493 1100 527 1155 Et
540 1114 614 1163 vere,
634 1099 697 1171 quia
721 1099 775 1153 iata
794 1098 837 1152 ria
851 1106 876 1153 el
900 1097 1019 1168 spatiosa

225 1191 304 1246 istius
314 1189 423 1257 muudi,
440 1190 474 1244 ad
490 1189 690 1244 tribulationem
705 1198 787 1259 atque
802 1187 955 1259 angustiam
970 1186 1018 1240 ad-

225 1285 304 1338 ducet
322 1289 488 1353 perpetuam.
517 1280 619 1335 Dehinc
647 1296 712 1352 ergo
736 1278 800 1350 quid
825 1278 956 1349 propheta
984 1274 1018 1330 ad

224 1373 370 1446 AEgyptum
381 1372 507 1443 loquatur
519 1371 667 1427 uideamus.

263 1488 272 1519 t
292 1467 444 1539 l‘rtcparate
468 1474 573 1521 scotum
587 1472 616 1521 et
636 1463 769 1535 elypeum,
785 1469 812 1516 et
836 1458 973 1531 procedite
985 1456 1019 1512 ad

227 1581 236 1613 ι
250 1560 360 1626 bellurn,
372 1559 476 1631 jungite
486 1572 570 1628 equos
580 1566 608 1611 et
621 1553 757 1611 ascendite
767 1552 891 1624 equites:
909 1559 978 1606 state
991 1550 1019 1604 io

228 1653 351 1726 «galeis,
376 1650 458 1722 polite
484 1650 604 1712 lanceas,
628 1646 730 1701 induite
758 1658 806 1699 ros
831 1641 931 1697 loricis.
950 1638 1019 1707 Quid

1106 482 1116 514 ι
1131 462 1276 519 Ascenditc
1290 480 1374 533 equos
1388 476 1415 520 ct
1425 464 1559 520 exsultate
1570 466 1596 519 iu
1611 464 1748 526 curribus,
1758 470 1786 516 et
1801 477 1873 532 pro·

1070 571 1080 605 ι
1095 555 1191 608 cedant
1202 552 1286 609 sortes
1292 553 1436 635 AEtbiopiae
1446 564 1473 610 et
1483 555 1574 627 Libyae
1581 563 1704 609 tenentes
1712 561 1830 617 scutum,
1839 558 1874 606 et

1072 662 1081 693 ι
1098 641 1175 715 Lydii
1189 644 1351 713 arripientes
1366 654 1394 700 et
1409 645 1538 716 jacientes
1554 644 1675 715 sagittas.
1695 643 1759 697 Dies
1773 652 1874 696 aretem

1071 752 1081 788 ι
1098 734 1141 791 ille
1152 735 1257 791 Domini
1271 737 1317 792 Dei
1331 739 1507 801 exercituum,
1523 737 1582 791 dies
1594 735 1715 798 ultionis,
1732 744 1762 788 ut
1776 741 1876 788 sumat

1072 825 1246 881 ‹uindictaur
1266 826 1300 882 de
1323 827 1441 882 inimicis
1455 826 1522 882 suis.
1552 825 1699 882 Det'orabit
1723 823 1832 895 gladius
1847 833 1880 878 et

1072 918 1273 981 «saturabitur,
1298 926 1325 972 et
1346 918 1526 973 inebriabitur
1548 916 1679 988 sauguine
1702 930 1809 971 comm.
1824 912 1879 967 l'i·

1072 1007 1181 1061 «etima
1194 1008 1266 1062 enim
1280 1007 1386 1063 Domim
1398 1009 1565 1064 exercituum
1588 1008 1615 1062 in
1639 1016 1712 1062 terra
1732 1005 1878 1077 aquilonis
1913 1078 1923 1087 -

1072 1096 1173 1168 tjurta
1199 1096 1297 1153 duureu
1325 1099 1521 1170 Euphratem.»
1547 1096 1692 1171 (ligores.)
1717 1098 1832 1153 Mandat
1847 1106 1882 1151 nt

1070 1189 1217 1269 asceudant
1228 1204 1328 1259 equos,
1342 1199 1369 1244 et
1387 1191 1524 1245 exsultent
1541 1191 1568 1246 iu
1588 1190 1713 1245 curribus
1724 1198 1753 1245 et
1772 1205 1881 1260 prooe-

1070 1276 1135 1332 dant
1150 1277 1244 1343 lortes,
1258 1280 1309 1334 hoc
1324 1288 1382 1346 est,
1409 1279 1445 1333 illi
1460 1282 1506 1350 qui
1527 1294 1576 1350 per
1599 1278 1746 1335 elationem
1767 1280 1880 1335 mentis

1070 1367 1210 1424 confidunt
1237 1370 1263 1424 in
1288 1371 1395 1441 pmpria
1415 1372 1547 1441 potentia,
1571 1386 1604 1425 ex
1630 1370 1782 1425 confinibus
1810 1386 1868 1441 pro

1071 1460 1167 1516 vinciis
1179 1459 1308 1533 AEgypto,
1318 1479 1351 1517 ex
1362 1461 1511 1532 AEtlriepia,
1523 1461 1626 1517 scilieet
1635 1460 1718 1532 libya
1731 1470 1759 1516 et
1773 1460 1881 1532 Lydia,

1071 1567 1132 1622 qnae
1153 1552 1288 1622 quondam
1304 1553 1374 1607 iuter
1390 1562 1483 1624 gentes
1509 1552 1710 1608 robustissimas
1739 1560 1882 1621 reputate

1072 1654 1145 1709 sum,
1160 1660 1276 1715 quornm
1290 1662 1336 1700 rex
1351 1645 1461 1701 croesus
1472 1655 1541 1713 crat,
1556 1656 1584 1702 et
1597 1646 1724 1716 incipiant
1739 1646 1883 1717 praeIiari.

228 1764 237 1797 ι
253 1742 355 1816 igitur?
371 1740 433 1796 lidi
444 1740 516 1811 ipsos
526 1736 636 1808 pavidos
648 1744 675 1791 et
687 1740 921 1807 terganertentes,
937 1728 1021 1785 lentes
1036 1732 1059 1793 B
1073 1742 1102 1789 ut
1115 1735 1174 1791 dies
1192 1733 1302 1790 ultiouis
1320 1736 1426 1790 Domini
1445 1747 1533 1791 sumat
1545 1736 1691 1791 vindictam
1703 1736 1736 1791 de
1749 1736 1882 1793 inimicis

229 1850 347 1891 tcorurtt
361 1846 465 1888 caesosl
484 1828 610 1900 iligel‘hill
621 1826 732 1891 concili,
751 1839 801 1880 nce
822 1830 1019 1894 resilexellllll:
1072 1828 1139 1889 suis,
1159 1828 1223 1900 quia
1251 1828 1351 1883 fnrslm
1377 1829 1509 1894 nituntur,
1535 1829 1634 1898 quibus
1658 1827 1779 1882 dit-inum
1812 1829 1884 1883 sub.

228 1938 341 1983 ‹terror
355 1924 482 1995 undique,
495 1919 683 1976 altbemiuus.
704 1915 761 1970 Nou
776 1914 860 1987 lugiet
871 1913 959 1977 uelox,
971 1926 1023 1966 nec
1073 1916 1191 1974 trahitur
1209 1917 1348 1973 auritium,
1377 1917 1488 1990 Mysttoe
1510 1928 1600 1974 autem
1626 1932 1721 1973 omnes
1749 1919 1882 1974 11aeoequ

228 2016 352 2073 «salvari
367 2028 396 2070 se
411 2021 488 2086 putet
502 2011 580 2066 lortis
596 2028 603 2064 ι
621 2008 654 2065 ad
668 2004 820 2078 aquilonem
833 2005 911 2077 juxta
922 2002 1021 2058 llumcn
1073 2018 1154 2079 etque
1182 2009 1348 2064 schismatici
1373 2024 1406 2064 01
1432 2008 1548 2065 diversis
1569 2008 1715 2080 provinciis
1742 2008 1813 2074 ont,
1847 2026 1884 2065 ,η

229 2105 497 2180 ιΕιιιιΙιιιιιιιιιιὶοιί
522 2111 586 2158 sunt
610 2105 804 2158 elmerum.»
832 2097 884 2152 Per
906 2095 1021 2150 ironiam
1073 2102 1220 2173 quidquam
1239 2102 1385 2172 disponunt
1406 2102 1652 2158 eontraeiritrtem
1672 2099 1792 2167 Domini,
1811 2104 1883 2173 qnia

224 2202 333 2273 quinem
350 2200 475 2255 hortatur
487 2193 629 2267 AEgypttus
643 2190 764 2247 imbelles
778 2198 805 2243 ct
821 2186 933 2257 pavidos
944 2200 1022 2239 arma
1072 2209 1133 2249 earn
1146 2196 1302 2249 subuertere
1318 2209 1369 2248 uon
1383 2201 1527 2263 poterunt:
1541 2213 1551 2243 t
1570 2193 1658 2248 Durae
1669 2193 1740 2247 enirn
1756 2192 1881 2259 inleri,t

220 2305 344 2356 sumere,
357 2296 385 2343 et
401 2286 547 2344 machinas
558 2281 626 2338 ‘helii
652 2294 816 2352 praeparare,
832 2276 906 2348 quod
928 2282 1020 2331 tantm
1069 2278 1146 2352 juxta
1162 2283 1324 2351 promissum
1345 2280 1506 2345 Submotis,
1522 2302 1530 2333 ι
1557 2298 1610 2336 non
1626 2281 1817 2351 prevalebunt
1832 2285 1884 2338 ad-

212 2386 328 2440 ·lrnstra
347 2380 469 2436 iaciunt:
486 2376 549 2448 qnia
564 2372 654 2447 paridi
674 2380 702 2427 et
716 2379 789 2442 terga
804 2377 942 2424 uertentes
957 2380 1022 2421 eon·

226 2475 280 2530 cite
292 2472 408 2544 lapaut,
432 2484 484 2526 nec
497 2465 559 2539 luga
574 2465 671 2529 uelox,
706 2476 794 2533 oeque
813 2458 943 2515 fortitude
956 2459 1021 2513 hra-

226 2564 351 2621 chierum
366 2570 459 2618 contra
483 2561 575 2614 hostes
603 2554 748 2612 delendere
773 2551 834 2607 illes
864 2560 946 2621 atque
969 2549 1023 2604 sal-

226 2669 292 2710 tare
307 2660 419 2723 potest:
437 2649 484 2705 sed
503 2645 691 2703 Chaldaeorum
710 2642 798 2715 gladio
818 2641 853 2697 ad
867 2640 1021 2710 aquilonem

1072 2386 1167 2426 uersus
1179 2387 1237 2426 eam
1259 2371 1445 2445 (alterurn),
1462 2391 1472 2425 ι
1490 2371 1538 2428 sed
1551 2372 1641 2442 potius
1657 2372 1682 2425 in
1698 2373 1742 2427 die
1758 2371 1885 2428 ultionis

1073 2462 1177 2517 Domini
1193 2463 1333 2519 devorabit
1352 2463 1397 2521 ille
1412 2463 1518 2534 gladius
1533 2463 1626 2519 hostes
1639 2461 1706 2532 ejus,
1726 2462 1762 2518 de
1776 2479 1841 2533 quo
1856 2466 1884 2519 in

1073 2554 1179 2608 cantico
1193 2554 1395 2609 Deuteronomii
1415 2552 1546 2624 scriptum
1561 2561 1621 2607 est:
1644 2572 1653 2603 ι
1671 2551 1820 2608 inebriabo
1835 2570 1884 2608 sa·

1073 2643 1154 2716 giltas
1179 2658 1253 2699 meas
1271 2645 1298 2699 iu
1321 2643 1463 2714 sanguiue,
1482 2651 1509 2699 et
1532 2641 1637 2714 gladius
1652 2656 1727 2697 meus
1753 2645 1886 2698 mandu-

223 2741 408 2816 juxttllumen
425 2739 586 2810 Euphratem
601 2734 665 2790 uicti
677 2733 948 2789 subitoeerruernnt.
1073 2737 1144 2793 cante
1168 2752 1266 2792 carues
1287 2736 1377 2803 (Dent.
1397 2736 1514 2806 nentri.»
1532 2754 1542 2788 ι
1569 2734 1603 2790 Et
1623 2735 1733 2790 victima
1749 2734 1804 2790 erit
1823 2736 1884 2791 Do-

264 2853 274 2886 ¹
288 2832 355 2901 Quis
368 2841 410 2887 0⁵¹
423 2830 484 2894 iiii»
496 2829 542 2899 qui
551 2826 630 2898 quasi
644 2824 743 2880 flumen
755 2820 886 2885 ascendii,
898 2828 925 2875 ⁰¹
936 2817 1020 2873 ueluti
1074 2828 1139 2883 mitri
1165 2829 1193 2883 in
1219 2835 1291 2883 terra
1307 2827 1449 2898 Aquilonis
1460 2828 1538 2899 juxta
1553 2824 1654 2881 humen
1674 2825 1880 2896 Euphratetn,s

229 2946 239 2980 t
255 2924 396 2980 fluviorum
422 2921 606 2976 intumescunt
632 2915 752 2988 gurgites
775 2911 861 2984 ejus!
888 2908 1022 2982 AEgyptus
1073 2918 1124 2974 hoc
1138 2926 1191 2982 est,
1205 2916 1306 2973 durum
1320 2916 1458 2973 saecularis
1470 2915 1625 2987 urtuptatts,
1651 2932 1712 2971 cunr
1728 2917 1885 2971 traduntur

231 3015 375 3072 «Dominis
397 3015 483 3068 instar
498 3010 635 3076 DSCDDdDi,
659 3006 775 3064 eluelut
797 3003 907 3058 flumina
929 3015 1022 3056 move·
1073 3008 1100 3063 in
1118 3024 1215 3064 manus
1241 3009 1302 3079 ejus
1318 3009 1363 3079 qui
1392 3009 1489 3064 solium
1515 3024 1592 3063 snum
1617 3008 1707 3079 posuit
1730 3008 1765 3061 ad
1790 3006 1885 3077 Aqui.

229 3129 238 3162 t
255 3109 355 3166 buntur
374 3104 471 3161 Ductus
491 3100 560 3172 elus,
574 3109 601 3157 et
624 3096 696 3156 dicet
708 3117 715 3152 t
729 3095 886 3153 Ascendens
898 3092 1019 3165 operiam
1034 3088 1056 3152 C
1072 3099 1171 3164 leuem,
1183 3107 1210 3154 et
1222 3096 1366 3171 plaudebat
1378 3113 1408 3154 se
1421 3097 1538 3153 similem
1551 3096 1610 3153 lore
1621 3096 1772 3160 ditissimo,
1785 3106 1819 3151 ut
1831 3113 1885 3153 eos

227 3220 238 3254 ι
254 3207 375 3261 leriam.
399 3195 511 3267 Derdam
533 3192 669 3248 iiliilwffl
690 3196 718 3245 ⁰2
739 3187 905 3244 bilbilim&
923 3181 992 3252 &1¹¹⁸-
1007 3201 1017 3234 ι
1072 3192 1162 3247 mittet
1177 3192 1204 3245 iu
1219 3197 1343 3260 stagnum
1359 3189 1429 3262 ignis
1443 3199 1471 3245 et
1485 3189 1636 3260 sulphuris,
1651 3199 1678 3244 ct
1691 3189 1728 3244 ihi
1743 3199 1799 3244 tam
1816 3205 1887 3246 cor·

226 3284 552 3362 l’tbttlelffluiliiffliisseffl
571 3280 732 3353 ll⁰ll¹¹¹⁰rum
748 3275 895 3348 AEiliium
914 3272 1020 3328 flumini
1071 3301 1137 3357 pere
1149 3301 1231 3357 quam
1249 3285 1340 3341 anima
1360 3285 1515 3341 crucientur
1531 3287 1557 3340 in
1576 3295 1746 3356 perpetuum.

223 3387 365 3453 cernparal
377 3388 405 3435 el
422 3375 519 3439 fluviis.
536 3389 597 3446 (1⁰ae
611 3388 640 3430 ὅθ
654 3386 704 3443 Del
717 3368 898 3442 allossdniiaffl
920 3365 1021 3422 busita
1111 3395 1120 3428 r
1137 3376 1260 3433 Ascende
1282 3375 1309 3431 lu
1332 3375 1434 3433 Galaad
1446 3386 1474 3432 et
1487 3377 1550 3432 tolle
1573 3378 1702 3440 resinam,
1717 3379 1796 3450 rirgo
1821 3378 1882 3435 blia

223 3483 327 3527 terram
347 3467 430 3525 lsrael
457 3473 485 3521 el
503 3464 642 3521 civilaiem
668 3459 830 3524 ierusalem.
860 3459 916 3513 sire
938 3456 1021 3511 eiiam
1075 3486 1085 3520 ι
1107 3466 1229 3541 AEgypti,
1244 3468 1345 3524 ltustra
1361 3467 1553 3538 multiplicabis
1568 3469 1759 3532 medicamina,
1772 3470 1884 3525 sanitas

224 3572 326 3618 terram
337 3558 526 3616 Chaldwottlffl
545 3569 578 3610 ³⁰
591 3552 685 3608 ”filim
705 3547 975 3623 Ballii0¹¹iae⁰ii⁰lil0
993 3554 1021 3602 0¹
1076 3578 1086 3611 ι
1110 3575 1161 3615 non
1176 3562 1228 3615 erit
1249 3559 1330 3615 tibi.»
1358 3557 1494 3632 (illator.)
1519 3557 1619 3614 Galaad
1634 3575 1713 3614 nauus
1739 3563 1775 3615 ad
1792 3577 1882 3630 quem

225 3653 382 3725 disperdere
403 3650 572 3707 habitatores
597 3647 656 3719 ejus
678 3645 824 3701 latitabant
845 3642 1020 3717 [laetabaturl.
1073 3662 1176 3724 septem
1192 3652 1327 3708 Phoerricis
1340 3651 1483 3707 etArahiar
1493 3651 1607 3706 collibus
1622 3667 1701 3706 mons
1720 3651 1818 3706 Libani
1831 3669 1883 3707 eo·

225 3746 290 3817 quia
309 3744 387 3817 juxta
414 3741 490 3798 isaie
516 3737 674 3796 vaticinium
696 3735 817 3791 baleius
840 3733 973 3805 AEgyptns
994 3732 1021 3787 in
1073 3743 1191 3814 palatur,
1207 3743 1415 3811 extenditurque
1428 3753 1478 3811 per
1499 3741 1635 3796 desertum
1655 3755 1742 3811 usque
1765 3741 1882 3797 adeum

226 3853 322 3896 rrtauns
340 3838 540 3894 dominatorum
555 3832 714 3898 crudelium,
730 3838 758 3887 et
776 3846 824 3886 rex
846 3828 924 3884 lortis
937 3827 1023 3884 domi·
1072 3834 1221 3889 lucumoni
1242 3841 1317 3888 trans
1335 3829 1480 3886 Jordanem
1492 3831 1634 3887 patrimum
1646 3832 1784 3901 qnondam
1801 3830 1882 3887 seon

227 3932 336 3988 babilli?
349 3945 455 3994 eorum,
467 3935 495 3984 Oi
513 3935 619 3984 aristei
633 3941 702 3998 adua
723 3925 756 3981 (ie
776 3922 856 3988 miri·
877 3929 906 3977 ei
924 3920 1024 3977 fluviis
1074 3943 1121 3983 rex
1138 3926 1363 3981 hmurrbeorum.
1375 3923 1482 3980 Cecidit
1494 3922 1667 3993 supradictus
1681 3937 1758 3977 orons
1773 3923 1801 3977 in
1815 3938 1882 3977 sor·
1984 3991 1985 3994 Ἴ

226 4021 391 4079 desolabitur
407 4028 488 4091 atque
501 4017 647 4076 siccabitur
660 4025 688 4072 ct
701 4013 827 4071 deliciunt
845 4012 965 4077 llrtmina,
979 4018 1022 4102 at·
1075 4029 1128 4075 rem
1147 4017 1262 4073 fitiorum
1290 4015 1385 4071 {tuneo
1401 4024 1430 4071 et
1449 4014 1518 4080 Gau,
1542 4021 1571 4070 et
1592 4013 1711 4069 dimidias
1732 4013 1804 4068 mnu
1822 4012 1882 4068 ua.

227 4113 409 4169 teuuabnutur
419 4122 447 4167 et
460 4109 637 4167 siccabuntur
650 4106 701 4161 riri
715 4120 855 4177 aggerum,
864 4112 893 4160 ct
904 4103 1023 4159 calamus
1073 4127 1170 4167 ttassae.
1179 4109 1306 4166 Resinam
1317 4107 1403 4165 Graeci
1414 4110 1513 4188 ῥητίνην
1524 4117 1632 4173 nocant,
1642 4108 1708 4182 p'lrta
1718 4108 1792 4164 eninr
1803 4106 1882 4164 Gne·

225 4209 253 4257 Di
265 4200 364 4271 Jllllclls
377 4206 536 4255 marcescet.
549 4195 684 4269 (Hieron.)
700 4192 829 4250 Naturale
848 4201 900 4260 esi,
916 4202 946 4248 hl
960 4207 1022 4248 tunt
1042 4277 1045 4280 .
1074 4220 1106 4261 gg
1119 4205 1220 4261 dicitur
1242 4203 1373 4275 quidquid
1391 4212 1505 4258 manat:
1529 4211 1571 4258 esi
1584 4203 1657 4258 enim
1681 4202 1802 4274 lacryma
1829 4220 1882 4259 su.

226 4294 357 4364 pertram
370 4291 417 4348 Dei
433 4288 576 4362 ciiiiliias
601 4287 716 4353 lineriis
737 4284 947 4359 indignationem
963 4284 1022 4356 ejus
1074 4298 1138 4354 dore
1152 4295 1278 4352 exhalata
1291 4295 1439 4367 lignorum,
1457 4303 1488 4350 ut
1499 4293 1598 4359 cerasi,
1612 4293 1730 4360 lentisci,
1746 4294 1885 4361 balsami,
1983 4324 1984 4327 ι

226 4384 377 4456 pestilentia
391 4373 582 4454 subsequatur,
595 4389 622 4438 et
641 4380 782 4436 aduersum
800 4393 858 4445 eos,
873 4377 919 4450 qui
935 4376 1022 4433 ollcn-
1076 4389 1118 4445 vet
1132 4388 1297 4459 reliquarum
1320 4386 1448 4442 arborum
1471 4386 1527 4442 stre
1547 4383 1740 4454 virgultorum,
1755 4400 1815 4456 (μη
1830 4402 1881 4442 su.

226 4474 315 4530 derint
325 4473 409 4530 Deum
422 4483 520 4531 cuncta
532 4473 666 4530 alemania
687 4471 846 4527 desoevidiii·
865 4468 942 4527 Unde
954 4469 1023 4524 Sili-
1075 4477 1312 4548 darcprodnntnr,
1328 4477 1398 4532 sicut
1409 4483 1437 4531 et
1450 4475 1561 4531 odorata
1572 4473 1692 4531 Orientis
1705 4475 1790 4548 ligna,
1803 4477 1881 4533 sicut

226 4574 301 4638 ptum
316 4573 358 4621 est
373 4564 400 4619 iu
415 4565 468 4620 alie
481 4565 611 4635 propbeta
630 4562 684 4617 :El
709 4561 833 4617 volucres
855 4560 883 4615 in
901 4573 963 4615 aere
978 4560 1022 4614 de·
1074 4576 1150 4637 gutta
1167 4567 1279 4622 balsami
1296 4582 1328 4622 ae
1355 4566 1514 4631 ferularum,
1539 4566 1581 4621 rel
1607 4567 1781 4622 succinorum
1794 4566 1879 4636 cnjus

213 4651 308 4712 'lleere
325 4663 351 4711 el
363 4654 453 4728 pisces
465 4655 492 4710 in
505 4653 592 4725 aquit,
608 4651 737 4708 utonuia
752 4652 869 4707 humano
881 4651 941 4705 usui
957 4650 1020 4706 snb
1074 4657 1192 4730 lacryma
1215 4658 1335 4713 durescit
1358 4656 1385 4712 io
1415 4672 1561 4728 gemmant.
1583 4655 1674 4711 Prima
1702 4665 1744 4712 est
1771 4659 1878 4727 resine,

227 4747 381 4803 trahantur.
404 4743 453 4801 liic
481 4744 595 4801 dicimus
621 4742 795 4813 simplicitet:
824 4741 1020 4797 ulsiccilalem
1075 4748 1267 4812 terebinthina,
1287 4749 1407 4803 omnium
1430 4748 1612 4819 prestantior.
1637 4747 1757 4804 Affertur
1780 4762 1879 4806 autent

226 4839 344 4908 hominiis
359 4836 424 4905 Nili,
441 4846 470 4894 ct
482 4836 602 4891 rivorum
616 4835 685 4907 ejus,
707 4833 872 4890 uoluerimus
886 4833 1018 4905 accipere.
1073 4852 1106 4892 ex
1129 4838 1228 4893 Arabia
1247 4837 1354 4904 Petrea,
1370 4847 1451 4909 atque
1461 4838 1564 4903 ludaea,
1581 4822 1610 4894 et
1625 4838 1716 4911 Syria,
1730 4839 1833 4912 Cypro,
1849 4852 1879 4898 ct

227 4932 378 4989 sinautem
393 4944 442 5001 per
454 4926 639 4998 metaphoram
654 4926 680 4981 iu
692 4924 774 4979 lluuio
786 4940 909 4996 reguum,
925 4926 952 4981 in
963 4926 1022 4984 rito
1072 4929 1185 4996 Africa,
1212 4945 1246 4987 ex
1279 4931 1375 4986 insulis
1403 4946 1511 5001 quoque
1543 4929 1715 5001 Cycladibus.
1744 4930 1877 4988 &cunda

170 5029 174 5034 '
226 5021 378 5093 duecscjus
394 5018 580 5091 intelligimus
597 5028 625 5074 et
642 5019 669 5073 iu
682 5018 772 5073 rirorc
787 5025 815 5073 et
834 5015 918 5086 juneo
930 5025 958 5071 et
974 5033 1024 5089 pa·
1073 5030 1115 5079 est
1126 5021 1278 5086 lentiscina,
1302 5037 1362 5092 qum
1386 5022 1494 5077 mirtrix
1515 5031 1638 5079 tueatur.
1665 5023 1728 5078 llaec
1751 5039 1784 5079 ex
1807 5024 1876 5081 Cisa

225 5129 293 5187 pyro
313 5122 410 5171 cuncta
433 5109 542 5184 AEgypti
568 5109 745 5174 abundantia,
768 5116 798 5162 ut
821 5121 870 5179 per
892 5122 923 5162 ea
941 5124 1023 5180 opera
1075 5112 1162 5168 insula
1191 5114 1358 5185 deportatur.
1382 5112 1475 5168 Tertia
1497 5112 1605 5184 pinalis,
1621 5129 1737 5184 quarem
1760 5116 1814 5170 alia
1833 5119 1876 5187 pi-

226 5208 335 5281 AEgppti
354 5205 552 5269 describantur,
571 5218 687 5274 quorum
709 5200 843 5273 AEgyptus
858 5199 1024 5256 lertilissima
1075 5203 1156 5268 lines,
1171 5201 1223 5256 alia
1241 5202 1363 5272 petitine,
1383 5202 1435 5257 alia
1456 5203 1570 5273 liquida,
1596 5204 1647 5257 alia
1673 5205 1759 5272 arida,
1771 5208 1876 5263 etaile·

226 5309 279 5355 est.
297 5299 407 5370 Mystice
422 5306 512 5354 auteur
526 5294 634 5367 quando
647 5309 695 5350 rex
710 5291 789 5347 lortis
803 5300 830 5347 et
841 5291 923 5348 durus
936 5292 1024 5348 domi·
1076 5303 1172 5349 rurrtru
1187 5300 1304 5348 exterra
1318 5292 1493 5363 colophonia.
1511 5292 1587 5349 Dede
1600 5295 1683 5350 etiam
1705 5312 1804 5351 nornen
1819 5297 1875 5352 Ce-

228 5400 308 5446 natus
326 5388 406 5445 luerit
421 5389 548 5461 AEgypto,
561 5394 667 5443 arescet
679 5385 768 5441 omnis
785 5385 908 5440 doctrina
922 5394 950 5440 et
961 5385 1021 5455 pul·
1075 5383 1200 5455 lophonia
1214 5385 1305 5456 pesina
1321 5384 1445 5455 sumpsit.
1462 5383 1529 5439 Nam
1544 5386 1634 5440 resina
1659 5386 1728 5441 lenis
1750 5397 1792 5442 est
1806 5401 1873 5458 apta

228 5480 354 5537 cbritude
365 5480 525 5552 eloquentiae
536 5478 685 5541 secularis,
697 5486 724 5533 et
738 5476 865 5549 ipselous
878 5475 1020 5532 herulorum
1074 5477 1242 5546 corporibus,
1260 5486 1286 5531 et
1308 5491 1358 5546 pro
1382 5478 1515 5533 medicina
1536 5479 1678 5548 accipitur.
1702 5478 1779 5535 Unde
1794 5489 1821 5535 et
1840 5483 1871 5537 in

229 5571 349 5627 omniunt
374 5569 543 5638 dialtolus,a
570 5585 623 5641 quo
646 5570 771 5627 oriuntur
790 5570 879 5626 omnia
908 5571 1021 5625 menda·
1073 5566 1329 5638 lerenriaseriptum
1350 5577 1410 5624 cst:
1427 5589 1436 5620 ι
1460 5568 1587 5640 Nunquid
1608 5571 1698 5626 resina
1717 5579 1758 5627 est
1773 5571 1870 5627 inGa·

231 5660 292 5727 eia,
318 5660 506 5726 desolabitur,
543 5660 580 5714 ita
609 5671 638 5717 ut
661 5661 787 5717 deliciunt
808 5671 905 5718 caetera
930 5658 1018 5714 rinmi-
1073 5660 1650 5729 laadlautmedieusnoncstibilQuare
1668 5678 1723 5718 nou
1745 5663 1869 5719 aseendit
