4042 6200
184 288 254 347 tint
627 285 810 344 Expostulo
829 281 1145 342 subvenissemus.
1165 311 1199 321 -
1218 281 1280 337 LlB.
1304 280 1372 339 itt.
1751 285 1828 341 ttae

181 416 299 465 statores
309 405 513 461 delendorunon
527 412 704 475 praesumunt.
721 404 795 471 Quos
806 404 863 475 ipsa
874 403 976 459 veritas
989 402 1086 465 Ailou
1114 400 1201 458 solnm
1225 401 1298 456 enim
1321 402 1454 457 historiali
1478 402 1596 475 AEgypto
1623 403 1697 473 josto
1719 402 1825 473 judicio

180 495 365 566 rnEvangelio
378 494 498 559 denotat,
511 491 756 565 dieensldoen.1):
770 513 779 545 r
794 491 976 549 llerceuarlus
1027 493 1075 549 lici
1096 493 1212 548 vindicta
1235 493 1399 562 supervenit,
1423 495 1470 549 sed
1493 494 1607 566 spiritaii
1624 496 1650 550 in
1670 497 1713 554 die
1726 497 1826 567 judicil·

180 597 284 649 autern,
295 594 323 640 ct
335 584 382 654 qni
394 601 447 639 non
457 591 610 654 estpaster,
623 585 695 640 videt
708 585 800 656 lupum
811 584 983 649 venientem,
1027 591 1221 654 superventura
1234 590 1277 636 est
1290 596 1297 635 τ
1311 597 1394 652 qnam
1405 599 1476 639 nnnc
1489 584 1713 654 sacraScriptura
1725 588 1753 642 in
1766 596 1828 643 toto

181 688 209 735 et
222 677 334 732 dimittit
346 691 412 732 oves
425 684 453 731 ct
466 676 542 748 sugit.
562 695 572 729 r
588 675 678 750 (Greg.
689 676 699 749 )
712 676 805 747 Lupus
820 677 919 732 etenim
930 691 976 731 su·
1026 674 1092 730 orbe
1107 682 1187 728 terrae
1198 672 1361 742 praenuntiat
1380 672 1510 729 loturam.
1523 675 1600 731 Unde
1614 676 1683 732 bene
1697 693 1748 733 vor
1763 677 1823 746 eins

180 786 305 842 perones
316 769 399 834 venit,
413 784 475 823 eum
488 767 601 838 quilibet
614 768 731 837 injustus
743 776 770 822 et
782 765 975 838 raptorddeles
1027 765 1073 820 aeri
1097 765 1203 819 sonanti
1227 776 1412 835 comparatur,
1433 765 1496 835 quia
1508 767 1571 822 acris
1589 768 1728 823 metallum
1741 781 1822 823 caete-

179 875 301 931 quosquc
320 867 400 929 atque
427 858 542 915 humiles
561 859 699 931 opprimit.
726 857 780 914 Sed
808 857 853 928 qni
883 865 975 927 pastor
1027 855 1065 911 ris
1084 855 1200 910 metallis
1219 855 1346 910 sonorius
1365 855 1445 909 tinnit
1465 873 1473 909 ε
1500 864 1528 911 ει
1545 857 1604 913 dies
1620 858 1704 914 iuturi
1726 859 1822 930 judieii

179 968 240 1007 esse
259 952 398 1007 videbatur
412 957 439 1004 et
458 965 512 1004 non
531 960 601 1015 erat,
618 949 746 1020 relinquit
768 962 836 1005 oves
848 959 876 1002 ει
895 946 972 1019 lugit,
1026 947 1131 1002 ermetis
1142 946 1369 1016 correptionibus,
1381 961 1441 1016 quae
1454 955 1517 1002 ante
1535 946 1653 1014 fueraut,
1670 947 1767 1005 lortius
1781 966 1825 1004 rr*

178 1044 242 1113 qrria
260 1042 323 1098 darm
337 1041 390 1099 sibi
407 1042 441 1095 ab
458 1055 491 1096 ee
507 1039 627 1110 pericula
645 1040 750 1107 metuit,
770 1039 898 1095 resistere
910 1020 974 1107 'eins
1026 1037 1144 1094 sonabit.
1170 1038 1245 1093 Tunc
1268 1037 1340 1093 enirn
1368 1053 1377 1086 r
1396 1037 1467 1092 Deus
1487 1048 1580 1092 noster
1594 1040 1754 1096 manifestus
1778 1055 1825 1093 vc·

179 1133 319 1205 injvrstitiae
338 1148 390 1188 noo
402 1132 550 1203 pracsmuit.
570 1131 649 1202 Fugit
663 1141 753 1187 autem
776 1146 830 1188 uou
844 1131 974 1186 mutando
1026 1128 1094 1194 niet,
1105 1137 1133 1184 et
1147 1144 1201 1183 non
1216 1128 1325 1183 silebit:
1341 1126 1412 1199 ignIs
1431 1128 1459 1182 in
1473 1138 1619 1200 conspectu
1632 1129 1691 1199 ejus
1701 1130 1824 1191 ardebit,

177 1226 280 1289 locutu,
299 1223 347 1279 sed
364 1224 547 1280 subtrahendo
561 1223 697 1278 solatium.
717 1223 808 1295 Fugit,
828 1224 890 1295 quia
904 1224 974 1294 inju·
1025 1228 1052 1274 et
1066 1219 1093 1274 in
1116 1218 1230 1274 circuitu
1251 1217 1310 1289 ejus
1327 1226 1473 1288 tempestas
1486 1216 1593 1273 valida:
1610 1220 1752 1276 advocavit
1765 1236 1827 1276 cu-

177 1312 281 1369 stitiam
301 1312 368 1367 vidit
382 1320 409 1367 et
430 1312 525 1367 lacuit.
544 1311 633 1384 Fugit,
659 1312 722 1383 qnia
744 1312 794 1366 sub
815 1311 923 1367 silentio
943 1326 973 1365 se
1025 1309 1079 1364 lum
1103 1326 1211 1366 sursum
1226 1329 1233 1365 ε
1250 1318 1277 1366 ει
1297 1319 1398 1365 terram
1417 1311 1572 1367 discernere
1591 1312 1719 1383 populum
1740 1330 1820 1370 suum

177 1401 330 1459 abscondit.
361 1400 464 1468 Quibus
486 1400 553 1455 bene
579 1416 629 1471 pcr
656 1403 815 1472 prophetam
843 1401 942 1456 dicitur
964 1418 971 1455 τ
1026 1396 1112 1470 (Psoi.
1125 1399 1208 1472 verr).
1234 1398 1335 1456 »Tune
1348 1400 1621 1459 exercitusemlestrs
1634 1405 1821 1475 properabunt

180 1514 190 1546 r
206 1493 264 1550 Non
277 1494 438 1550 ascendistis
449 1509 482 1549 ert
497 1494 623 1559 adverso,
636 1510 723 1564 neqne
738 1494 904 1566 opposuistis
914 1509 973 1548 mu-
1025 1498 1056 1545 ut
1077 1488 1205 1562 colligant
1224 1490 1315 1547 omnia
1338 1490 1466 1547 scaudala
1489 1491 1523 1548 de
1540 1508 1623 1565 regno
1637 1496 1696 1565 ejus
1710 1512 1717 1550 ε
1733 1504 1762 1550 ει
1783 1494 1818 1549 Ιί-

176 1600 240 1639 runt
255 1599 304 1654 pro
316 1583 396 1639 durno
406 1582 499 1648 lsrael,
515 1591 546 1638 ut
559 1585 669 1640 staretis
680 1585 706 1638 in
718 1584 811 1654 praelio
822 1584 849 1639 in
867 1585 909 1640 dic
920 1584 972 1639 Do·
1025 1595 1079 1650 gna
1103 1580 1269 1637 inirtretnosa
1291 1580 1432 1637 securibus
1451 1581 1531 1637 validi
1545 1582 1680 1640 examinis
1702 1586 1815 1641 caedant.

177 1674 245 1729 utini
263 1673 371 1746 (Euri.
384 1674 456 1746 xtra).
480 1694 490 1728 a
509 1675 548 1731 Es
568 1674 682 1731 adverso
704 1676 804 1747 qnippe
825 1675 972 1731 ascendere
1026 1672 1154 1743 Tuncque
1168 1672 1321 1729 succidetur
1332 1672 1417 1729 saltus
1431 1673 1545 1741 inutilis,
1559 1676 1605 1746 qui
1616 1678 1756 1748 supputari
1765 1693 1818 1735 nou

176 1773 239 1819 est:
253 1763 417 1834 quibuslibet
429 1764 609 1834 potestatibus
627 1780 711 1836 prave
726 1765 869 1836 agentibus
889 1764 972 1819 ratio·
986 1762 1010 1823 B
1024 1774 1139 1836 potest:
1165 1765 1228 1836 quia
1253 1780 1334 1821 omne
1363 1764 1466 1836 lignum
1493 1782 1546 1821 non
1573 1765 1677 1824 iaciens
1699 1767 1820 1824 irnctum

176 1855 221 1909 uis
241 1855 326 1910 libera
345 1869 412 1911 voce
435 1855 580 1910 contraire.
604 1855 639 1911 Et
661 1856 688 1910 iu
709 1856 753 1911 die
775 1855 894 1922 Domini,
921 1870 970 1926 pro
1019 1854 1120 1910 honum
1140 1853 1292 1922 excidetur,
1306 1862 1334 1911 et
1348 1854 1375 1910 in
1389 1855 1478 1927 ignem
1497 1856 1621 1912 mittetur
1635 1857 1731 1931 (hadr.
1747 1858 1817 1933 vul:

175 1947 258 2001 domo
269 1946 351 2002 lsrael
366 1947 392 2001 iu
410 1947 502 2017 praelio
516 1956 620 2003 stamus
632 1962 665 2003 ae
678 1964 787 2003 murum
798 1948 969 2018 opponimus,
1020 1944 1216 2016 multitudoque
1222 1946 1491 2016 perditorum,super
1500 1945 1730 2019 locustarum,qni
1741 1949 1818 2005 brevi

175 2038 200 2092 si
215 2037 308 2093 fideles
321 2039 478 2094 innocentes
496 2047 589 2094 eontra
604 2054 794 2111 perversomm
811 2039 970 2109 injustitiam
1019 2034 1109 2092 volatu
1124 2050 1154 2091 εε
1164 2035 1301 2107 jactitant,
1315 2050 1458 2091 numerum
1475 2036 1604 2103 existens,
1627 2038 1818 2093 damnabitur:

174 2143 210 2182 cs
222 2127 335 2197 justitiae
356 2128 518 2185 auctoritate
537 2129 715 2186 vindicamus.
728 2130 804 2198 Quod
819 2131 882 2202 quia
896 2145 969 2185 nter·
1019 2136 1047 2184 et
1060 2127 1173 2197 pusillus
1194 2143 1260 2199 grex
1276 2127 1319 2184 cui
1334 2126 1495 2198 camplacuit
1509 2128 1580 2199 patri
1595 2128 1660 2183 dare
1674 2129 1816 2184 haeredita·

174 2218 303 2273 cenarius
322 2235 375 2274 nun
394 2218 469 2285 lacit,
485 2235 546 2277 curu
565 2221 719 2278 venientem
744 2223 836 2292 lnpum
860 2220 968 2287 viderit,
1019 2227 1074 2275 tem
1091 2218 1250 2275 salvabitur.
1275 2216 1406 2288 Turrcque
1428 2217 1532 2289 patebit
1552 2217 1704 2273 confusioni
1727 2220 1818 2275 omnis

175 2309 254 2380 largit.
278 2308 331 2372 Sed
345 2321 387 2366 cst
400 2310 469 2366 alius
486 2310 574 2381 lopus,
593 2312 640 2384 qui
665 2312 724 2368 sine
737 2314 888 2368 cessatione
903 2326 970 2382 quo-
1019 2310 1169 2368 camaliam
1189 2309 1327 2382 cogitatio,
1347 2323 1408 2379 quae
1428 2308 1613 2380 voluptatibus
1633 2308 1712 2365 istius
1722 2308 1818 2365 saeculi

176 2397 243 2453 tidie
257 2415 309 2454 mm
323 2415 448 2470 corpora,
470 2399 517 2455 sed
532 2408 637 2457 mentes
652 2401 773 2468 dilaniat,
787 2401 921 2473 malignus
930 2401 970 2455 vi·
1019 2401 1197 2467 innitebatur,
1217 2400 1324 2473 quando
1339 2401 1367 2456 iu
1381 2408 1543 2470 potestatem
1564 2400 1744 2471 malignorum
1759 2399 1815 2471 spi-

173 2488 275 2546 delicct
295 2490 415 2561 spiritus,
436 2490 482 2560 qui
502 2492 594 2546 caulas
609 2491 726 2548 ildelium
747 2493 889 2560 insidians,
913 2492 969 2549 cir·
1020 2492 1121 2548 rituum
1134 2492 1265 2548 tradetur.
1277 2489 1395 2560 Necjam
1409 2490 1541 2546 luxuriari
1555 2489 1630 2557 licet,
1642 2491 1749 2562 quando
1765 2506 1816 2562 pre

174 2583 233 2638 cuit
248 2591 276 2636 et
290 2591 390 2637 ntortcs
408 2583 560 2639 animamm
579 2585 686 2654 quaerit.
710 2586 748 2641 be
761 2600 815 2655 quo
830 2585 892 2656 lupo
905 2600 969 2641 mox
1019 2583 1142 2655 peccatis
1154 2583 1212 2639 suis
1222 2582 1312 2654 puniri
1324 2583 1414 2639 debet.
1431 2582 1508 2639 Unde
1520 2592 1549 2637 et
1569 2583 1710 2653 sequitur:

175 2676 321 2731 subditur:
338 2694 348 2727 r
363 2675 398 2730 Et
410 2674 488 2746 lupus
500 2678 570 2748 rapit
587 2686 615 2735 et
627 2678 757 2748 dispergit
768 2692 842 2732 ores.
856 2697 865 2729 v
878 2676 970 2748 lmpus
1060 2672 1204 2728 «Confusa
1230 2682 1273 2728 est
1292 2671 1348 2727 lilia
1368 2670 1487 2744 AEgypti‚
1513 2679 1542 2729 et
1556 2673 1657 2729 tradita
1681 2674 1709 2728 iu
1730 2689 1813 2731 manu

175 2764 292 2819 renitet
315 2766 500 2822 mercenarius
521 2765 611 2839 legit:
628 2768 690 2837 quia
706 2766 840 2839 malignus
858 2767 970 2838 spiritns
1024 2786 1034 2818 r
1053 2765 1143 2837 populi
1163 2764 1314 2835 Aquilonis.
1331 2764 1405 2820 Dixit
1418 2764 1547 2821 hominm
1559 2766 1727 2822 exercituum
1742 2765 1824 2823 Deus.

175 2855 240 2909 dum
253 2862 357 2911 mentes
372 2856 491 2912 ddelium
512 2858 538 2913 in
554 2860 702 2916 tentatione
717 2860 838 2925 dilaniat,
851 2868 878 2915 et
891 2859 971 2930 isqui
1025 2876 1035 2909 r
1060 2856 1163 2913 lsrael:
1181 2856 1311 2929 Ecceego
1323 2857 1439 2912 visitabo
1450 2870 1532 2927 super
1544 2856 1689 2913 tumultum
1699 2857 1815 2912 hieran-

174 2945 264 3001 locum
277 2949 394 3017 pastoris
408 2958 491 3016 tenet,
502 2967 595 3007 euram
607 2951 796 3010 sollicitudinis
809 2969 862 3008 non
876 2952 974 3019 babet,
1026 2967 1036 3001 r
1061 2948 1137 3015 drlar,
1156 2956 1184 3003 et
1196 2963 1278 3019 super
1286 2946 1469 3014 Pharaonem,
1483 2955 1511 3003 et
1520 2962 1602 3018 super
1611 2946 1771 3019 AEggptnm,
1786 2956 1819 3003 ct

175 3037 274 3094 anime
286 3050 410 3111 pereunt,
429 3043 528 3116 etipse
545 3046 579 3102 de
599 3045 715 3102 terrenis
729 3045 879 3102 commodis
896 3045 972 3101 laeta·
1024 3058 1033 3092 r
1052 3054 1134 3110 super
1150 3039 1215 3095 deos
1226 3039 1296 3111 ejus,
1311 3047 1429 3110 etsuper
1440 3053 1518 3111 reges
1528 3036 1598 3110 ejus,
1610 3047 1638 3094 et
1649 3054 1730 3110 super
1741 3038 1815 3093 Pha-

177 3137 231 3183 tur.
257 3130 375 3201 «Lupus
388 3134 459 3203 rapit
479 3142 508 3190 et
526 3134 657 3206 dispergit
672 3150 748 3197 oves,
768 3156 777 3187 r
802 3150 864 3190 corn
887 3127 1006 3192 aliumC
1025 3153 1034 3187 r
1059 3148 1179 3196 raonem,
1201 3141 1230 3189 ct
1241 3146 1323 3203 super
1336 3147 1440 3199 ornnes,
1455 3131 1502 3203 qui
1518 3129 1659 3188 conddunt
1678 3131 1705 3186 in
1720 3146 1772 3186 co:
1788 3141 1816 3186 et

176 3218 210 3272 ad
225 3218 357 3275 luxuriam
368 3224 515 3293 pertrahit,
529 3223 611 3280 alium
628 3227 655 3281 in
668 3225 810 3280 avaritiam
826 3224 967 3280 accendit:
1024 3243 1034 3279 r
1059 3226 1130 3282 dabo
1142 3241 1190 3282 eos
1204 3226 1231 3281 iu
1245 3240 1343 3280 manus
1366 3225 1545 3296 querentium
1563 3224 1683 3280 animam
1707 3238 1815 3289 eoram,

176 3309 259 3365 aliruu
275 3312 302 3367 in
315 3315 469 3384 superbiam
483 3316 572 3388 erigit,
585 3317 668 3373 alium
689 3332 738 3388 per
752 3318 919 3374 iracundiam
930 3319 970 3374 di·
1023 3335 1033 3368 r
1055 3325 1083 3373 et
1111 3316 1139 3371 in
1165 3329 1262 3371 uranus
1286 3293 1534 3373 Nabuchodonosor
1562 3314 1635 3386 regis
1656 3313 1811 3385 babylonis,

175 3399 244 3455 vidit
257 3419 265 3456 a
277 3401 349 3458 huuc
361 3403 462 3460 invidia
484 3405 619 3472 stimulat,
641 3405 716 3462 illum
735 3407 761 3462 in
777 3406 882 3463 laliacia
903 3424 968 3479 sup·
1023 3426 1033 3460 r
1055 3409 1122 3465 etin
1135 3423 1231 3464 manus
1244 3422 1385 3464 servorum
1405 3405 1473 3478 ejus.
1496 3425 1506 3459 v
1532 3406 1660 3463 Visinhit
1681 3406 1813 3461 Dominus

173 3491 287 3561 plantat.
309 3493 392 3561 Quasi
404 3510 469 3566 ergo
483 3495 562 3567 lupus
573 3513 681 3570 gregem
693 3499 814 3568 dissipat,
829 3514 890 3554 cum
903 3498 971 3554 ilde·
1020 3513 1101 3568 super
1114 3498 1257 3553 tumultum
1270 3498 1449 3564 Alexandriae,
1463 3505 1492 3553 et
1501 3512 1583 3567 super
1593 3496 1774 3564 Pharaonem,
1785 3506 1816 3552 et

174 3584 241 3639 hum
259 3586 385 3656 populum
405 3587 526 3644 diabolus
549 3604 599 3659 per
621 3590 784 3646 tentationes
804 3599 892 3646 necat.
916 3588 970 3645 Sed
1020 3587 1313 3660 superAEgyptum,et
1329 3588 1491 3658 superdeus
1507 3586 1714 3659 ejus,etsupcr
1734 3602 1812 3658 reges

174 3684 270 3730 contra
283 3675 340 3734 hacc
359 3679 542 3735 mercenarius
553 3680 627 3736 nullo
640 3680 699 3736 zelo
712 3681 880 3747 accenditur,
894 3681 968 3736 nullo
1019 3681 1088 3750 ejus,
1104 3689 1170 3746 ete,
1191 3696 1253 3736 curn
1277 3690 1387 3751 propter
1399 3691 1508 3752 peccata
1520 3680 1609 3752 populi
1621 3689 1649 3738 et
1659 3683 1813 3754 principum

174 3765 283 3821 lcrvore
305 3766 456 3825 dilectionis
471 3770 703 3843 excitaturzquia
724 3771 788 3827 dum
812 3772 867 3827 sola
892 3781 969 3828 ente·
1019 3771 1088 3842 ejus,
1111 3772 1209 3827 tradita
1223 3771 1427 3844 estAEgyptus,
1451 3788 1512 3828 cum
1536 3782 1593 3829 tota
1607 3789 1706 3844 pompa
1720 3790 1768 3830 sua
1785 3785 1814 3829 ει

173 3857 247 3912 riora
268 3860 410 3915 commoda
420 3860 545 3933 requirit,
560 3863 690 3919 interiora
707 3864 797 3935 gregis
811 3864 908 3918 danrna
924 3878 970 3919 nc·
1020 3862 1136 3929 cultura,
1146 3862 1172 3916 in
1182 3861 1534 3918 manusllahnehodeuosor
1545 3866 1629 3932 regis,
1638 3871 1665 3920 et
1675 3862 1814 3920 Chaldaeo-

171 3946 305 4019 gligeuter
327 3950 438 4020 patitur.
453 3950 531 4011 Unde
545 3961 573 4010 et
586 3970 648 4011 mox
668 3952 859 4026 subiungitur:
875 3972 885 4005 r
900 3953 970 4009 iler-
1020 3967 1090 4016 rum,
1107 3952 1153 4022 qui
1165 3951 1334 4021 diripuerunt
1345 3951 1446 4016 omnia,
1457 3958 1485 4007 ει
1497 3958 1598 4006 statum
1609 3952 1684 4024 regui
1698 3951 1813 4023 dissipa-

172 4039 300 4096 cenarius
312 4049 403 4097 anmm
421 4042 499 4114 sugit,
518 4044 582 4116 quia
597 4045 783 4102 mercenarius
802 4053 855 4112 est,
874 4053 901 4100 et
914 4060 969 4100 non
1019 4050 1127 4100 verunt.
1155 4042 1225 4097 Huic
1237 4042 1324 4099 simile
1334 4052 1377 4098 est
1390 4041 1456 4098 illud
1470 4042 1541 4113 quod
1569 4044 1597 4097 iu
1615 4042 1684 4098 isaia
1698 4044 1814 4115 legitor:

172 4129 292 4200 pertinet
309 4130 343 4186 ad
364 4146 425 4188 eum
439 4134 473 4190 de
484 4134 617 4192 ovibus.»
643 4135 707 4193 Sola
727 4152 792 4208 ergo
813 4152 894 4193 causa
915 4145 967 4201 est,
1022 4152 1032 4186 r
1049 4133 1083 4188 lit
1093 4134 1198 4189 tradam
1209 4132 1357 4206 AEgyptum
1379 4132 1407 4189 iu
1420 4148 1517 4188 mauras
1531 4132 1731 4189 dominatorum
1747 4149 1811 4189 cru·

172 4229 204 4274 ut
221 4223 405 4280 mercenarius
429 4222 525 4295 fugiat,
545 4226 609 4298 quia
622 4229 805 4286 mercenarius
822 4237 874 4285 est.
892 4228 933 4283 hc
944 4227 968 4283 si
1019 4226 1166 4287 deliummt
1179 4241 1225 4282 rer
1237 4223 1624 4292 lortisdomioabitureorum
1635 4225 1811 4281 aitbominus

171 4324 268 4383 aperte
280 4316 429 4374 diceretur:
438 4319 517 4377 Stare
528 4321 556 4377 in
567 4322 690 4393 periculo
699 4325 790 4380 ovium
803 4340 857 4381 non
867 4331 967 4395 potest,
1019 4317 1189 4372 exercituum
1204 4314 1272 4388 (leo.
1284 4314 1353 4387 rvr).
1372 4334 1382 4368 r
1397 4313 1474 4382 Quod
1495 4323 1586 4371 tamen
1599 4315 1699 4388 duplici
1715 4314 1813 4370 intelli-

172 4405 237 4474 qnia
250 4407 278 4460 in
290 4422 323 4463 eo
337 4409 408 4477 qnod
429 4411 526 4467 ovibus
542 4421 651 4483 praeest,
667 4430 721 4470 non
734 4430 799 4471 oves
810 4414 907 4487 diligit,
919 4414 968 4472 sed
1019 4406 1111 4478 gentis
1126 4406 1210 4477 accipi
1221 4413 1321 4477 potest,
1332 4415 1363 4460 ut
1372 4403 1560 4461 Chaldaeorum
1574 4405 1678 4462 scilieet
1689 4414 1811 4477 tempure

171 4496 279 4552 tncmm
301 4506 438 4557 eranum
458 4503 565 4574 quarn.
587 4504 656 4561 num
670 4506 742 4562 enim
764 4508 894 4565 horrorem
909 4526 967 4566 aaa·
979 4480 1006 4539 ⁰
1018 4501 1157 4572 quandoa
1180 4500 1571 4574 Nabuchodonosormgypvus
1593 4512 1745 4576 expugnata
1759 4512 1811 4567 est,

172 4586 310 4657 plectitur,
326 4590 390 4646 dum
401 4592 594 4663 temporalibus
609 4597 757 4653 commodis
776 4598 892 4666 laetatur,
916 4615 967 4671 op·
1017 4591 1318 4662 1613011111111191111
1341 4591 1450 4662 (1111111ᾶο
1477 4591 1595 4650 1111101110
1616 4593 1814 4664 Ch20ll²¹¹f³st¹¹⁰

172 4692 273 4748 ponere
288 4684 581 4754 mantraperieutum
594 4687 966 4762 trepidaqnehoeqnoddi-
1018 4686 1162 4757 superatis,
1194 4684 1331 4757 Augustus
1353 4683 1446 4740 caesar
1473 4684 1621 4757 AEgyptum
1649 4675 1805 4752 sunjngadt·

173 4769 232 4840 ligit
240 4771 357 4827 amittat.
367 4773 514 4849 (Maurus.)
523 4776 605 4845 Quasi
615 4778 691 4835 vituli
699 4784 763 4852 ergo
773 4783 889 4853 saginati
900 4784 967 4840 tales
1018 4779 1180 4852 babylonios
1191 4779 1275 4837 luisse
1296 4781 1416 4837 crudeles
1426 4782 1515 4837 omnis
1528 4780 1667 4850 Scriptura
1678 4778 1804 4829 tumtur:

171 4869 297 4933 pastores
313 4874 386 4934 sunt,
405 4867 453 4939 qui
469 4868 575 4925 deliciis
594 4870 747 4927 carnalibus
769 4871 863 4940 dediti,
878 4875 968 4930 conti·
1019 4872 1065 4942 qui
1076 4871 1197 4943 parvulis
1209 4888 1262 4929 non
1276 4875 1455 4944 pepercerint,
1468 4881 1496 4929 et
1509 4873 1566 4929 suis
1584 4858 1808 4932 eosl³⁰⁰¹⁵⁵l¹¹¹·

173 4952 273 5009 neudae
290 4955 402 5011 minime
416 4973 526 5028 operam
540 4957 615 5016 dant.
636 4960 709 5028 Quos
725 4963 783 5018 dies
801 4962 967 5022 interlectio-
1018 4965 1158 5020 uerarint:
1172 4979 1223 5021 nec
1240 4965 1441 5038 pregnantibus
1459 4963 1514 5019 sint
1530 4954 1639 5016 miserd·
1652 4950 1805 5006 itomanmn

172 5044 217 5101 nis
237 5054 265 5102 et
288 5054 393 5119 tempus
416 5050 578 5109 visitationis
598 5055 791 5125 superveniens
809 5058 964 5113 consumit:
1018 5063 1108 5110 autern
1134 5072 1245 5127 regnum
1268 5055 1454 5121 fortissimum,
1479 5064 1508 5110 et
1528 5044 1645 5105 nauidis
1663 5044 1806 5114 Scriptura

172 5136 237 5206 qnia
252 5153 300 5195 eos
316 5140 447 5198 adventus
462 5145 572 5215 superni
589 5143 689 5215 judicis
708 5145 823 5213 loturus,
838 5163 889 5217 pro
904 5162 967 5218 pec·
1018 5152 1135 5202 testatur
1154 5145 1235 5217 (Dan.
1249 5145 1309 5217 vu),
1332 5158 1468 5216 exponens
1485 5148 1610 5211 «1113111111
1623 5136 1739 5194 1118ῑὶ11111
1752 5137 1804 5192 1111·

172 5228 244 5284 catis
264 5232 320 5287 suis
339 5233 489 5301 puniendos
507 5236 637 5306 gehenne
655 5237 762 5309 ignibus
781 5237 873 5293 tradit.
1018 5236 1126 5293 beatem
1150 5230 1252 5293 dentes
1262 5245 1290 5293 et
1310 5250 1411 5308 ungues
1430 5232 1545 5288 t'erreos.

212 5338 223 5373 r
254 5321 313 5376 Vox
336 5321 396 5391 eius
418 5327 496 5396 quasi
519 5329 582 5384 aris
605 5329 721 5395 sonabit,
753 5329 882 5401 quoniam
904 5347 966 5388 eum
1057 5349 1067 5382 r
1094 5330 1127 5385 Et
1147 5338 1208 5400 post
1221 5331 1279 5386 lnce
1291 5325 1453 5385 habitabitur
1470 5322 1540 5378 sicut
1558 5322 1653 5378 diebus
1672 5321 1806 5393 antiquis,

176 5431 187 5460 ι
206 5412 327 5468 exercitu
338 5416 531 5485 properabunt,
546 5428 575 5474 et
583 5436 644 5477 cnm
656 5422 796 5480 securibus
809 5423 918 5479 venient
927 5424 964 5490 ci,
1022 5443 1032 5477 e
1057 5423 1096 5478 ait
1111 5423 1252 5478 llominns.
1270 5441 1280 5475 s
1301 5417 1376 5489 erod
1388 5417 1451 5470 licet
1466 5413 1589 5469 videatur
1609 5414 1747 5479 intimare,
1761 5430 1805 5470 re·

176 5520 187 5552 r
209 5510 238 5557 et
252 5503 331 5572 quasi
354 5503 426 5576 ligna
442 5508 575 5565 wdentes
595 5511 769 5568 succiderunt
781 5514 880 5571 saltum
894 5516 963 5586 ejus,
1018 5531 1100 5586 gnum
1112 5515 1297 5585 AEgyptiurunr
1309 5524 1361 5565 non
1378 5508 1416 5562 ita
1429 5504 1675 5562 Nabuchodonosor
1689 5522 1751 5578 rege
1762 5523 1806 5562 cs·

175 5612 186 5645 t
208 5593 247 5649 ait
262 5593 406 5663 Dominus,
419 5598 466 5665 qni
488 5602 626 5670 supputari
645 5618 699 5658 non
713 5612 819 5675 potest:
837 5606 965 5678 multipli-
1017 5623 1047 5664 se
1067 5609 1242 5670 destructum,
1269 5601 1340 5673 qnod
1364 5599 1434 5655 ultra
1453 5599 1609 5669 recuperari
1630 5615 1683 5654 non
1707 5601 1804 5669 possit,

175 5684 567 5760 scatismrtsuperlocustas,
584 5698 960 5758 ethonesteisnurrrcms.r
1016 5714 1078 5755 cnm
1095 5705 1184 5766 postca
1214 5694 1251 5751 ihi
1276 5709 1352 5767 reges
1373 5706 1458 5762 usque
1484 5691 1518 5748 ad
1543 5691 1692 5767 hugnstrnu
1714 5691 1798 5747 Casa
