4042 6200
89 872 95 883 ¹
180 884 184 891 -
205 860 365 920 peccatorem
383 842 415 898 al
430 857 519 898 errore
535 840 659 904 mesum,
677 835 786 892 soloohit
801 834 918 888 animum
936 829 994 898 ejus

202 294 252 350 155
460 284 465 323 ¹
515 286 544 341 B.
563 280 690 339 bnbhiil
708 277 817 335 ttnbtu
836 272 996 332 aaudiat).
1018 267 1172 327 MOGUNT.
1193 263 1336 323 OPERUM
1354 263 1444 320 PARS
1463 263 1496 318 il.
1781 267 1833 324 {56

203 404 288 459 tutem
301 396 502 472 percipiendam
520 401 650 449 aternam
663 389 753 445 orntio
769 401 848 458 pura·
872 384 990 455 Adiuvat
1005 387 1029 442 Α
1044 364 1094 447 rr').
1109 375 1193 444 liujus
1211 375 1251 430 rei
1271 381 1483 436 sacramentum,
1503 371 1594 435 idest,
1616 370 1728 428 unitatis
1739 386 1837 442 corpo·

201 484 484 560 etpredicatiorerhi
498 482 593 539 divim.
607 481 724 550 Adiuvat
746 486 774 533 et
797 475 905 531 dilectio
924 486 990 544 pura
1045 469 1083 522 ris
1097 472 1125 522 et
1150 464 1288 536 sanguinis
1302 461 1416 525 Christi,
1434 460 1575 517 demensa
1599 459 1740 515 bominica
1756 475 1836 516 assu·

202 592 274 635 uere
287 573 438 632 eharitatis.
453 569 530 627 Unde
552 578 594 625 est
607 568 672 622 iliud
688 565 803 621 iacobi:
819 561 913 616 Oratio
930 558 992 628 fidei
1044 561 1128 615 nritur
1141 557 1303 628 quibusdam
1328 554 1361 609 ad
1376 555 1470 620 vitam,
1490 553 1651 624 quibusdam
1665 552 1699 608 ad
1710 551 1835 608 esitium.

203 668 313 727 saltabit
334 666 480 734 infinitum,
504 671 529 717 et
544 661 568 716 si
585 658 739 730 inpeccatis
765 664 812 719 eat,
831 653 994 707 dimittentur
1044 650 1099 706 itcs
1114 664 1179 704 sero
1203 649 1260 719 ipsa
1275 645 1348 702 omni
1363 643 1467 700 homini
1491 644 1631 708 advitam,
1653 642 1718 697 nulii
1732 642 1766 698 ad
1777 644 1837 698 exi-

204 761 229 816 el
243 758 313 831 (lor.
324 756 364 820 ι).
380 756 415 811 Et
437 755 533 809 iterum
549 768 556 804 τ
573 750 624 816 Qut
639 747 762 812 conserti,
786 744 884 812 inquit,
905 738 994 811 lecerit
1045 742 1112 795 tium
1129 780 1137 802 ,
1153 739 1308 808 quicunque
1334 735 1393 807 ejus
1415 734 1550 804 particeps
1565 731 1659 797 luerit,
1674 732 1744 787 idern
1759 731 1835 787 Chri.

1046 841 1089 888 sto
1111 831 1191 899 capiti
1205 830 1355 883 membrum
1378 826 1529 881 associatur
1551 826 1577 880 in
1602 838 1688 896 reguo
1711 824 1836 880 scelesti:

205 949 317 995 omorte
339 947 364 992 et
387 936 469 1006 operit
484 932 677 988 multitudinem
700 936 866 999 peccatorem
887 919 993 995 (illd).
1047 924 1110 993 quia
1124 922 1196 976 aliud
1209 929 1251 976 cst
1269 916 1562 982 sacramentum,aliud
1577 917 1664 972 virtus
1682 931 1838 971 sacramen·

207 1030 326 1098 Denique
340 1026 475 1088 Salvator,
490 1023 562 1094 quod
575 1020 683 1077 dilectio
699 1015 885 1072 remissionem
899 1026 996 1082 pecea-

207 1128 295 1173 torum
318 1117 417 1186 pariat,
432 1116 459 1169 in
482 1111 628 1183 Evangelio
641 1110 674 1164 ad
696 1107 834 1162 Simonem
861 1105 996 1173 loquendo

207 1209 239 1262 de
264 1206 377 1262 muliere
404 1202 566 1275 peccatrice,
591 1214 652 1270 quae
677 1198 759 1270 pedes
786 1197 846 1266 ejus
871 1192 997 1264 lacrymis

208 1300 314 1371 rigavit,
328 1308 356 1354 et
367 1296 471 1368 capillis
482 1293 571 1357 tersit,
582 1300 610 1346 et
619 1298 755 1361 unguento
766 1287 841 1341 unsit
853 1284 996 1354 ‚ostendit,

206 1391 318 1445 dicens:
335 1386 417 1442 Amen
426 1386 485 1441 dico
496 1384 553 1447 tihi,
562 1382 731 1437 remittentur
740 1378 764 1433 ei
777 1385 882 1446 peccota
897 1374 997 1430 melta:

207 1480 330 1552 qnoniam
344 1477 435 1533 dilemt
447 1474 558 1529 meltum
570 1471 645 1545 (Luc.
662 1469 723 1548 ιιι).
741 1468 808 1523 ilinc
819 1476 847 1523 et
861 1465 923 1522 aiibi
935 1466 999 1521 scri·

1047 1013 1078 1068 ti.
1094 1011 1303 1069 Sacramentum
1327 1010 1400 1064 eninr
1414 1023 1462 1064 ore
1486 1008 1651 1077 percipitur,
1675 1007 1775 1063 virtrrte
1794 1021 1839 1061 sa·

1048 1102 1182 1157 crementi
1195 1100 1307 1155 interior
1314 1099 1396 1154 homo
1409 1099 1532 1153 sotiatur.
1546 1098 1616 1167 Ergo
1627 1098 1689 1168 quia
1698 1099 1840 1168 paniscor-

1048 1207 1100 1263 pus
1128 1190 1282 1253 conlirmat,
1298 1190 1358 1245 ideo
1370 1188 1416 1244 iile
1428 1203 1527 1257 corpus
1540 1187 1640 1244 Christi
1657 1198 1840 1261 congruenter

1048 1279 1839 1351 nuncupatur:vinrirnautermquiasanguiuenroperaturin

1050 1388 1140 1435 carne,
1153 1373 1212 1427 iiico
1219 1372 1415 1443 adsanguinem
1423 1369 1522 1426 Christi
1539 1370 1664 1426 refertur.
1677 1369 1739 1425 ilaec
1749 1379 1840 1424 autem

1050 1463 1113 1517 dtrnr
1127 1461 1500 1526 suntvisibiiio‚sanctilicata
1512 1470 1575 1516 tuuc
1584 1475 1632 1528 per
1640 1459 1839 1529 Spiritumsau·

210 1577 287 1640 ptum
298 1576 358 1623 est:
373 1565 494 1620 Uterites
506 1561 588 1633 operit
601 1558 793 1615 multitudinem
807 1565 973 1626 peecatorum
988 1566 998 1606 .·
1051 1561 1134 1615 ctum,
1151 1552 1177 1606 in
1193 1560 1393 1607 sacramentum
1407 1551 1492 1605 diuini
1510 1550 1633 1621 corporis
1652 1556 1803 1605 transeunt

209 1668 237 1714 et
246 1676 253 1712 ε
263 1656 286 1713 d
289 1658 389 1713 diuerso
398 1654 494 1711 delicta
501 1653 582 1723 operit
595 1647 809 1719 choritesll’roo.
823 1645 862 1718 ι).
875 1638 998 1701 Chrisma
1351 1661 1465 1717 CAPUT
1484 1661 1541 1716 pq·

208 1762 306 1821 grece,
333 1746 416 1803 lotine
441 1745 529 1798 tinctio
552 1740 726 1797 nominatur:
743 1753 776 1792 ex
795 1735 873 1805 cuijus
891 1727 1038 1794 nontneii
1339 1732 1378 1786 De
1403 1733 1560 1786 exorcismo.

208 1841 373 1899 etcnrtstns
393 1839 542 1901 licitumst
559 1835 640 1890 homo
660 1840 722 1902 post
739 1831 876 1886 lavacrum
898 1827 999 1883 sancti·
1084 1822 1259 1877 Exoreismus
1275 1820 1384 1884 Graece,
1400 1819 1495 1875 Latine
1510 1818 1661 1889 mnjnratio
1674 1818 1732 1875 sire
1750 1832 1843 1875 sermo

209 1935 315 1991 [icatur.
340 1931 408 1987 Nam
426 1930 496 1985 sicut
520 1929 548 1983 in
567 1927 701 1996 baptismo
713 1931 885 1994 peccatorum
904 1920 999 1975 renuis·
1050 1915 1243 1984 increpationis
1263 1922 1305 1969 est
1325 1913 1466 1967 adversum
1488 1909 1628 1966 Diabolum
1648 1919 1677 1966 ut
1698 1911 1841 1966 discedat:

210 2026 250 2081 sio
266 2024 368 2078 datur:
389 2021 425 2075 ita
442 2036 490 2090 per
504 2020 659 2074 unctionem
679 2014 860 2072 sanctificatio
883 2011 1001 2083 Spiritus
1050 2004 1176 2059 sicutest
1195 2004 1303 2059 illudio
1323 2002 1454 2059 Zacharia
1471 2019 1478 2055 ι
1494 2000 1528 2056 h't
1542 2001 1653 2057 ostendit
1670 2002 1734 2056 milti
1751 2001 1844 2056 lenm

210 2114 370 2169 adhibetur:
385 2120 412 2165 er
425 2109 476 2165 hoe
498 2090 532 2165 de
551 2109 664 2179 pristina
692 2105 843 2176 disciplina,
858 2118 910 2173 qua
936 2100 1000 2171 ungi
1050 2093 1209 2148 sacerdotem
1231 2109 1355 2163 magorum
1376 2102 1487 2146 stentem
1510 2107 1599 2145 coram
1617 2089 1709 2161 comto
1738 2090 1794 2155 liei,
1818 2102 1844 2143 ct

210 2203 237 2257 in
259 2200 441 2257 sacerdotium
473 2209 501 2254 et
525 2199 552 2253 in
576 2212 689 2268 regnum
714 2195 837 2251 solebant
862 2212 868 2246 :
893 2207 927 2248 ex
947 2206 1001 2262 quo
1052 2182 1136 2238 Salen
1157 2185 1242 2239 cinitot
1264 2202 1279 2238 tt
1299 2184 1484 2254 dextrisque,
1505 2193 1532 2237 ttl
1558 2182 1787 2236 aduersareleret'.
1810 2184 1861 2236 El·

209 2302 237 2344 et
256 2289 479 2360 ennuntiatione
505 2298 602 2343 unctus
628 2296 679 2342 cst.
700 2285 777 2352 Quod
802 2285 865 2340 dum
885 2281 1001 2338 carnali·
1051 2276 1119 2331 dicit
1140 2275 1269 2330 [lominus
1293 2275 1328 2329 od
1349 2274 1456 2331 Sotnn:
1479 2273 1598 2345 Increpet
1618 2272 1747 2329 borsines
1766 2275 1793 2328 in
1808 2284 1844 2339 te,

210 2389 251 2435 ter
276 2379 326 2444 ιιι,
345 2378 521 2448 spiritualiter
547 2377 673 2448 prolicit:
693 2374 828 2445 quomodo
855 2381 883 2428 et
894 2372 920 2427 in
942 2372 1002 2443 ipsa
1053 2366 1148 2431 Setun,
1159 2376 1183 2420 et
1195 2367 1307 2436 increpet
1321 2364 1484 2419 Donrirmsin
1497 2374 1532 2429 te,
1543 2364 1588 2435 qni
1604 2362 1678 2435 elegit
1696 2363 1845 2419 Jerusalem

208 2470 337 2539 baptismi
362 2469 451 2540 gratia
476 2467 589 2523 risibilis
607 2473 684 2521 actus
710 2472 763 2529 est,
779 2463 850 2536 quod
874 2462 901 2517 in
930 2477 1000 2533 aqua
1054 2458 1147 2531 (Zach.
1169 2458 1222 2529 ιιι).
1246 2458 1302 2513 iioe
1320 2465 1362 2512 est
1384 2456 1537 2511 exorcismo
1562 2455 1703 2525 increpare
1726 2464 1754 2509 et
1778 2470 1845 2510 eort-

209 2559 377 2628 mergimur:
393 2557 440 2612 scd
466 2556 594 2627 spiritalis
620 2553 744 2619 effectus,
769 2554 841 2622 qnod
866 2550 1002 2607 adelictis
1050 2548 1144 2617 jurare
1165 2549 1294 2603 aduersus
1316 2547 1467 2603 Diabolum.
1496 2545 1572 2602 Unde
1595 2544 1734 2601 sciendum
1762 2544 1845 2614 quod,

212 2650 384 2704 mundamur.
401 2646 458 2703 iioc
470 2647 606 2719 signidem
623 2653 651 2701 et
664 2645 727 2700 illud
744 2652 919 2715 ortgrrcntum,
931 2643 1003 2712 qood
1053 2656 1109 2695 non
1128 2648 1251 2694 creatura
1275 2638 1321 2693 bei
1341 2638 1369 2693 in
1439 2636 1587 2692 instantibus
1608 2634 1777 2690 exorcizatur
1800 2641 1847 2688 aut

212 2740 348 2812 peccatrix
363 2755 445 2810 super
460 2747 542 2810 caput
560 2736 624 2793 lesu
643 2735 745 2792 iudisse
760 2735 897 2791 scribitur.
913 2733 1003 2805 Impo-
1054 2730 1212 2787 exsufflatur
1228 2749 1234 2786 :
1251 2732 1298 2786 sed
1315 2731 1371 2797 ille,
1386 2731 1437 2787 suh
1454 2744 1507 2800 quo
1520 2737 1584 2785 sunt
1598 2743 1704 2796 omnes,
1722 2727 1768 2798 qui
1784 2742 1846 2783 curn

108 2893 110 2898 ,
212 2830 275 2885 sirio
289 2828 348 2884 ideo
364 2832 404 2895 lit,
423 2837 453 2883 ut
468 2842 516 2898 per
529 2841 625 2884 malms
642 2826 841 2896 impositionem
856 2823 1004 2881 nrlrocatus
1054 2833 1167 2896 peccato
1187 2833 1343 2879 nascuntur.
1362 2823 1410 2879 Est
1427 2825 1499 2880 enim
1518 2824 1644 2895 princeps
1663 2830 1845 2894 peccatorum.

214 2921 344 2976 invitetur
353 2918 470 2990 Spiritus
481 2930 604 2975 ¹sauctus.
618 2917 695 2972 irinc
708 2918 781 2971 enirn
796 2916 841 2971 ille
854 2914 1004 2985 paraclitus
1342 2937 1469 2994 ,CAPUT
1482 2937 1550 2993 xpp·

214 3018 276 3080 post
286 3010 413 3064 inundata
424 3017 453 3062 et
464 3007 606 3063 benedicta
615 3005 822 3077 corporalibens
835 3019 851 3059 a
865 3004 946 3059 Patre
957 3003 1004 3062 de·
1279 3070 1285 3079 .
1366 3007 1405 3061 De
1413 3007 1541 3078 symbolo.

213 3099 337 3156 stendit:
352 3099 464 3169 etquasi
476 3114 558 3169 super
567 3097 693 3170 baptismi
704 3112 813 3168 aquam,
823 3105 950 3167 tanquam
962 3113 1005 3151 su·
1018 3070 1041 3133 C
1092 3097 1248 3172 Symbolum
1257 3116 1305 3172 per
1316 3099 1435 3171 linguam
1447 3099 1570 3156 Grecam
1582 3099 1689 3172 signum
1702 3099 1745 3155 rei
1756 3099 1844 3167 cogni

215 3206 264 3262 per
277 3190 418 3261 pristinam
431 3194 535 3253 sedem,
546 3202 743 3259 recognoscens
756 3188 881 3258 quiescit.
895 3187 1005 3243 Narnle
1056 3190 1093 3244 tio
1114 3191 1318 3261 interpretatur.
1336 3190 1484 3245 biseessuri
1498 3190 1570 3246 enim
1582 3189 1705 3261 Apostoli
1717 3191 1751 3246 ad
1764 3206 1849 3248 ereu-

213 3280 287 3352 gitur
297 3279 369 3349 quod
380 3279 407 3332 iu
421 3277 554 3349 principio
565 3277 644 3346 aquis
655 3277 876 3347 superierebatur
888 3267 1005 3347 S‘piritus
1056 3279 1224 3351 gelizandum
1236 3280 1262 3334 in
1276 3280 1401 3352 gentihus
1410 3281 1460 3335 hoc
1471 3281 1522 3336 sibi
1533 3281 1733 3351 praedicationis
1742 3282 1848 3352 signum

215 3379 326 3425 sauctus
339 3367 416 3440 (Gen.
432 3371 463 3436 rh
477 3367 515 3424 De
528 3368 643 3424 residuis
663 3381 771 3437 quoque
785 3366 889 3422 duobus
914 3382 1005 3422 sicm-
1055 3370 1098 3424 rel
1115 3371 1242 3426 indicium
1262 3380 1421 3442 posuerunt.
1448 3370 1575 3429 Continet
1594 3380 1684 3428 autem
1701 3372 1849 3428 etulessio-

214 3460 324 3525 urentis,
340 3459 446 3516 hoeest
463 3467 618 3529 corporeet
642 3459 774 3530 sanguine
789 3458 1004 3529 Domini,qumri
1057 3476 1118 3518 nem
1143 3463 1285 3519 Tritritatis
1307 3471 1335 3519 et
1351 3461 1485 3529 Unitatis,
1508 3472 1536 3519 et
1553 3463 1684 3518 unitatem
1709 3462 1848 3526 Ecclesio,

216 3556 312 3617 potest,
329 3563 378 3603 cur
395 3547 682 3603 iuteromneslructus
701 3548 956 3616 terrmpotissimuin
971 3548 1006 3603 ad
1056 3562 1085 3608 ct
1106 3567 1186 3609 omne
1205 3552 1352 3609 Christiani
1377 3552 1512 3624 dogmatis
1536 3560 1744 3608 sacramentum.
1772 3550 1850 3619 Quod

216 3639 267 3692 boc
291 3636 404 3707 clegerit
427 3636 593 3692 trumentum
614 3644 695 3706 atque
717 3636 811 3690 virium
827 3676 834 3702 ,
850 3637 927 3708 quasi
948 3638 1005 3708 ipsa
1057 3643 1206 3714 symbolum
1232 3642 1295 3698 lrdei
1324 3653 1352 3698 et
1374 3644 1433 3714 spei
1460 3652 1560 3698 nostrae
1585 3658 1640 3698 uon
1667 3642 1796 3699 scribitur
1821 3643 1848 3696 in

215 3736 328 3783 cunctos
339 3727 443 3783 fructus
467 3735 546 3784 terrae
561 3727 692 3799 dignitate
716 3727 875 3797 precellunt
899 3737 927 3783 ct
946 3744 1006 3799 pre-
1057 3735 1150 3787 charta
1159 3740 1187 3787 et
1199 3741 1361 3800 utrantento,
1374 3733 1420 3788 sed
1432 3734 1459 3788 io
1468 3732 1567 3789 tabulis
1579 3732 1670 3788 cordis
1679 3731 1847 3789 carnalibus.

215 3817 340 3873 tiosiores
361 3818 487 3873 omnibus
516 3817 593 3873 liant.
621 3818 700 3885 Quod
724 3818 852 3875 uidelicet
878 3820 914 3875 ita
939 3821 1005 3878 sulti
1346 3843 1462 3901 cpppp
1482 3841 1551 3898 xpp,

215 3926 293 3983 posse
310 3912 456 3969 credimus.
475 3912 570 3969 blaluit
588 3913 663 3968 euim
686 3914 817 3970 Dominus
838 3913 960 3983 corporis
979 3920 1007 3967 et
1201 3940 1205 3947 ·
1287 3915 1326 3971 De
1339 3915 1457 3970 oratione
1469 3923 1492 3968 et
1505 3912 1622 3983 jejunio.

214 4003 355 4075 sanguinis
368 4004 411 4060 sui
429 4012 599 4061 sacramenta
614 4003 734 4060 lideiium
750 4020 799 4060 ore
813 4004 925 4075 percipi,
941 4011 969 4059 et
979 4004 1007 4058 in
1092 4009 1185 4066 orario
1199 4008 1293 4079 petitio
1306 4007 1415 4062 dicitnr.
1431 4003 1499 4058 Nam
1511 4018 1591 4058 orare
1606 4011 1649 4059 esc
1666 4010 1759 4073 perere
1775 4020 1782 4057 :
1796 4002 1850 4058 εις.

215 4103 322 4164 pastum
336 4109 431 4150 eorum
445 4093 542 4166 redigi,
557 4101 588 4150 ut
604 4109 655 4163 per
667 4095 775 4151 visibile
785 4109 854 4164 opus
865 4092 1007 4150 invisibilis
1057 4111 1087 4156 nt
1112 4116 1226 4156 exorare
1253 4099 1408 4165 impetrare.
1430 4075 1555 4150 Constat
1569 4102 1660 4150 autem
1682 4093 1771 4148 oratio
1788 4093 1850 4152 ioco

217 4186 405 4242 ostenderetur
427 4184 550 4242 effectu&
566 4183 644 4241 Sicut
663 4186 736 4240 enim
762 4185 838 4240 cibus
858 4182 1007 4239 materialis
1058 4201 1229 4261 cltetttpltre.
1244 4186 1326 4250 Loco,
1345 4185 1409 4255 quia
1428 4200 1480 4240 uon
1495 4184 1691 4254 ubiquezcum
1703 4185 1849 4253 probibpg.

217 4274 368 4330 lorinsecus
375 4275 599 4344 nutritcorpuset
613 4285 719 4346 vegetat
729 4294 738 4329 r
749 4275 786 4331 its
799 4275 880 4329 etiarn
895 4274 1006 4330 verbum
1058 4297 1119 4336 mun
1135 4296 1150 4335 a
1165 4279 1274 4335 Chrtsm
1290 4277 1315 4331 in
1329 4275 1436 4347 publico
1450 4288 1529 4330 orare
1545 4291 1552 4327 :
1571 4274 1618 4330 sed
1635 4273 1680 4330 ubi
1694 4276 1850 4344 oppon-pupi.

217 4362 264 4418 Dei
278 4364 350 4418 intus
364 4363 484 4418 animem
507 4364 592 4419 nouit
606 4374 635 4419 et
645 4366 776 4420 roborat:
800 4364 864 4433 (tuit
885 4379 937 4418 non
949 4361 1013 4432 ⁸⁰²⁰,
1059 4382 1101 4427 tas
1111 4370 1224 4436 dederit,
1241 4375 1289 4424 aut
1300 4367 1449 4424 necessitas
1462 4367 1658 4438 importaverit.
1672 4367 1766 4438 Neque
1777 4370 1849 4424 enirn

216 4454 245 4532 irs
259 4470 327 4524 pone
340 4454 401 4507 uiuit
423 4454 510 4518 home,
521 4454 566 4510 teil
583 4455 699 4510 inomni
715 4456 792 4509 serbo
809 4455 879 4525 qnod
892 4454 1006 4524 procedit
1059 4469 1152 4517 contra
1177 4469 1340 4532 praeceptum
1361 4468 1502 4529 reputatur
1524 4458 1559 4514 ab
1576 4458 1712 4528 apostolis
1735 4458 1849 4525 laetum,

217 4545 250 4597 de
267 4559 312 4597 ere
332 4542 499 4612 Deilllelllt·
513 4543 568 4613 ιι);
580 4553 608 4599 et
622 4542 748 4598 :lectum
771 4561 833 4598 cem
857 4542 1006 4612 factumest
1058 4553 1103 4624 qui
1121 4552 1147 4606 in
1159 4566 1287 4616 carcerc,
1309 4549 1480 4604 audientibus
1499 4549 1675 4614 custodibus,
1697 4550 1852 4624 orabuntur

217 4631 419 4686 distenditis
436 4631 1004 4715 nobialloon.t).hitenimipsai'eritas:
1059 4643 1192 4699 canebant
1212 4643 1277 4697 beo.
1296 4641 1334 4696 ite
1352 4649 1473 4710 temporo
1493 4655 1558 4697 uero
1577 4639 1680 4696 dictum
1698 4649 1741 4697 est
1759 4656 1767 4694 τ
1786 4641 1851 4697 Sine

218 4722 288 4778 Ceto
300 4722 369 4778 ellim
379 4738 437 4777 mett
459 4739 517 4778 velt
539 4724 612 4779 clim
625 4734 675 4788 etl,
693 4736 717 4779 tl
731 4728 839 4796 sanquis
857 4742 929 4781 mess
951 4742 1007 4781 uere
1058 4732 1248 4787 intermissione
1259 4741 1332 4786 orate
1344 4730 1470 4802 (ithess.
1483 4731 1521 4804 ι).
1536 4732 1590 4788 Sed
1601 4732 1654 4787 boe
1665 4732 1692 4787 iu
1705 4731 1849 4803 singulari·

218 4827 254 4870 est
273 4825 349 4887 potes
372 4813 464 4886 (loen.
479 4813 526 4885 vr).
550 4815 617 4871 i'ere
635 4815 739 4872 scilicet
761 4833 825 4872 caro
839 4817 939 4872 Christi
966 4828 1009 4872 est
1059 4822 1850 4893 bus.Namestohserratioquarumdamhorarumcnrnnm-

218 4906 307 4970 cibus,
318 4903 381 4973 quia
390 4917 454 4958 rere
464 4903 550 4972 pascit
561 4905 627 4959 etad
636 4913 766 4961 aeternam
779 4905 1007 4961 t‘itnnthominem
1063 4916 1146 4978 ntum,
1163 4931 1222 4985 qnae
1237 4915 1288 4970 diei
1304 4914 1462 4985 interspatia
1488 4915 1597 4983 signant
1611 4934 1618 4971 :
1632 4915 1721 4981 tortia,
1735 4924 1810 4972 sexta
1823 4924 1852 4970 et

220 4994 327 5049 inurit:
343 5003 371 5049 et
390 4995 500 5067 sanguis
519 4993 578 5064 ejus
598 5012 662 5052 rere
686 5006 729 5052 est
750 5006 838 5068 potus,
855 4999 918 5068 qnia
944 5014 1007 5053 esu·
1063 5023 1133 5060 nona
1153 5006 1338 5060 :similitcrct
1350 5005 1449 5061 noctis.
1469 5004 1523 5062 Sed
1539 5004 1599 5061 ideo
1614 5005 1655 5061 hae
1666 5004 1761 5063 orandi
1777 5004 1851 5059 horso

219 5086 334 5141 rientem
346 5085 465 5141 antistiam
481 5094 510 5142 et
523 5086 658 5143 sitientem
681 5084 814 5154 justitient
829 5089 856 5143 in
877 5098 1007 5143 aeternum
1062 5095 1155 5150 (tipice
1166 5108 1237 5161 sinit,
1250 5105 1278 5150 ut
1289 5096 1311 5150 st
1324 5095 1393 5151 loric
1404 5096 1493 5165 aliquo
1506 5096 1636 5151 lucrimus
1647 5111 1728 5165 opere
1739 5096 1849 5162 detenti,

221 5179 355 5237 terriciter
370 5180 462 5233 satiat.
478 5179 667 5250 Temporalem
678 5181 778 5252 qnippe
788 5183 872 5236 vitam
887 5182 946 5237 siue
957 5182 1009 5236 isto
1064 5187 1150 5257 ipsunt
1167 5202 1216 5241 nos
1233 5188 1267 5241 ad
1279 5185 1395 5242 ollrcium
1412 5196 1516 5257 tempus
1531 5186 1684 5242 adrrroneat.
1699 5186 1765 5254 Quae
1781 5198 1850 5240 tem-

220 5270 281 5326 cibo
295 5279 323 5325 et
335 5280 398 5343 potu
420 5270 520 5327 trabere
532 5282 645 5342 possunt
662 5272 795 5336 homines,
810 5282 939 5329 mternom
954 5289 1010 5328 oru-
1062 5293 1128 5347 pora
1144 5277 1170 5331 iu
1185 5276 1332 5348 Scripturis
1343 5278 1526 5334 inveniuntur.
1541 5277 1660 5333 Primum
1673 5278 1745 5334 entim
1763 5277 1851 5350 Spiri-

220 5364 286 5420 nino
297 5381 349 5419 non
360 5367 472 5434 possunt
488 5386 494 5421 :
509 5367 573 5438 quia
590 5368 641 5424 iste
656 5369 733 5424 cibus
747 5378 774 5423 et
790 5377 869 5440 potus
881 5380 1009 5425 eternam
1064 5376 1107 5421 tus
1127 5378 1236 5423 sanctus
1255 5368 1424 5438 congregatis
1439 5367 1575 5438 discipulis
1596 5369 1662 5423 itera
1685 5371 1763 5424 tertia
1778 5367 1852 5423 inlu·

222 5455 379 5510 societatem
401 5457 499 5526 capitis
523 5458 761 5530 membrorumque
790 5473 902 5515 suornm
927 5460 1012 5528 signi·
1063 5466 1166 5511 susest
1189 5458 1263 5527 (Act.
1279 5456 1334 5528 ιι);
1354 5465 1382 5514 et
1399 5457 1495 5513 Petrus
1508 5475 1560 5528 qua
1577 5460 1620 5515 die
1634 5460 1763 5516 visionem
1778 5475 1853 5513 eom·

223 5542 295 5598 ficut.
310 5544 361 5610 Qui
382 5547 535 5612 manducat,
557 5549 656 5620 inquit,
677 5567 761 5605 mettin
780 5552 1011 5609 succensebitur
1065 5547 1255 5603 uturtieationis
1278 5548 1305 5602 in
1327 5548 1379 5602 hoc
1401 5548 1511 5603 vasculo
1531 5558 1666 5618 expertus,
1689 5558 1766 5605 sexta
1785 5549 1855 5608 hors

222 5634 578 5706 seriptirrctnmeum,ipseirt
589 5651 827 5712 merrterret,etepo
838 5642 865 5696 in
879 5641 1008 5713 eo(lonn.
1063 5640 1156 5696 orandi
1172 5643 1257 5711 gratia
1276 5641 1433 5696 ascenderat
1455 5641 1522 5714 (Act.
1543 5643 1581 5714 xi.
1602 5642 1672 5697 idom
1691 5641 1773 5697 etiarn
1789 5654 1850 5695 cum
