4042 6200
181 337 244 405 ἰιι
527 345 559 399 a.
579 342 704 400 nnsnru
725 340 833 400 mont
851 338 1010 398 income.
1031 338 1185 399 nocuus.
1205 337 1347 396 manus
1368 337 1459 395 enas
1477 338 1509 395 ιι.
1618 305 1631 329 “
1760 336 1819 400 ιιι

183 458 240 530 jaan
260 454 523 519 habitatoressuat,
538 454 573 510 ah
597 452 748 509 incolendo.
765 452 884 508 aureos
901 452 973 507 enim
987 456 1013 515 Λ
1026 451 1092 506 item
1117 449 1242 514 ancilla,
1275 449 1396 519 Apostoli
1422 459 1534 521 propter
1558 454 1649 508 carnis
1673 452 1820 512 lallrnrita·

160 580 162 585 ·
185 544 356 608 suntmneti,
369 542 415 612 qui
430 542 464 598 de
475 556 570 599 errore
580 542 717 598 mundano
729 541 852 597 translati
864 541 974 597 adsan·
1027 550 1097 604 tem,
1115 539 1186 596 sicut
1207 554 1257 608 pro
1275 538 1383 594 diabolo
1408 539 1508 595 dicitnr
1528 554 1537 595 ε
1561 539 1597 595 Et
1615 541 1737 612 abigatis
1757 561 1820 600 eam

186 649 258 697 ctavn
277 635 425 695 Ecclesiam
449 635 651 705 transmigrant,
673 632 709 688 de
726 632 825 703 quibus
841 632 976 703 Propheta
1026 628 1131 684 uncto
1158 628 1211 683 tuis
1233 627 1312 700 (lob.
1332 630 1398 700 ιι).
1420 629 1539 684 Rursum
1565 630 1694 697 anaba,
1721 633 1823 690 animae

184 730 226 785 ‘ait
250 746 256 781 :
286 726 414 781 Dominus
431 724 543 781 custodit
563 723 728 778 odoenumst
742 720 871 793 pupillum
887 719 973 793 (Psoi.
1027 727 1197 789 peccatorum
1219 727 1292 786 sunt,
1310 728 1340 774 ut
1356 718 1626 791 'intNahomrliites
1637 724 1754 794 captiuus
1771 723 1824 779 atl-

187 816 278 886 cmv),
292 815 319 871 id
334 822 386 880 est,
407 814 453 883 qui
472 814 505 870 de
524 811 671 885 Babylonia
692 811 802 868 civitate
821 811 920 867 diaboii
943 810 978 865 ad
1027 812 1121 866 dumus
1141 820 1180 865 est
1200 827 1211 866 .·
1236 820 1260 866 et
1281 812 1387 866 oncino
1410 812 1468 881 ejus
1491 814 1662 869 minabuntur
1679 826 1821 886 menta.

187 908 334 969 Jerusalem
358 907 495 962 civitatem
522 904 628 961 Domini
656 902 804 959 Salvatoris
827 902 978 958 advenerit.
1028 900 1114 970 (Νιιιι.
1131 900 1174 963 ιι).
1197 899 1304 971 Pauper
1316 900 1440 959 Christus
1453 916 1506 966 est.
1522 906 1578 962 sive
1593 907 1707 977 populns
1721 907 1821 975 idelis,

189 1001 267 1056 Hunc
289 997 416 1061 custodit,
435 996 458 1051 si
481 1003 571 1050 tamen
594 995 621 1050 in
641 993 789 1049 electorum
813 993 980 1049 habitatione
1029 998 1058 1045 ut
1080 988 1107 1044 ia
1128 989 1258 1060 Apostolo
1282 1007 1290 1046 ι
1321 990 1431 1062 Propter
1460 1009 1507 1048 nos
1531 1010 1631 1066 pauper
1659 996 1745 1064 fomur
1772 1010 1820 1064 est,

190 1085 380 1158 permanserit.
399 1082 681 1155 indigenaesuntinde
694 1082 788 1155 geniti,
803 1082 869 1137 etin
884 1081 979 1136 endem
1029 1095 1088 1133 oum
1109 1089 1175 1134 esset
1192 1081 1263 1136 disee
1276 1080 1321 1151 (ll
1333 1080 1395 1137 Cor.
1416 1082 1487 1154 rrrr).
1510 1083 1544 1139 Et
1565 1085 1592 1139 in
1613 1086 1741 1156 psalmo:
1767 1085 1825 1142 lere

190 1178 250 1233 ioco
262 1177 329 1241 nun,
350 1174 396 1231 ubi
418 1173 579 1230 inhabitant.
597 1172 686 1228 incola
704 1181 861 1229 autemnon
875 1172 980 1242 indige·
1029 1186 1129 1240 pauper
1141 1170 1274 1235 clamauit,
1298 1180 1323 1225 et
1349 1171 1477 1227 Dominus
1503 1175 1637 1229 anodiam
1651 1192 1709 1230 eum
1734 1177 1824 1248 (luol.

190 1282 264 1332 nam,
280 1266 329 1322 sod
340 1265 472 1321 advenam
493 1263 605 1319 indicat.
621 1261 757 1333 Peregrini
772 1277 805 1318 eo
818 1264 890 1333 quod
902 1262 980 1333 igno·
1031 1259 1139 1329 ιιιιιι).
1156 1259 1302 1329 Pauperes,
1316 1260 1415 1325 moed,
1429 1261 1475 1331 qui
1497 1262 1613 1318 humiles
1630 1265 1727 1334 spiritu
1747 1273 1824 1330 sunt,

191 1366 388 1413 rantnroornm
404 1362 541 1425 parentes,
555 1355 679 1425 aquibus
692 1353 747 1409 orti
762 1355 903 1410 existunt:
918 1361 982 1410 sunt
1030 1359 1061 1406 ut
1087 1350 1115 1405 io
1133 1350 1278 1418 Evangelio
1294 1367 1301 1404 ε
1315 1350 1392 1405 Deuti
1407 1368 1535 1422 pauperes
1552 1353 1647 1422 optrito
1662 1353 1769 1425 thoni.
1783 1356 1825 1427 r).

190 1446 264 1503 enim
285 1445 318 1501 de
342 1444 488 1514 longinqua
513 1444 632 1514 regione.
660 1443 772 1514 Legitur
794 1444 866 1498 enim
894 1443 931 1498 ita
953 1444 981 1499 in
1031 1439 1065 1495 Et
1078 1438 1105 1494 in
1121 1437 1275 1495 Psalterio:
1294 1437 1356 1494 lton
1376 1441 1472 1511 spreuit
1494 1456 1576 1513 neque
1597 1442 1713 1513 despexit
1736 1462 1827 1515 preces

191 1535 333 1592 Psalmista
345 1553 352 1588 :
366 1533 410 1589 Ne·
419 1534 497 1590 silens
513 1551 530 1588 o
543 1549 595 1599 me,
616 1535 741 1605 quonium
762 1532 849 1589 incolo
861 1549 908 1602 epo
922 1550 983 1588 sum
1030 1546 1174 1601 pauperum
1188 1527 1275 1602 (Paul.
1287 1529 1356 1602 ιιι).
1369 1530 1456 1587 hliter
1467 1546 1611 1602 pauperes,
1622 1534 1721 1591 divites
1733 1537 1826 1593 muli

192 1625 262 1697 opud
275 1635 309 1689 te,
324 1634 351 1679 ct
362 1626 529 1696 peregrim,
544 1625 611 1679 sicut
628 1640 717 1678 omnes
728 1634 815 1696 petrae
828 1625 878 1679 mei
893 1621 980 1693 (Paul.
1032 1619 1111 1689 hujus
1126 1621 1269 1678 virtutihus
1290 1622 1384 1688 vacui,
1399 1634 1429 1678 ut
1446 1632 1488 1679 cst
1503 1622 1569 1679 illud
1589 1625 1616 1680 in
1638 1624 1802 1699 Apocalypsi
1818 1645 1826 1683 :

192 1716 318 1790 ιιιιιιι).
339 1716 427 1773 lncnla
452 1731 516 1773 vero
539 1716 648 1779 dicitur,
671 1715 716 1786 qni
740 1723 840 1771 terram
861 1715 926 1775 coiit
948 1714 983 1770 ad
1031 1712 1115 1779 Dicis,
1130 1715 1192 1786 quio
1205 1715 1346 1769 diuersum
1359 1715 1553 1771 etdirotusret
1568 1717 1662 1784 marin
1676 1721 1740 1790 puio
1754 1731 1783 1774 tu
1799 1738 1830 1776 es

194 1818 302 1879 tempas
322 1807 514 1877 superveniens
536 1815 693 1870 extraneus,
717 1820 770 1861 non
783 1805 830 1875 qui
846 1805 873 1860 in
888 1804 982 1876 patriae
995 1793 1020 1854 Β
1032 1820 1132 1875 pauper
1144 1813 1169 1858 et
1181 1804 1315 1860 mendicus
1329 1805 1421 1876 (Aper.
1434 1805 1465 1879 ι).
1480 1806 1569 1876 Drops,
1582 1808 1696 1879 populus
1706 1811 1828 1880 genitium

194 1921 250 1961 snm
264 1904 371 1974 regione
384 1901 526 1958 comistit:
541 1901 612 1970 quod
622 1899 696 1955 omni
710 1907 804 1954 sancto
821 1897 923 1964 euenit,
938 1898 983 1967 qai
1035 1894 1157 1960 humilis,
1178 1905 1208 1949 ut
1231 1895 1260 1950 in
1279 1894 1432 1951 Psalterio:
1452 1897 1591 1952 suscitans
1607 1915 1624 1957 o
1638 1908 1708 1954 terra
1724 1900 1830 1970 inopere
1925 1920 1928 1923 “

195 1994 221 2049 in
237 1994 326 2051 divina
338 1992 447 2047 civitate
462 1990 601 2061 recipitur.
617 1989 717 2044 ilnrnes
730 1988 803 2043 enim
824 2003 874 2043 nns
887 2003 985 2058 peeca-
1036 1982 1122 2054 (Psoi.
1139 1983 1217 2056 cxvi).
1242 1983 1276 2039 Et
1287 1983 1350 2040 aiibi
1365 2000 1374 2042 ι
1390 1984 1511 2057 diripiens
1526 1986 1628 2058 inopem
1638 1988 1671 2042 de
1683 2006 1763 2044 manu
1773 1989 1832 2059 lor-

196 2094 252 2140 tnm
278 2084 342 2140 lecit
367 2091 521 2147 extraneos,
544 2088 573 2139 et
595 2080 622 2135 in
644 2077 747 2135 nelarie
766 2079 852 2134 tenuit
877 2078 986 2149 regione
1035 2080 1109 2134 tiaris
1124 2079 1210 2152 (Psoi.
1231 2079 1336 2151 ιιιιι),
1356 2081 1408 2137 hoc
1431 2090 1484 2147 est,
1506 2082 1539 2137 de
1564 2089 1697 2151 potestate
1716 2084 1827 2140 diaboli.

195 2176 331 2246 cuptivos;
346 2173 393 2229 sed
405 2173 513 2244 quando
523 2186 573 2227 nos
586 2169 771 2226 misericordia
785 2168 842 2239 eius
855 2169 984 2239 suscepit,
1036 2170 1198 2241 Municipium
1210 2181 1260 2235 est,
1273 2172 1403 2244 quidquid
1414 2188 1496 2228 manu
1507 2175 1566 2245 capi
1580 2183 1626 2230 aut
1640 2175 1716 2232 subdi
1728 2185 1829 2245 potest,

196 2264 290 2320 irreolae
304 2279 411 2329 snmns;
426 2262 553 2332 quoniam
573 2260 637 2317 illue
652 2261 826 2324 advenimus,
843 2260 870 2315 id
885 2268 938 2324 est,
951 2259 986 2315 de
1036 2270 1066 2317 ut
1080 2261 1169 2327 homo,
1181 2276 1276 2332 equos,
1291 2262 1358 2319 nris.
1380 2262 1443 2320 llaec
1458 2265 1533 2320 eninr
1554 2265 1680 2321 animalia
1694 2268 1789 2324 statim
1801 2276 1836 2322 ut

198 2353 344 2426 Dnhylonia
364 2353 398 2409 ad
422 2351 583 2417 Jerusalem,
604 2351 662 2422 ipso
686 2350 848 2415 attrahente,
863 2357 987 2420 transpo-
1036 2351 1093 2406 nati
1106 2363 1179 2417 suist,
1190 2353 1354 2423 mancipium
1367 2368 1427 2409 esse
1440 2361 1582 2424 putantur.
1596 2355 1663 2412 Nam
1676 2365 1705 2412 et
1716 2373 1759 2423 ea,
1770 2373 1834 2429 quas

197 2445 296 2499 oirrvur.
325 2443 387 2498 ideo
409 2444 497 2508 enirn,
509 2442 580 2513 opud
594 2453 634 2508 re,
649 2450 678 2496 ut
693 2442 786 2497 nonin
802 2440 918 2506 diaboli,
936 2438 986 2496 seri
1037 2440 1064 2496 in
1078 2440 1224 2497 bestiarum
1239 2459 1351 2498 nurnero
1366 2453 1439 2512 sunt,
1454 2454 1518 2501 tanc
1529 2447 1654 2503 videntur
1667 2450 1834 2520 mancipium

198 2536 225 2590 in
240 2534 344 2591 Domini
358 2535 468 2590 civitate
479 2534 593 2590 incolam
604 2550 666 2589 eum
679 2533 762 2593 luisse
775 2534 908 2589 sanares:
922 2531 987 2589 sub-
1037 2544 1109 2596 esse,
1135 2532 1242 2601 quando
1263 2535 1324 2602 capi
1344 2534 1402 2589 sire
1421 2535 1526 2592 domari
1547 2538 1689 2608 coeperint.
1719 2539 1834 2608 lrrgerrai

196 2626 296 2697 jrrrrxit,
313 2635 336 2678 et
349 2624 513 2696 peregrinus,
527 2625 590 2694 quin
606 2624 701 2694 incipit
712 2639 774 2680 esse
793 2624 837 2679 ubi
852 2638 905 2678 non
916 2629 987 2678 erat.
1038 2620 1113 2685 dieti,
1129 2621 1192 2691 quin
1206 2622 1233 2676 in
1246 2638 1345 2695 genere
1358 2624 1458 2680 habent
1474 2624 1638 2692 libertatem,
1652 2643 1705 2683 non
1716 2629 1744 2684 in
1759 2628 1833 2686 laeto

198 2715 360 2787 Peregrinus
374 2715 446 2771 evrirn
463 2716 571 2781 dicitnr,
586 2715 662 2784 quasi
685 2729 802 2786 pergens
819 2713 934 2782 longius.
953 2711 989 2768 tn
1038 2711 1108 2766 sicot
1133 2711 1222 2767 liberti
1248 2732 1254 2767 :
1280 2716 1351 2770 unde
1371 2724 1400 2771 et
1415 2731 1463 2772 eos
1483 2715 1570 2773 Greci
1583 2732 1701 2786 eugenos
1720 2729 1833 2785 rocmrt,

199 2816 229 2862 ut
250 2807 404 2880 generalem
428 2808 498 2861 hanc
512 2821 690 2879 cognosceres
709 2806 792 2862 luisse
815 2804 986 2869 sententiam,
1038 2801 1109 2872 qrrod
1120 2802 1174 2858 sint
1184 2803 1247 2859 boni
1259 2806 1375 2875 generis.
1385 2806 1510 2862 Libertus
1521 2815 1611 2863 anum
1622 2819 1744 2874 voratus,
1754 2811 1834 2880 quasi

199 2896 283 2953 dicit:
298 2894 371 2959 Sicut
385 2913 475 2951 omnes
485 2905 571 2969 potres
586 2898 647 2951 mei
664 2895 764 2953 Urbani
785 2902 926 2959 vocamur,
941 2893 987 2962 otri
1039 2892 1188 2949 liberatus:
1204 2904 1263 2949 crat
1280 2896 1352 2951 enim
1366 2897 1441 2967 prius
1458 2897 1523 2970 jugo
1543 2899 1684 2954 servitutis
1697 2900 1831 2959 addictus.

199 2988 291 3046 iionne
302 2989 443 3046 habitant:
460 2988 507 3060 qui
521 3002 586 3045 vero
599 2989 627 3044 in
640 2987 758 3054 ceteris,
769 2985 907 3059 oppidani.
919 2983 988 3040 Nam
1037 2987 1210 3045 Libertorum
1224 2989 1270 3044 lilii
1285 2990 1355 3061 apud
1369 2991 1496 3061 antiquos
1516 2991 1634 3048 libertini
1657 2993 1835 3065 appellaban-

199 3079 257 3136 sola
271 3080 334 3136 orbs
348 3079 442 3148 Roma,
451 3080 672 3152 ceteramppida.
686 3078 790 3135 Famuli
803 3086 866 3136 sunt
877 3092 912 3135 ex
922 3090 985 3149 pro-
1040 3087 1093 3142 tur,
1108 3079 1185 3150 quasi
1198 3077 1232 3135 de
1254 3077 1356 3136 libertis
1367 3079 1432 3136 nati.
1459 3080 1536 3136 Narve
1550 3096 1615 3138 vcro
1629 3081 1773 3139 libertinos
1787 3092 1838 3139 arrt

199 3172 259 3244 prin
281 3171 385 3227 lamiiia
408 3187 548 3228 servornm
559 3171 658 3229 exorti.
674 3171 751 3227 Servi
769 3178 860 3226 autem
873 3166 989 3224 vocabu-
1004 3155 1027 3216 C
1042 3188 1058 3225 n
1072 3170 1169 3227 liberto
1182 3171 1269 3228 lactus
1283 3181 1330 3228 aut
1342 3172 1602 3243 possessvvs.l.iberti
1614 3165 1687 3229 enim
1703 3172 1838 3245 spiritali·

201 3262 256 3316 lunt
273 3262 336 3320 inde
349 3271 506 3328 traxerunt;
519 3261 583 3331 quia
604 3262 633 3316 hi
657 3261 703 3331 qui
715 3260 777 3330 jore
796 3258 858 3315 belli
878 3266 991 3330 possent
1042 3262 1132 3318 terilli
1145 3262 1283 3328 dicuntur,
1295 3263 1342 3333 quvi
1356 3261 1510 3318 Christiana
1526 3263 1652 3320 libertate
1668 3265 1738 3321 bene
1754 3273 1837 3320 umn-

200 3353 287 3408 oeeidi
300 3352 475 3408 avictoribus
487 3351 719 3408 conservabantur
735 3369 741 3404 :
762 3349 833 3405 servi
848 3347 990 3413 tlcbant,a
1042 3361 1096 3407 tur.
1112 3352 1189 3409 linde
1199 3352 1344 3422 Apostolos
1358 3352 1396 3408 ait
1412 3372 1418 3408 :
1438 3351 1490 3420 Qui
1503 3355 1612 3409 enimin
1632 3354 1744 3409 Domino
1756 3372 1838 3410 oocu-

202 3443 336 3499 servando
361 3443 466 3502 scilicet
480 3442 551 3500 servi
563 3441 661 3499 uocati.
674 3440 775 3497 Servus
784 3441 896 3513 mystice
909 3440 989 3496 Chri·
1041 3454 1083 3498 tus
1093 3453 1131 3498 eat
1145 3460 1245 3509 seruus,
1258 3442 1365 3498 libertus
1383 3452 1421 3498 est
1435 3444 1551 3498 Domini.
1573 3444 1703 3501 Similitsr
1712 3446 1758 3516 qui
1769 3445 1837 3502 iiber

201 3545 259 3592 stus
273 3535 300 3590 in
322 3535 473 3608 abjectione
492 3536 592 3604 carnis,
614 3537 686 3593 sieut
701 3535 728 3591 in
746 3534 814 3590 lsaia
830 3534 863 3590 de
880 3547 912 3588 en
924 3532 992 3587 dici·
1041 3544 1147 3590 vocotus
1160 3543 1212 3598 est,
1230 3550 1320 3589 semus
1333 3544 1370 3588 est
1382 3530 1480 3588 Gloriari
1493 3533 1520 3606 (l
1534 3533 1596 3589 Cor.
1616 3535 1676 3607 rvr).
1698 3535 1750 3592 Hie
1762 3537 1837 3592 eninr

202 3633 246 3681 tur
266 3641 274 3681 ι
299 3624 367 3681 lices
382 3640 472 3682 seruus
492 3625 726 3696 meus,suscipiom
746 3641 806 3680 eunt
821 3625 889 3696 (luo.
910 3620 989 3693 nstv).
1042 3625 1151 3682 ornnioo
1163 3640 1259 3682 servas
1279 3634 1330 3692 est,
1346 3625 1392 3697 qui
1411 3625 1597 3696 imprudenter
1608 3627 1664 3698 agit
1683 3644 1691 3681 ε
1718 3628 1790 3684 sient
1808 3637 1839 3684 es

202 3716 267 3772 item
282 3716 483 3772 servusdoctor
501 3715 588 3772 tidelis
609 3715 636 3772 in
651 3715 782 3782 Ecclesia,
803 3723 833 3771 ut
852 3715 879 3769 in
900 3712 991 3768 Evan-
1041 3717 1179 3772 veteribus
1190 3715 1300 3786 placuit,
1316 3715 1361 3786 qui
1375 3730 1471 3772 ornnes
1484 3717 1622 3787 sapientes
1635 3717 1735 3774 liberos
1744 3717 1838 3790 appel-

201 3807 270 3879 gelio
285 3807 399 3880 legitur:
414 3807 480 3874 Quis
490 3816 566 3877 putas
579 3814 617 3861 eet
628 3805 713 3876 fidelis
725 3821 815 3860 seruus
825 3813 849 3859 et
858 3801 992 3873 purtem?
1042 3806 1175 3872 lavemnt,
1184 3806 1367 3876 imprudentes
1380 3815 1471 3861 autem
1482 3821 1577 3864 omncs
1589 3823 1691 3864 servos.
1700 3808 1778 3866 Unde
1791 3809 1838 3866 Sa-

202 3897 312 3971 (iluttlr.
328 3897 402 3969 niv)
416 3906 443 3952 et
464 3897 491 3951 in
505 3895 585 3951 allam
598 3903 702 3966 partem
717 3896 751 3950 de
763 3908 847 3964 prato
867 3892 991 3954 maore.
1043 3895 1468 3970 lomon18erno‚inquit,supienti
1477 3895 1553 3954 liberi
1561 3901 1671 3956 semient
1684 3899 1780 3961 (Eruli.
1795 3902 1837 3974 ι).

202 3988 286 4045 ubiet
297 4003 394 4058 supra;
406 3987 508 4059 puodei
519 3987 615 4042 dicerit
627 3984 672 4040 ille
682 4000 771 4040 seruus
782 3982 867 4038 ocolus
878 3982 992 4036 inrorde
1044 3987 1094 4042 llic
1114 4002 1178 4056 ergo
1192 3986 1238 4057 qui
1259 3988 1365 4053 credit,
1388 4003 1421 4044 ae
1442 3989 1465 4044 si
1493 4005 1589 4045 servus
1607 3989 1642 4045 sit
1662 3992 1696 4047 ad
1718 4001 1837 4064 tempus,

202 4097 251 4135 suo
264 4078 370 4150 (itio).
391 4077 493 4135 Sonus
516 4085 560 4134 est
577 4076 806 4146 homopeceator,
821 4082 852 4129 nt
868 4074 896 4130 in
916 4072 992 4129 Salo-
1044 4078 1106 4148 qvvia
1129 4093 1186 4133 rem
1215 4076 1280 4132 lacit
1302 4079 1461 4150 prudenter,
1478 4089 1509 4134 ut
1532 4081 1625 4138 eredat
1641 4083 1667 4137 in
1686 4082 1838 4149 Christum,

203 4183 284 4225 anone
298 4185 305 4223 z
321 4166 416 4223 &rme
430 4165 511 4222 aeriis
525 4183 577 4224 non
588 4166 729 4236 coemptor
742 4176 752 4216 .·
765 4164 828 4235 puio
840 4164 910 4234 quod
924 4164 992 4217 dieis
1044 4168 1156 4223 libertus
1177 4166 1207 4222 lit
1226 4168 1342 4223 Domini.
1356 4168 1385 4224 Si
1403 4184 1468 4242 ergo
1479 4180 1589 4240 peccata
1610 4188 1702 4228 servos
1723 4163 1837 4240 iaciunt,

202 4257 359 4329 intelligitus
373 4258 528 4328 respondere
545 4256 703 4328 dedignatur
716 4252 910 4327 (Pronum).
925 4254 992 4310 item
1045 4261 1115 4315 sicut
1134 4258 1219 4316 Citam
1234 4260 1305 4316 ivlius
1326 4260 1382 4317 Noe
1394 4263 1497 4332 peceati
1511 4270 1539 4316 et
1552 4264 1739 4335 imprudentiae
1754 4282 1838 4321 causa

203 4347 287 4411 servi,
302 4347 388 4402 sarred
404 4354 478 4412 snm,
489 4355 520 4402 ut
532 4346 559 4401 in
573 4345 649 4402 luel:
670 4344 761 4401 Sedet
775 4361 853 4417 super
864 4361 951 4399 seruos
967 4354 991 4400 et
1045 4349 1132 4405 laetus
1145 4358 1187 4406 est
1196 4364 1300 4415 sertus,
1316 4366 1377 4406 eum
1394 4352 1529 4422 acceperit
1543 4353 1729 4410 remissionem
1744 4373 1839 4426 pccca-

114 4447 124 4470 ·
203 4435 395 4491 ancillusmsos
408 4437 542 4507 effundam
555 4438 587 4491 ds
600 4438 694 4509 spiritu
708 4453 765 4491 meo
782 4434 863 4507 (luel.
877 4435 920 4508 n).
941 4434 992 4489 Fa·
1045 4451 1145 4507 torum,
1167 4442 1279 4497 libertus
1293 4439 1416 4497 efficitur.
1434 4441 1572 4508 Similiter,
1590 4444 1686 4514 inquit,
1704 4447 1749 4516 oui
1773 4447 1834 4502 liber

204 4525 269 4580 muli
283 4535 373 4582 antem
386 4527 443 4582 sive
455 4528 526 4583 servi
538 4535 565 4583 et
580 4527 607 4583 in
626 4528 723 4583 bonam
737 4535 764 4582 et
779 4527 806 4581 io
817 4525 916 4581 andam
928 4541 991 4597 par-
1007 4520 1032 4577 Ι)
1045 4540 1149 4584 vocotus
1161 4542 1213 4593 ert,
1232 4547 1319 4586 servm
1331 4541 1369 4586 est
1387 4530 1485 4587 Carini
1502 4531 1528 4602 (l
1541 4529 1603 4586 Gor.
1618 4532 1679 4604 ιιι),
1699 4534 1838 4603 prolectas

205 4623 261 4669 tem
275 4613 315 4684 (ut
333 4613 459 4686 diximus)
475 4617 561 4685 accipi
577 4625 688 4686 possunt
712 4634 718 4669 :
735 4605 798 4686 {puin
811 4615 881 4670 servi
901 4614 995 4668 dicun·
1045 4630 1087 4674 est
1107 4633 1140 4674 ex
1154 4621 1237 4675 libero
1254 4621 1280 4675 in
1299 4636 1407 4676 servum
1421 4620 1479 4677 fleri
1494 4621 1593 4676 Christi
1618 4641 1625 4676 :
1649 4622 1718 4678 liber
1732 4627 1806 4680 eninr
1821 4642 1836 4680 a

205 4714 249 4760 tur
261 4701 388 4772 isssllssffls
407 4706 477 4760 Serti
491 4707 604 4775 peceati.
619 4706 761 4775 Scriptura
776 4703 994 4775 asmodeon:
1047 4709 1111 4775 Deo,
1124 4711 1195 4780 qnod
1208 4711 1356 4765 marimum
1371 4711 1475 4768 crimen
1490 4719 1543 4776 est,
1557 4711 1619 4768 ideo
1630 4713 1728 4768 amissa
1744 4729 1837 4768 antara

205 4793 255 4852 Cui
267 4795 423 4866 puisseroit,
436 4797 493 4865 eius
507 4808 532 4850 et
545 4812 634 4851 seruus
643 4795 951 4868 odditmestillommr).
964 4796 998 4851 Et
1047 4807 1075 4855 et
1096 4799 1232 4854 contraria
1246 4799 1369 4855 libertate
1389 4800 1514 4856 servilem
1527 4801 1710 4857 conditionem
1724 4804 1838 4858 sortitus

203 4886 349 4958 spostolus
368 4903 375 4940 ε
397 4884 521 4953 Liberuti,
538 4886 635 4956 inquit,
648 4902 665 4940 a
680 4889 803 4942 seruitute
818 4889 917 4957 peccati
927 4887 994 4941 servi
1046 4903 1096 4956 est,
1111 4905 1171 4962 qnae
1182 4890 1332 4962 prodesset,
1349 4892 1420 4948 sient
1433 4891 1497 4947 dicit
1514 4891 1663 4949 Dominus:
1686 4892 1780 4947 Tollite
1792 4895 1838 4964 js-

204 4978 269 5048 lorti
284 4976 994 5052 estisp‘ustitio·(lbidpsimilitcretancillae.hncillre
1045 4998 1106 5052 pom
1142 4995 1228 5036 meurn
1251 4996 1330 5050 super
1351 4997 1415 5044 ros,
1440 4982 1502 5051 quio
1526 4998 1604 5036 succe
1633 4991 1689 5046 est;
1718 4992 1743 5037 et
1771 4999 1839 5038 ones

205 5084 220 5124 n
235 5070 418 5127 sustentaculo
432 5079 533 5130 rocam
552 5088 559 5124 ι
582 5085 670 5125 ancon
688 5068 761 5124 enim
779 5066 873 5123 eroes
887 5068 995 5123 cubitus
1046 5089 1130 5128 meum
1144 5071 1243 5127 lsueest
1257 5072 1364 5142 (Dutch.
1379 5073 1430 5142 ιι).
1443 5071 1624 5128 Manrvmissns
1637 5072 1746 5139 dicitnr,
1759 5073 1839 5144 qm‘ul

205 5160 395 5227 dicitur,unde
406 5172 575 5218 stanconam
590 5160 713 5216 dicimus.
727 5158 921 5214 hnciheentm
934 5159 992 5221 Dei,
1047 5178 1127 5216 ιιιιιιιιι
1149 5160 1273 5217 emissus.
1296 5161 1373 5232 Apud
1396 5170 1503 5217 veteres
1524 5161 1597 5217 enim
1621 5162 1727 5231 anatim
1756 5178 1838 5217 niano

203 5252 277 5322 juata
291 5254 455 5326 allegoriam,
469 5254 565 5311 anima.
580 5260 692 5317 macta,
707 5267 766 5322 quae
779 5260 902 5322 promptu
914 5250 992 5306 dovo-
1048 5251 1189 5306 nvittcbant
1202 5292 1210 5316 ,
1224 5251 1300 5320 alapa
1314 5267 1459 5322 percussos
1473 5253 1708 5323 circumagebant,
1723 5254 1797 5308 unde
1811 5260 1839 5308 et

207 5343 280 5400 norm
293 5342 351 5412 ejus
363 5346 519 5402 deserviunt
531 5343 672 5401 volurvtati.
688 5342 764 5399 Unde
779 5341 920 5398 Psalmistn
936 5343 991 5397 ait:
1047 5341 1204 5396 manumissi
1222 5342 1286 5397 dicti
1305 5357 1338 5398 co
1356 5343 1428 5412 qnod
1455 5359 1536 5398 manu
1560 5344 1742 5399 mitterentur.
1759 5343 1839 5400 Ciues

206 5432 274 5487 Ecce
297 5436 452 5492 suntoculi
476 5453 611 5492 semorum
634 5436 662 5490 in
683 5435 804 5489 monibus
826 5431 994 5487 dominorum
1048 5430 1160 5486 Romani
1182 5440 1274 5500 postea
1293 5431 1359 5488 dicti
1377 5433 1599 5489 subeonsohhus
1614 5448 1663 5504 per
1677 5441 1838 5489 testamenta

207 5537 324 5577 suomm.
356 5524 391 5579 Et
421 5527 487 5582 ,scm
515 5527 584 5584 ,epu
614 5525 718 5581 amitto
748 5527 775 5580 ιη
803 5527 924 5581 manitus
948 5526 996 5582 do·
1048 5520 1075 5574 ia
1094 5521 1162 5575 urbe
1174 5519 1295 5577 Romana
1308 5523 1470 5576 suvrteiiccti
1488 5540 1494 5575 :
1514 5522 1577 5577 dicti
1593 5532 1682 5578 antem
1697 5523 1772 5578 ciras
1784 5523 1841 5579 llo·

208 5611 286 5664 rninoe
307 5628 362 5667 sue
385 5630 395 5667 .·
419 5617 454 5669 itu
480 5617 549 5671 oculi
575 5617 656 5672 nostri
683 5615 717 5670 od
746 5614 888 5672 Dominum
912 5615 997 5672 Deum
1048 5612 1139 5676 mani.
1155 5613 1218 5682 qrvia
1233 5620 1395 5669 ῑθδῑιιΰθιιῑθ
1414 5613 1491 5670 libili
1507 5613 1594 5671 effecit
1610 5615 1636 5670 in
1652 5614 1842 5672 ¹¹1¹mesp

198 5710 338 5762 ,vrosrrunn
357 5701 437 5755 dovrer
454 5705 606 5758 misereatur
629 5706 702 5759 nohis
725 5700 811 5772 (ent.
841 5707 995 5776 casavrnlt
1048 5717 1190 5759 manorum
1215 5703 1315 5780 ciuium
1342 5704 1509 5776 rediguntur.
1535 5703 1581 5760 llis
1605 5704 1720 5772 primum
1748 5704 1842 5761 aditus
