<?xml version="1.0" encoding="UTF-8"?>
<!DOCTYPE html PUBLIC "-//W3C//DTD XHTML 1.0 Transitional//EN"
    "http://www.w3.org/TR/xhtml1/DTD/xhtml1-transitional.dtd">
<html xmlns="http://www.w3.org/1999/xhtml" xml:lang="en" lang="en">
 <head>
  <title>
</title>
<meta http-equiv="Content-Type" content="text/html;charset=utf-8" />
  <meta name='ocr-system' content='tesseract 3.04.00' />
  <meta name='ocr-capabilities' content='ocr_page ocr_carea ocr_par ocr_line ocrx_word'/>
</head>
<body>
  <div class='ocr_page' id='page_1' title='image "./patrologiaecurs164unkngoog_0256.png"; bbox 0 0 4042 6200; ppageno 0'>
   <div class='ocr_carea' id='block_1_1' title="bbox 302 336 1894 421">
    <p class='ocr_par' dir='ltr' id='par_1_1' title="bbox 302 336 1894 421">
     <span class='ocr_line' id='line_1_1' title="bbox 302 336 1894 421; baseline 0.018 -29"><span class='ocrx_word' id='word_1_1' title='bbox 302 336 357 393; x_wconf 71' lang='grc'><strong>508</strong></span> <span class='ocrx_word' id='word_1_2' title='bbox 622 336 652 391; x_wconf 85' lang='grc' dir='ltr'><strong>Β.</strong></span> <span class='ocrx_word' id='word_1_3' title='bbox 672 337 798 394; x_wconf 76' lang='lat' dir='ltr'><strong>nauum</strong></span> <span class='ocrx_word' id='word_1_4' title='bbox 818 336 927 395; x_wconf 79' lang='lat' dir='ltr'><strong>bibunt</strong></span> <span class='ocrx_word' id='word_1_5' title='bbox 945 340 1104 397; x_wconf 73' lang='lat' dir='ltr'><strong>auertiue.</strong></span> <span class='ocrx_word' id='word_1_6' title='bbox 1125 342 1279 402; x_wconf 79' lang='lat' dir='ltr'><strong>MOGUNT.</strong></span> <span class='ocrx_word' id='word_1_7' title='bbox 1299 345 1443 405; x_wconf 73' lang='lat' dir='ltr'><strong>orabunt</strong></span> <span class='ocrx_word' id='word_1_8' title='bbox 1462 349 1552 408; x_wconf 76' lang='lat' dir='ltr'><strong>Plus</strong></span> <span class='ocrx_word' id='word_1_9' title='bbox 1567 353 1599 408; x_wconf 89' lang='lat' dir='ltr'><strong>ll.</strong></span> <span class='ocrx_word' id='word_1_10' title='bbox 1851 363 1894 421; x_wconf 84' lang='lat' dir='ltr'><strong>tot</strong></span> 
     </span>
    </p>
   </div>
   <div class='ocr_carea' id='block_1_2' title="bbox 299 448 1897 994">
    <p class='ocr_par' dir='ltr' id='par_1_2' title="bbox 299 448 1897 994">
     <span class='ocr_line' id='line_1_2' title="bbox 300 448 1893 543; baseline 0.016 -38"><span class='ocrx_word' id='word_1_11' title='bbox 300 450 466 520; x_wconf 78' lang='lat' dir='ltr'><strong>deprimens,</strong></span> <span class='ocrx_word' id='word_1_12' title='bbox 480 448 581 503; x_wconf 86' lang='lat' dir='ltr'><strong>mentis</strong></span> <span class='ocrx_word' id='word_1_13' title='bbox 593 449 686 504; x_wconf 89' lang='lat' dir='ltr'><strong>oculos</strong></span> <span class='ocrx_word' id='word_1_14' title='bbox 700 451 734 506; x_wconf 88' lang='lat' dir='ltr'><strong>nd</strong></span> <span class='ocrx_word' id='word_1_15' title='bbox 749 452 871 507; x_wconf 84' lang='lat' dir='ltr'><strong>ooelestla</strong></span> <span class='ocrx_word' id='word_1_16' title='bbox 885 452 1088 523; x_wconf 82' lang='lat' dir='ltr'><strong>contemplanda</strong></span> <span class='ocrx_word' id='word_1_17' title='bbox 1103 461 1127 522; x_wconf 72' lang='grc' dir='ltr'><strong>Α</strong></span> <span class='ocrx_word' id='word_1_18' title='bbox 1141 468 1272 525; x_wconf 72' lang='lat' dir='ltr'><strong>aromata,</strong></span> <span class='ocrx_word' id='word_1_19' title='bbox 1296 470 1403 517; x_wconf 80' lang='lat' dir='ltr'><strong>stactem</strong></span> <span class='ocrx_word' id='word_1_20' title='bbox 1423 471 1449 517; x_wconf 88' lang='lat' dir='ltr'><strong>et</strong></span> <span class='ocrx_word' id='word_1_21' title='bbox 1468 464 1578 534; x_wconf 73' lang='lat' dir='ltr'><strong>onycha,</strong></span> <span class='ocrx_word' id='word_1_22' title='bbox 1595 465 1729 537; x_wconf 75' lang='lat' dir='ltr'><strong>paliurum</strong></span> <span class='ocrx_word' id='word_1_23' title='bbox 1744 470 1799 526; x_wconf 78' lang='lat' dir='ltr'><strong>irai</strong></span> <span class='ocrx_word' id='word_1_24' title='bbox 1811 477 1893 543; x_wconf 80' lang='lat' dir='ltr'><strong>odoris,</strong></span> 
     </span>
     <span class='ocr_line' id='line_1_3' title="bbox 300 537 1895 627; baseline 0.016 -31"><span class='ocrx_word' id='word_1_25' title='bbox 300 539 408 596; x_wconf 80' lang='lat' dir='ltr'><strong>elevare</strong></span> <span class='ocrx_word' id='word_1_26' title='bbox 422 552 475 594; x_wconf 89' lang='lat' dir='ltr'><strong>non</strong></span> <span class='ocrx_word' id='word_1_27' title='bbox 494 538 570 594; x_wconf 88' lang='lat' dir='ltr'><strong>sinit.</strong></span> <span class='ocrx_word' id='word_1_28' title='bbox 585 537 738 596; x_wconf 84' lang='lat' dir='ltr'><strong>Gonlructis</strong></span> <span class='ocrx_word' id='word_1_29' title='bbox 761 540 892 597; x_wconf 84' lang='lat' dir='ltr'><strong>testiculis</strong></span> <span class='ocrx_word' id='word_1_30' title='bbox 904 550 955 609; x_wconf 85' lang='lat' dir='ltr'><strong>est,</strong></span> <span class='ocrx_word' id='word_1_31' title='bbox 970 544 1016 613; x_wconf 86' lang='lat' dir='ltr'><strong>qul</strong></span> <span class='ocrx_word' id='word_1_32' title='bbox 1030 544 1094 598; x_wconf 84' lang='lat' dir='ltr'><strong>viri-</strong></span> <span class='ocrx_word' id='word_1_33' title='bbox 1143 561 1167 604; x_wconf 87' lang='lat' dir='ltr'><strong>er</strong></span> <span class='ocrx_word' id='word_1_34' title='bbox 1180 550 1241 606; x_wconf 77' lang='lat' dir='ltr'><strong>ries</strong></span> <span class='ocrx_word' id='word_1_35' title='bbox 1251 550 1442 608; x_wconf 80' lang='lat' dir='ltr'><strong>lucidissimum</strong></span> <span class='ocrx_word' id='word_1_36' title='bbox 1454 570 1464 609; x_wconf 89' lang='grc'><strong>.·</strong></span> <span class='ocrx_word' id='word_1_37' title='bbox 1474 555 1582 624; x_wconf 74' lang='lat' dir='ltr'><strong>nunciis</strong></span> <span class='ocrx_word' id='word_1_38' title='bbox 1595 558 1712 627; x_wconf 80' lang='lat' dir='ltr'><strong>ponderis</strong></span> <span class='ocrx_word' id='word_1_39' title='bbox 1720 572 1788 616; x_wconf 76' lang='lat' dir='ltr'><strong>erunt</strong></span> <span class='ocrx_word' id='word_1_40' title='bbox 1801 566 1895 622; x_wconf 71' lang='grc' dir='ltr'><strong>ιιιιιιε</strong></span> 
     </span>
     <span class='ocr_line' id='line_1_4' title="bbox 302 629 1895 722; baseline 0.015 -37"><span class='ocrx_word' id='word_1_41' title='bbox 302 631 350 685; x_wconf 89' lang='lat' dir='ltr'><strong>des</strong></span> <span class='ocrx_word' id='word_1_42' title='bbox 363 629 672 685; x_wconf 83' lang='lat' dir='ltr'><strong>sensusndrersusvltia</strong></span> <span class='ocrx_word' id='word_1_43' title='bbox 686 646 739 686; x_wconf 93' lang='lat' dir='ltr'><strong>non</strong></span> <span class='ocrx_word' id='word_1_44' title='bbox 753 633 843 687; x_wconf 73' lang='lat' dir='ltr'><strong>balet.</strong></span> <span class='ocrx_word' id='word_1_45' title='bbox 858 631 1029 689; x_wconf 84' lang='lat' dir='ltr'><strong>Ponderosus</strong></span> <span class='ocrx_word' id='word_1_46' title='bbox 1040 642 1093 699; x_wconf 86' lang='lat' dir='ltr'><strong>est,</strong></span> <span class='ocrx_word' id='word_1_47' title='bbox 1143 640 1274 711; x_wconf 71' lang='lat' dir='ltr'><strong>sonemus</strong></span> <span class='ocrx_word' id='word_1_48' title='bbox 1293 643 1437 712; x_wconf 77' lang='lat' dir='ltr'><strong>tbymiama</strong></span> <span class='ocrx_word' id='word_1_49' title='bbox 1457 646 1625 711; x_wconf 78' lang='lat' dir='ltr'><strong>compositum</strong></span> <span class='ocrx_word' id='word_1_50' title='bbox 1651 665 1723 718; x_wconf 77' lang='lat' dir='ltr'><strong>opere</strong></span> <span class='ocrx_word' id='word_1_51' title='bbox 1741 656 1895 722; x_wconf 69' lang='lat' dir='ltr'><strong>nummarii,</strong></span> 
     </span>
     <span class='ocr_line' id='line_1_5' title="bbox 301 719 1895 813; baseline 0.017 -41"><span class='ocrx_word' id='word_1_52' title='bbox 301 734 382 790; x_wconf 75' lang='lat' dir='ltr'><strong>(prtem</strong></span> <span class='ocrx_word' id='word_1_53' title='bbox 396 733 480 789; x_wconf 82' lang='lat' dir='ltr'><strong>praru</strong></span> <span class='ocrx_word' id='word_1_54' title='bbox 503 719 632 789; x_wconf 73' lang='lat' dir='ltr'><strong>cogitatio</strong></span> <span class='ocrx_word' id='word_1_55' title='bbox 647 720 936 795; x_wconf 71' lang='lat' dir='ltr'><strong>indesinentergrarat</strong></span> <span class='ocrx_word' id='word_1_56' title='bbox 952 723 978 778; x_wconf 91' lang='lat' dir='ltr'><strong>in</strong></span> <span class='ocrx_word' id='word_1_57' title='bbox 992 733 1092 779; x_wconf 80' lang='lat' dir='ltr'><strong>mente</strong></span> <span class='ocrx_word' id='word_1_58' title='bbox 1142 731 1246 785; x_wconf 80' lang='lat' dir='ltr'><strong>mistum</strong></span> <span class='ocrx_word' id='word_1_59' title='bbox 1256 731 1394 802; x_wconf 76' lang='lat' dir='ltr'><strong>dilipenter</strong></span> <span class='ocrx_word' id='word_1_60' title='bbox 1404 742 1430 787; x_wconf 88' lang='grc' dir='ltr'><strong>ει</strong></span> <span class='ocrx_word' id='word_1_61' title='bbox 1441 750 1536 804; x_wconf 81' lang='lat' dir='ltr'><strong>purum</strong></span> <span class='ocrx_word' id='word_1_62' title='bbox 1552 735 1648 808; x_wconf 79' lang='lat' dir='ltr'><strong>(Eeod.</strong></span> <span class='ocrx_word' id='word_1_63' title='bbox 1663 738 1735 811; x_wconf 82' lang='lat' dir='ltr'>nx).</span> <span class='ocrx_word' id='word_1_64' title='bbox 1761 741 1895 813; x_wconf 77' lang='lat' dir='ltr'><strong>Tbyuiama</strong></span> 
     </span>
     <span class='ocr_line' id='line_1_6' title="bbox 302 808 1897 892; baseline 0.015 -27"><span class='ocrx_word' id='word_1_65' title='bbox 302 808 425 865; x_wconf 85' lang='lat' dir='ltr'><strong>Scabiem</strong></span> <span class='ocrx_word' id='word_1_66' title='bbox 442 810 468 864; x_wconf 91' lang='lat' dir='ltr'><strong>iu</strong></span> <span class='ocrx_word' id='word_1_67' title='bbox 482 824 596 880; x_wconf 88' lang='lat' dir='ltr'><strong>corpore</strong></span> <span class='ocrx_word' id='word_1_68' title='bbox 609 808 702 877; x_wconf 86' lang='lat' dir='ltr'><strong>babet,</strong></span> <span class='ocrx_word' id='word_1_69' title='bbox 722 826 803 882; x_wconf 82' lang='lat' dir='ltr'><strong>quom</strong></span> <span class='ocrx_word' id='word_1_70' title='bbox 826 811 933 868; x_wconf 81' lang='lat' dir='ltr'><strong>luxuria</strong></span> <span class='ocrx_word' id='word_1_71' title='bbox 944 816 1037 870; x_wconf 86' lang='lat' dir='ltr'><strong>carnis</strong></span> <span class='ocrx_word' id='word_1_72' title='bbox 1050 817 1095 870; x_wconf 84' lang='lat' dir='ltr'><strong>do-</strong></span> <span class='ocrx_word' id='word_1_73' title='bbox 1142 823 1323 891; x_wconf 87' lang='lat' dir='ltr'><strong>compositum</strong></span> <span class='ocrx_word' id='word_1_74' title='bbox 1336 838 1369 878; x_wconf 87' lang='grc' dir='ltr'><strong>ει</strong></span> <span class='ocrx_word' id='word_1_75' title='bbox 1383 826 1550 881; x_wconf 81' lang='lat' dir='ltr'><strong>aromatibus</strong></span> <span class='ocrx_word' id='word_1_76' title='bbox 1576 826 1695 892; x_wconf 86' lang='lat' dir='ltr'><strong>iacimus,</strong></span> <span class='ocrx_word' id='word_1_77' title='bbox 1711 846 1768 886; x_wconf 87' lang='lat' dir='ltr'><strong>curu</strong></span> <span class='ocrx_word' id='word_1_78' title='bbox 1792 833 1815 887; x_wconf 91' lang='lat' dir='ltr'><strong>iu</strong></span> <span class='ocrx_word' id='word_1_79' title='bbox 1832 834 1897 890; x_wconf 77' lang='lat' dir='ltr'><strong>utari</strong></span> 
     </span>
     <span class='ocr_line' id='line_1_7' title="bbox 299 900 1897 994; baseline 0.016 -41"><span class='ocrx_word' id='word_1_80' title='bbox 299 909 387 955; x_wconf 81' lang='lat' dir='ltr'><strong>vastat</strong></span> <span class='ocrx_word' id='word_1_81' title='bbox 403 900 429 954; x_wconf 94' lang='lat' dir='ltr'><strong>in</strong></span> <span class='ocrx_word' id='word_1_82' title='bbox 444 907 545 955; x_wconf 86' lang='grc' dir='ltr'><strong>ιιιειιιε.</strong></span> <span class='ocrx_word' id='word_1_83' title='bbox 556 901 741 973; x_wconf 69' lang='lat' dir='ltr'><strong>impetiginem</strong></span> <span class='ocrx_word' id='word_1_84' title='bbox 751 903 843 968; x_wconf 73' lang='lat' dir='ltr'><strong>babet,</strong></span> <span class='ocrx_word' id='word_1_85' title='bbox 857 904 900 959; x_wconf 93' lang='lat' dir='ltr'><strong>cui</strong></span> <span class='ocrx_word' id='word_1_86' title='bbox 916 906 1030 959; x_wconf 79' lang='lat' dir='ltr'><strong>auaritia</strong></span> <span class='ocrx_word' id='word_1_87' title='bbox 1046 906 1094 960; x_wconf 91' lang='lat' dir='ltr'><strong>do·</strong></span> <span class='ocrx_word' id='word_1_88' title='bbox 1142 911 1203 966; x_wconf 91' lang='lat' dir='ltr'><strong>boni</strong></span> <span class='ocrx_word' id='word_1_89' title='bbox 1217 913 1308 983; x_wconf 82' lang='lat' dir='ltr'><strong>operis</strong></span> <span class='ocrx_word' id='word_1_90' title='bbox 1321 914 1450 971; x_wconf 85' lang='lat' dir='ltr'><strong>virtutum</strong></span> <span class='ocrx_word' id='word_1_91' title='bbox 1467 916 1661 986; x_wconf 71' lang='lat' dir='ltr'><strong>multiplicitate</strong></span> <span class='ocrx_word' id='word_1_92' title='bbox 1672 919 1897 994; x_wconf 78' lang='lat' dir='ltr'><strong>redolemussouud</strong></span> 
     </span>
    </p>
   </div>
   <div class='ocr_carea' id='block_1_3' title="bbox 300 994 1899 1174">
    <p class='ocr_par' dir='ltr' id='par_1_3' title="bbox 300 994 1899 1174">
     <span class='ocr_line' id='line_1_8' title="bbox 300 994 1899 1080; baseline 0.013 -30"><span class='ocrx_word' id='word_1_93' title='bbox 300 996 420 1051; x_wconf 87' lang='lat' dir='ltr'><strong>minatur</strong></span> <span class='ocrx_word' id='word_1_94' title='bbox 435 995 463 1048; x_wconf 91' lang='lat' dir='ltr'><strong>in</strong></span> <span class='ocrx_word' id='word_1_95' title='bbox 477 995 569 1050; x_wconf 89' lang='lat' dir='ltr'><strong>corde.</strong></span> <span class='ocrx_word' id='word_1_96' title='bbox 591 994 644 1050; x_wconf 81' lang='lat' dir='ltr'><strong>Alil</strong></span> <span class='ocrx_word' id='word_1_97' title='bbox 661 996 732 1051; x_wconf 86' lang='lat' dir='ltr'><strong>bane</strong></span> <span class='ocrx_word' id='word_1_98' title='bbox 759 995 943 1068; x_wconf 72' lang='lat' dir='ltr'><strong>impetiginem</strong></span> <span class='ocrx_word' id='word_1_99' title='bbox 966 998 1094 1052; x_wconf 85' lang='lat' dir='ltr'><strong>concilia·</strong></span> <span class='ocrx_word' id='word_1_100' title='bbox 1142 1002 1252 1058; x_wconf 88' lang='lat' dir='ltr'><strong>mistum</strong></span> <span class='ocrx_word' id='word_1_101' title='bbox 1272 1013 1300 1060; x_wconf 93' lang='grc' dir='ltr'><strong>ει</strong></span> <span class='ocrx_word' id='word_1_102' title='bbox 1321 1021 1418 1075; x_wconf 89' lang='lat' dir='ltr'><strong>purum</strong></span> <span class='ocrx_word' id='word_1_103' title='bbox 1436 1007 1485 1063; x_wconf 85' lang='lat' dir='ltr'><strong>ut:</strong></span> <span class='ocrx_word' id='word_1_104' title='bbox 1500 1009 1563 1079; x_wconf 82' lang='lat' dir='ltr'><strong>quia</strong></span> <span class='ocrx_word' id='word_1_105' title='bbox 1578 1019 1704 1080; x_wconf 85' lang='lat' dir='ltr'><strong>quantum</strong></span> <span class='ocrx_word' id='word_1_106' title='bbox 1728 1014 1807 1068; x_wconf 82' lang='lat' dir='ltr'><strong>uirtus</strong></span> <span class='ocrx_word' id='word_1_107' title='bbox 1822 1015 1899 1070; x_wconf 89' lang='lat' dir='ltr'><strong>rirtuti</strong></span> 
     </span>
     <span class='ocr_line' id='line_1_9' title="bbox 300 1084 1899 1174; baseline 0.012 -32"><span class='ocrx_word' id='word_1_108' title='bbox 300 1086 362 1142; x_wconf 84' lang='lat' dir='ltr'><strong>bula</strong></span> <span class='ocrx_word' id='word_1_109' title='bbox 378 1086 566 1141; x_wconf 71' lang='lat' dir='ltr'><strong>boeticorum</strong></span> <span class='ocrx_word' id='word_1_110' title='bbox 581 1084 782 1141; x_wconf 83' lang='lat' dir='ltr'><strong>intellexerunt.</strong></span> <span class='ocrx_word' id='word_1_111' title='bbox 797 1086 1019 1154; x_wconf 66' lang='lat' dir='ltr'><strong>nostrorumst,</strong></span> <span class='ocrx_word' id='word_1_112' title='bbox 1034 1089 1092 1158; x_wconf 81' lang='lat' dir='ltr'><strong>oui,</strong></span> <span class='ocrx_word' id='word_1_113' title='bbox 1138 1095 1270 1168; x_wconf 69' lang='lat' dir='ltr'><strong>pungitur,</strong></span> <span class='ocrx_word' id='word_1_114' title='bbox 1294 1107 1399 1154; x_wconf 85' lang='lat' dir='ltr'><strong>tantum</strong></span> <span class='ocrx_word' id='word_1_115' title='bbox 1424 1102 1566 1158; x_wconf 88' lang='lat' dir='ltr'><strong>incensum</strong></span> <span class='ocrx_word' id='word_1_116' title='bbox 1589 1103 1652 1158; x_wconf 88' lang='lat' dir='ltr'><strong>boni</strong></span> <span class='ocrx_word' id='word_1_117' title='bbox 1680 1105 1766 1174; x_wconf 85' lang='lat' dir='ltr'><strong>operis</strong></span> <span class='ocrx_word' id='word_1_118' title='bbox 1788 1106 1899 1161; x_wconf 78' lang='lat' dir='ltr'><strong>sincerius</strong></span> 
     </span>
    </p>
   </div>
   <div class='ocr_carea' id='block_1_4' title="bbox 297 1175 1906 2527">
    <p class='ocr_par' dir='ltr' id='par_1_4' title="bbox 297 1175 1906 2527">
     <span class='ocr_line' id='line_1_10' title="bbox 300 1175 1900 1266; baseline 0.006 -26"><span class='ocrx_word' id='word_1_119' title='bbox 300 1176 419 1247; x_wconf 64' lang='grc' dir='ltr'><strong>Ρθθθιῑῑι</strong></span> <span class='ocrx_word' id='word_1_120' title='bbox 443 1176 561 1247; x_wconf 62' lang='grc' dir='ltr'><strong>Ρῑθιπῑῑδ</strong></span> <span class='ocrx_word' id='word_1_121' title='bbox 585 1175 771 1248; x_wconf 62' lang='grc' dir='ltr'><strong>θῐῑὲθΰῑῐῧῦῦ,</strong></span> <span class='ocrx_word' id='word_1_122' title='bbox 799 1192 814 1231; x_wconf 69' lang='lat' dir='ltr'><strong>{t</strong></span> <span class='ocrx_word' id='word_1_123' title='bbox 838 1177 939 1234; x_wconf 83' lang='lat' dir='ltr'><strong>Christi</strong></span> <span class='ocrx_word' id='word_1_124' title='bbox 966 1194 1092 1249; x_wconf 68' lang='lat' dir='ltr'><strong>borbore,</strong></span> <span class='ocrx_word' id='word_1_125' title='bbox 1141 1186 1294 1242; x_wconf 82' lang='lat' dir='ltr'><strong>exhibetur.</strong></span> <span class='ocrx_word' id='word_1_126' title='bbox 1310 1187 1515 1262; x_wconf 74' lang='lat' dir='ltr'><strong>Aromataergo</strong></span> <span class='ocrx_word' id='word_1_127' title='bbox 1537 1192 1564 1246; x_wconf 93' lang='lat' dir='ltr'><strong>iu</strong></span> <span class='ocrx_word' id='word_1_128' title='bbox 1586 1192 1718 1263; x_wconf 79' lang='lat' dir='ltr'><strong>puluerem</strong></span> <span class='ocrx_word' id='word_1_129' title='bbox 1738 1194 1900 1266; x_wconf 68' lang='lat' dir='ltr'><strong>redigereest</strong></span> 
     </span>
     <span class='ocr_line' id='line_1_11' title="bbox 299 1266 1899 1348; baseline 0.011 -27"><span class='ocrx_word' id='word_1_130' title='bbox 299 1268 371 1338; x_wconf 81' lang='lat' dir='ltr'><strong>quod</strong></span> <span class='ocrx_word' id='word_1_131' title='bbox 383 1276 426 1324; x_wconf 84' lang='lat' dir='ltr'><strong>ost</strong></span> <span class='ocrx_word' id='word_1_132' title='bbox 442 1266 571 1332; x_wconf 78' lang='lat' dir='ltr'><strong>Ecclesia,</strong></span> <span class='ocrx_word' id='word_1_133' title='bbox 588 1274 792 1337; x_wconf 77' lang='lat' dir='ltr'><strong>separabrsest.</strong></span> <span class='ocrx_word' id='word_1_134' title='bbox 816 1267 933 1324; x_wconf 84' lang='lat' dir='ltr'><strong>llodicus</strong></span> <span class='ocrx_word' id='word_1_135' title='bbox 955 1269 1091 1335; x_wconf 85' lang='lat' dir='ltr'><strong>Christus,</strong></span> <span class='ocrx_word' id='word_1_136' title='bbox 1141 1274 1255 1329; x_wconf 84' lang='lat' dir='ltr'><strong>virtutos</strong></span> <span class='ocrx_word' id='word_1_137' title='bbox 1280 1278 1457 1348; x_wconf 80' lang='lat' dir='ltr'><strong>recogitando</strong></span> <span class='ocrx_word' id='word_1_138' title='bbox 1470 1286 1559 1335; x_wconf 83' lang='lat' dir='ltr'><strong>terere</strong></span> <span class='ocrx_word' id='word_1_139' title='bbox 1578 1282 1748 1337; x_wconf 85' lang='lat' dir='ltr'><strong>etsubtiliter</strong></span> <span class='ocrx_word' id='word_1_140' title='bbox 1758 1283 1899 1339; x_wconf 76' lang='lat' dir='ltr'><strong>examinare</strong></span> 
     </span>
     <span class='ocr_line' id='line_1_12' title="bbox 299 1356 1900 1442; baseline 0.011 -31"><span class='ocrx_word' id='word_1_141' title='bbox 299 1367 330 1412; x_wconf 91' lang='lat' dir='ltr'><strong>ut</strong></span> <span class='ocrx_word' id='word_1_142' title='bbox 343 1360 368 1413; x_wconf 93' lang='lat' dir='ltr'><strong>iu</strong></span> <span class='ocrx_word' id='word_1_143' title='bbox 381 1357 545 1428; x_wconf 73' lang='lat' dir='ltr'><strong>Evangelio:</strong></span> <span class='ocrx_word' id='word_1_144' title='bbox 561 1356 624 1412; x_wconf 83' lang='lat' dir='ltr'><strong>Non</strong></span> <span class='ocrx_word' id='word_1_145' title='bbox 646 1367 720 1428; x_wconf 74' lang='lat' dir='ltr'><strong>spent</strong></span> <span class='ocrx_word' id='word_1_146' title='bbox 747 1358 806 1412; x_wconf 82' lang='lat' dir='ltr'><strong>runi</strong></span> <span class='ocrx_word' id='word_1_147' title='bbox 821 1359 932 1425; x_wconf 78' lang='lat' dir='ltr'><strong>medico,</strong></span> <span class='ocrx_word' id='word_1_148' title='bbox 955 1359 1001 1415; x_wconf 85' lang='lat' dir='ltr'><strong>red</strong></span> <span class='ocrx_word' id='word_1_149' title='bbox 1023 1359 1092 1415; x_wconf 79' lang='lat' dir='ltr'><strong>mols</strong></span> <span class='ocrx_word' id='word_1_150' title='bbox 1141 1362 1453 1424; x_wconf 86' lang='lat' dir='ltr'><strong>lnoensumodoriierum</strong></span> <span class='ocrx_word' id='word_1_151' title='bbox 1466 1369 1499 1424; x_wconf 89' lang='lat' dir='ltr'><strong>de</strong></span> <span class='ocrx_word' id='word_1_152' title='bbox 1510 1370 1655 1442; x_wconf 75' lang='lat' dir='ltr'><strong>pigmentis</strong></span> <span class='ocrx_word' id='word_1_153' title='bbox 1664 1378 1704 1427; x_wconf 90' lang='lat' dir='ltr'><strong>est</strong></span> <span class='ocrx_word' id='word_1_154' title='bbox 1711 1373 1796 1427; x_wconf 81' lang='lat' dir='ltr'><strong>suavis</strong></span> <span class='ocrx_word' id='word_1_155' title='bbox 1803 1373 1900 1438; x_wconf 83' lang='lat' dir='ltr'><strong>adustio,</strong></span> 
     </span>
     <span class='ocr_line' id='line_1_13' title="bbox 299 1447 1902 1524; baseline 0.009 -21"><span class='ocrx_word' id='word_1_156' title='bbox 299 1451 423 1505; x_wconf 79' lang='lat' dir='ltr'><strong>trabentes</strong></span> <span class='ocrx_word' id='word_1_157' title='bbox 438 1449 546 1520; x_wconf 80' lang='grc' dir='ltr'><strong>(Μιιιιι.</strong></span> <span class='ocrx_word' id='word_1_158' title='bbox 559 1447 609 1521; x_wconf 82' lang='grc' dir='ltr'><strong>ιι).</strong></span> <span class='ocrx_word' id='word_1_159' title='bbox 624 1449 734 1514; x_wconf 82' lang='lat' dir='ltr'><strong>Recine,</strong></span> <span class='ocrx_word' id='word_1_160' title='bbox 749 1448 868 1505; x_wconf 72' lang='lat' dir='ltr'><strong>coebstis</strong></span> <span class='ocrx_word' id='word_1_161' title='bbox 891 1450 1024 1506; x_wconf 84' lang='lat' dir='ltr'><strong>medicina</strong></span> <span class='ocrx_word' id='word_1_162' title='bbox 1038 1459 1091 1516; x_wconf 88' lang='lat' dir='ltr'><strong>est,</strong></span> <span class='ocrx_word' id='word_1_163' title='bbox 1141 1469 1201 1524; x_wconf 75' lang='lat' dir='ltr'><strong>quse</strong></span> <span class='ocrx_word' id='word_1_164' title='bbox 1224 1455 1388 1513; x_wconf 80' lang='lat' dir='ltr'><strong>carbonibus</strong></span> <span class='ocrx_word' id='word_1_165' title='bbox 1413 1468 1586 1515; x_wconf 86' lang='lat' dir='ltr'><strong>concremata</strong></span> <span class='ocrx_word' id='word_1_166' title='bbox 1613 1461 1793 1518; x_wconf 85' lang='lat' dir='ltr'><strong>charissimum</strong></span> <span class='ocrx_word' id='word_1_167' title='bbox 1815 1462 1902 1517; x_wconf 78' lang='lat' dir='ltr'><strong>bunun</strong></span> 
     </span>
     <span class='ocr_line' id='line_1_14' title="bbox 298 1538 1901 1619; baseline 0.01 -28"><span class='ocrx_word' id='word_1_168' title='bbox 298 1538 473 1595; x_wconf 82' lang='lat' dir='ltr'><strong>utleremias</strong></span> <span class='ocrx_word' id='word_1_169' title='bbox 485 1539 572 1594; x_wconf 86' lang='lat' dir='ltr'><strong>dicit:</strong></span> <span class='ocrx_word' id='word_1_170' title='bbox 588 1538 826 1610; x_wconf 76' lang='lat' dir='ltr'><strong>Nunquirinonest</strong></span> <span class='ocrx_word' id='word_1_171' title='bbox 840 1541 927 1598; x_wconf 79' lang='lat' dir='ltr'><strong>resino</strong></span> <span class='ocrx_word' id='word_1_172' title='bbox 940 1539 1090 1607; x_wconf 70' lang='lat' dir='ltr'><strong>incolumi,</strong></span> <span class='ocrx_word' id='word_1_173' title='bbox 1139 1546 1255 1617; x_wconf 79' lang='lat' dir='ltr'><strong>porrigit</strong></span> <span class='ocrx_word' id='word_1_174' title='bbox 1272 1547 1312 1603; x_wconf 83' lang='lat' dir='ltr'><strong>&#39;ud</strong></span> <span class='ocrx_word' id='word_1_175' title='bbox 1338 1564 1471 1619; x_wconf 82' lang='lat' dir='ltr'><strong>superna,</strong></span> <span class='ocrx_word' id='word_1_176' title='bbox 1497 1559 1527 1606; x_wconf 87' lang='lat' dir='ltr'><strong>et</strong></span> <span class='ocrx_word' id='word_1_177' title='bbox 1551 1552 1695 1609; x_wconf 83' lang='lat' dir='ltr'><strong>odorantes</strong></span> <span class='ocrx_word' id='word_1_178' title='bbox 1721 1567 1749 1608; x_wconf 88' lang='lat' dir='ltr'><strong>se</strong></span> <span class='ocrx_word' id='word_1_179' title='bbox 1775 1551 1901 1608; x_wconf 75' lang='lat' dir='ltr'><strong>deleoabili</strong></span> 
     </span>
     <span class='ocr_line' id='line_1_15' title="bbox 300 1629 1902 1716; baseline 0.005 -33"><span class='ocrx_word' id='word_1_180' title='bbox 300 1629 352 1684; x_wconf 88' lang='lat' dir='ltr'><strong>buc</strong></span> <span class='ocrx_word' id='word_1_181' title='bbox 374 1638 425 1695; x_wconf 82' lang='lat' dir='ltr'><strong>est,</strong></span> <span class='ocrx_word' id='word_1_182' title='bbox 453 1631 480 1684; x_wconf 88' lang='lat' dir='ltr'><strong>in</strong></span> <span class='ocrx_word' id='word_1_183' title='bbox 507 1629 646 1695; x_wconf 80' lang='lat' dir='ltr'><strong>Ecclesia,</strong></span> <span class='ocrx_word' id='word_1_184' title='bbox 677 1639 723 1684; x_wconf 84' lang='lat' dir='ltr'><strong>unt</strong></span> <span class='ocrx_word' id='word_1_185' title='bbox 749 1631 865 1686; x_wconf 78' lang='lat' dir='ltr'><strong>medicus</strong></span> <span class='ocrx_word' id='word_1_186' title='bbox 891 1648 944 1686; x_wconf 82' lang='lat' dir='ltr'><strong>non</strong></span> <span class='ocrx_word' id='word_1_187' title='bbox 970 1642 1009 1688; x_wconf 79' lang='lat' dir='ltr'><strong>est</strong></span> <span class='ocrx_word' id='word_1_188' title='bbox 1034 1633 1093 1688; x_wconf 84' lang='lat' dir='ltr'><strong>ibi?</strong></span> <span class='ocrx_word' id='word_1_189' title='bbox 1136 1640 1306 1710; x_wconf 67' lang='lat' dir='ltr'><strong>jucunditate</strong></span> <span class='ocrx_word' id='word_1_190' title='bbox 1328 1644 1489 1714; x_wconf 62' lang='lat' dir='ltr'><strong>permulcet,</strong></span> <span class='ocrx_word' id='word_1_191' title='bbox 1516 1647 1556 1702; x_wconf 58' lang='grc' dir='ltr'><strong>,ιο</strong></span> <span class='ocrx_word' id='word_1_192' title='bbox 1581 1647 1721 1703; x_wconf 57' lang='lat' dir='ltr'><strong>mmmm</strong></span> <span class='ocrx_word' id='word_1_193' title='bbox 1743 1647 1832 1705; x_wconf 62' lang='lat' dir='ltr'><strong>omno,</strong></span> <span class='ocrx_word' id='word_1_194' title='bbox 1851 1646 1902 1716; x_wconf 60' lang='lat' dir='ltr'><strong>igne</strong></span> 
     </span>
     <span class='ocr_line' id='line_1_16' title="bbox 298 1722 1903 1811; baseline 0.009 -34"><span class='ocrx_word' id='word_1_195' title='bbox 298 1722 580 1794; x_wconf 66' lang='lat' dir='ltr'><strong>(besurniacum</strong></span> <span class='ocrx_word' id='word_1_196' title='bbox 594 1731 704 1795; x_wconf 85' lang='lat' dir='ltr'><strong>propter</strong></span> <span class='ocrx_word' id='word_1_197' title='bbox 720 1724 1092 1794; x_wconf 87' lang='lat' dir='ltr'><strong>animampeccatorumlan·</strong></span> <span class='ocrx_word' id='word_1_198' title='bbox 1139 1735 1281 1792; x_wconf 83' lang='lat' dir='ltr'><strong>clraritatis</strong></span> <span class='ocrx_word' id='word_1_199' title='bbox 1307 1738 1426 1803; x_wconf 87' lang='lat' dir='ltr'><strong>incensa,</strong></span> <span class='ocrx_word' id='word_1_200' title='bbox 1453 1739 1552 1795; x_wconf 85' lang='lat' dir='ltr'><strong>divinis</strong></span> <span class='ocrx_word' id='word_1_201' title='bbox 1580 1741 1763 1811; x_wconf 80' lang='lat' dir='ltr'><strong>conspectibus</strong></span> <span class='ocrx_word' id='word_1_202' title='bbox 1785 1739 1903 1811; x_wconf 74' lang='lat' dir='ltr'><strong>ingeritur,</strong></span> 
     </span>
     <span class='ocr_line' id='line_1_17' title="bbox 298 1810 1904 1902; baseline -0.001 -19"><span class='ocrx_word' id='word_1_203' title='bbox 298 1829 381 1883; x_wconf 66' lang='lat' dir='ltr'>8¹¹⁰T⁰</span> <span class='ocrx_word' id='word_1_204' title='bbox 402 1813 537 1870; x_wconf 61' lang='lat' dir='ltr'><strong>infirmam</strong></span> <span class='ocrx_word' id='word_1_205' title='bbox 550 1810 675 1880; x_wconf 58' lang='lat' dir='ltr'><strong>:Ponite</strong></span> <span class='ocrx_word' id='word_1_206' title='bbox 687 1813 785 1885; x_wconf 53' lang='lat' dir='ltr'><strong>induli,</strong></span> <span class='ocrx_word' id='word_1_207' title='bbox 798 1816 912 1869; x_wconf 59' lang='lat' dir='ltr'><strong>millam</strong></span> <span class='ocrx_word' id='word_1_208' title='bbox 926 1814 961 1868; x_wconf 64' lang='grc' dir='ltr'><strong><em>Μ</em></strong></span> <span class='ocrx_word' id='word_1_209' title='bbox 973 1813 1089 1869; x_wconf 57' lang='lat' dir='ltr'><strong>‘illimem</strong></span> <span class='ocrx_word' id='word_1_210' title='bbox 1105 1812 1127 1871; x_wconf 83' lang='grc' dir='ltr'><strong>Β</strong></span> <span class='ocrx_word' id='word_1_211' title='bbox 1141 1841 1201 1895; x_wconf 74' lang='lat' dir='ltr'><strong>quse</strong></span> <span class='ocrx_word' id='word_1_212' title='bbox 1229 1827 1316 1898; x_wconf 70' lang='lat' dir='ltr'><strong>magis</strong></span> <span class='ocrx_word' id='word_1_213' title='bbox 1342 1826 1504 1885; x_wconf 85' lang='lat' dir='ltr'><strong>humilitatis</strong></span> <span class='ocrx_word' id='word_1_214' title='bbox 1525 1839 1553 1886; x_wconf 89' lang='lat' dir='ltr'><strong>et</strong></span> <span class='ocrx_word' id='word_1_215' title='bbox 1579 1830 1787 1902; x_wconf 85' lang='lat' dir='ltr'><strong>compunctionis</strong></span> <span class='ocrx_word' id='word_1_216' title='bbox 1805 1828 1904 1899; x_wconf 87' lang='lat' dir='ltr'><strong>pondere</strong></span> 
     </span>
     <span class='ocr_line' id='line_1_18' title="bbox 297 1902 1905 1977; baseline 0.007 -19"><span class='ocrx_word' id='word_1_217' title='bbox 297 1905 368 1975; x_wconf 78' lang='lat' dir='ltr'><strong>ejus,</strong></span> <span class='ocrx_word' id='word_1_218' title='bbox 393 1905 416 1959; x_wconf 86' lang='lat' dir='ltr'><strong>si</strong></span> <span class='ocrx_word' id='word_1_219' title='bbox 439 1904 508 1974; x_wconf 73' lang='lat' dir='ltr'><strong>[orte</strong></span> <span class='ocrx_word' id='word_1_220' title='bbox 528 1915 638 1960; x_wconf 76' lang='lat' dir='ltr'><strong>sonetur</strong></span> <span class='ocrx_word' id='word_1_221' title='bbox 669 1903 737 1976; x_wconf 75' lang='lat' dir='ltr'><strong>(ier.</strong></span> <span class='ocrx_word' id='word_1_222' title='bbox 763 1903 811 1976; x_wconf 88' lang='grc' dir='ltr'><strong>ιι).</strong></span> <span class='ocrx_word' id='word_1_223' title='bbox 827 1902 902 1960; x_wconf 86' lang='lat' dir='ltr'><strong>Ddor</strong></span> <span class='ocrx_word' id='word_1_224' title='bbox 924 1912 1038 1960; x_wconf 79' lang='lat' dir='ltr'><strong>uocatus</strong></span> <span class='ocrx_word' id='word_1_225' title='bbox 1054 1905 1090 1959; x_wconf 88' lang='lat' dir='ltr'><strong>ab</strong></span> <span class='ocrx_word' id='word_1_226' title='bbox 1135 1915 1309 1970; x_wconf 39' lang='lat' dir='ltr'><strong>,sublevatus</strong></span> <span class='ocrx_word' id='word_1_227' title='bbox 1329 1914 1482 1974; x_wconf 63' lang='lat' dir='ltr'><strong>vifmuhus</strong></span> <span class='ocrx_word' id='word_1_228' title='bbox 1506 1919 1582 1975; x_wconf 66' lang='lat' dir='ltr'><strong>enim</strong></span> <span class='ocrx_word' id='word_1_229' title='bbox 1606 1920 1734 1976; x_wconf 69' lang='lat' dir='ltr'><strong>pominus</strong></span> <span class='ocrx_word' id='word_1_230' title='bbox 1756 1926 1840 1977; x_wconf 75' lang='lat' dir='ltr'><strong>noster</strong></span> <span class='ocrx_word' id='word_1_231' title='bbox 1856 1928 1905 1971; x_wconf 85' lang='lat' dir='ltr'><strong>tan·</strong></span> 
     </span>
     <span class='ocr_line' id='line_1_19' title="bbox 299 1993 1905 2077; baseline -0.002 -11"><span class='ocrx_word' id='word_1_232' title='bbox 299 2008 384 2050; x_wconf 61' lang='lat' dir='ltr'><strong>’mi</strong></span> <span class='ocrx_word' id='word_1_233' title='bbox 400 1994 557 2066; x_wconf 63' lang='lat' dir='ltr'><strong>lhlmlifflar</strong></span> <span class='ocrx_word' id='word_1_234' title='bbox 583 1993 676 2050; x_wconf 65' lang='lat' dir='ltr'><strong>Gl&#39;ffl</strong></span> <span class='ocrx_word' id='word_1_235' title='bbox 702 1994 793 2066; x_wconf 74' lang='lat' dir='ltr'><strong>lingua</strong></span> <span class='ocrx_word' id='word_1_236' title='bbox 811 2002 947 2061; x_wconf 59' lang='lat' dir='ltr'><strong>mlum·</strong></span> <span class='ocrx_word' id='word_1_237' title='bbox 961 1996 1034 2066; x_wconf 61' lang='lat'><strong>(1⁰⁰⁶</strong></span> <span class='ocrx_word' id='word_1_238' title='bbox 1056 1996 1092 2051; x_wconf 72' lang='grc' dir='ltr'><strong>θῑῑ</strong></span> <span class='ocrx_word' id='word_1_239' title='bbox 1143 2023 1224 2077; x_wconf 84' lang='lat' dir='ltr'><strong>quam</strong></span> <span class='ocrx_word' id='word_1_240' title='bbox 1247 2007 1327 2064; x_wconf 88' lang='lat' dir='ltr'><strong>bonis</strong></span> <span class='ocrx_word' id='word_1_241' title='bbox 1344 2009 1494 2065; x_wconf 77' lang='lat' dir='ltr'><strong>delectatur</strong></span> <span class='ocrx_word' id='word_1_242' title='bbox 1515 2012 1646 2068; x_wconf 89' lang='lat' dir='ltr'><strong>odoribus</strong></span> <span class='ocrx_word' id='word_1_243' title='bbox 1674 2030 1682 2067; x_wconf 90' lang='lat'><strong>:</strong></span> <span class='ocrx_word' id='word_1_244' title='bbox 1704 2026 1764 2067; x_wconf 84' lang='lat' dir='ltr'><strong>aaut</strong></span> <span class='ocrx_word' id='word_1_245' title='bbox 1779 2008 1905 2065; x_wconf 83' lang='lat' dir='ltr'><strong>orationum</strong></span> 
     </span>
     <span class='ocr_line' id='line_1_20' title="bbox 297 2083 1905 2169; baseline 0.003 -30"><span class='ocrx_word' id='word_1_246' title='bbox 297 2085 436 2141; x_wconf 82' lang='lat' dir='ltr'><strong>odorabile</strong></span> <span class='ocrx_word' id='word_1_247' title='bbox 452 2103 459 2140; x_wconf 90' lang='lat'>:</span> <span class='ocrx_word' id='word_1_248' title='bbox 474 2100 536 2141; x_wconf 90' lang='lat' dir='ltr'><strong>nam</strong></span> <span class='ocrx_word' id='word_1_249' title='bbox 549 2086 672 2158; x_wconf 76' lang='lat' dir='ltr'><strong>thymum</strong></span> <span class='ocrx_word' id='word_1_250' title='bbox 681 2085 781 2142; x_wconf 87' lang='lat' dir='ltr'><strong>dicitur</strong></span> <span class='ocrx_word' id='word_1_251' title='bbox 796 2083 845 2140; x_wconf 87' lang='lat' dir='ltr'><strong>llos</strong></span> <span class='ocrx_word' id='word_1_252' title='bbox 861 2084 907 2154; x_wconf 87' lang='lat' dir='ltr'><strong>qui</strong></span> <span class='ocrx_word' id='word_1_253' title='bbox 920 2085 1033 2141; x_wconf 91' lang='lat' dir='ltr'><strong>odorem</strong></span> <span class='ocrx_word' id='word_1_254' title='bbox 1046 2102 1090 2142; x_wconf 92' lang='lat' dir='ltr'><strong>re·</strong></span> <span class='ocrx_word' id='word_1_255' title='bbox 1142 2106 1275 2162; x_wconf 61' lang='lat' dir='ltr'><strong>sanctam,</strong></span> <span class='ocrx_word' id='word_1_256' title='bbox 1290 2098 1363 2153; x_wconf 55' lang='lat' dir='ltr'><strong>verm</strong></span> <span class='ocrx_word' id='word_1_257' title='bbox 1380 2099 1490 2155; x_wconf 61' lang='lat' dir='ltr'><strong>odorem</strong></span> <span class='ocrx_word' id='word_1_258' title='bbox 1505 2102 1709 2168; x_wconf 58' lang='lat' dir='ltr'><strong>suavissimum,</strong></span> <span class='ocrx_word' id='word_1_259' title='bbox 1731 2101 1854 2169; x_wconf 62' lang='lat' dir='ltr'><strong>suscipere</strong></span> <span class='ocrx_word' id='word_1_260' title='bbox 1865 2098 1905 2153; x_wconf 67' lang='lat' dir='ltr'><strong>bu</strong></span> 
     </span>
     <span class='ocr_line' id='line_1_21' title="bbox 298 2174 1904 2264; baseline 0.001 -32"><span class='ocrx_word' id='word_1_261' title='bbox 298 2176 363 2243; x_wconf 84' lang='lat' dir='ltr'><strong>lert,</strong></span> <span class='ocrx_word' id='word_1_262' title='bbox 372 2177 407 2232; x_wconf 90' lang='lat' dir='ltr'><strong>de</strong></span> <span class='ocrx_word' id='word_1_263' title='bbox 421 2191 475 2249; x_wconf 88' lang='lat' dir='ltr'><strong>quo</strong></span> <span class='ocrx_word' id='word_1_264' title='bbox 488 2176 632 2248; x_wconf 76' lang='lat' dir='ltr'><strong>Virgilius:</strong></span> <span class='ocrx_word' id='word_1_265' title='bbox 647 2174 825 2248; x_wconf 70' lang='lat' dir='ltr'><strong>diodolorisque</strong></span> <span class='ocrx_word' id='word_1_266' title='bbox 836 2175 934 2245; x_wconf 77' lang='lat' dir='ltr'><strong>tbpmo.</strong></span> <span class='ocrx_word' id='word_1_267' title='bbox 948 2175 1091 2231; x_wconf 84' lang='lat' dir='ltr'><strong>iucensam</strong></span> <span class='ocrx_word' id='word_1_268' title='bbox 1142 2188 1257 2252; x_wconf 70' lang='lat' dir='ltr'><strong>minum,</strong></span> <span class='ocrx_word' id='word_1_269' title='bbox 1270 2194 1298 2243; x_wconf 69' lang='lat' dir='ltr'><strong>et</strong></span> <span class='ocrx_word' id='word_1_270' title='bbox 1322 2188 1349 2242; x_wconf 75' lang='lat' dir='ltr'><strong>jn</strong></span> <span class='ocrx_word' id='word_1_271' title='bbox 1369 2189 1531 2262; x_wconf 59' lang='lat' dir='ltr'><strong>Apocalypsi</strong></span> <span class='ocrx_word' id='word_1_272' title='bbox 1555 2191 1666 2264; x_wconf 80' lang='lat' dir='ltr'><strong>legitur,</strong></span> <span class='ocrx_word' id='word_1_273' title='bbox 1680 2193 1725 2246; x_wconf 65' lang='lat' dir='ltr'><strong>„hs</strong></span> <span class='ocrx_word' id='word_1_274' title='bbox 1738 2191 1830 2257; x_wconf 51' lang='lat' dir='ltr'><strong>dicrum</strong></span> <span class='ocrx_word' id='word_1_275' title='bbox 1848 2195 1883 2243; x_wconf 54' lang='grc' dir='ltr'><strong>ιιι</strong></span> <span class='ocrx_word' id='word_1_276' title='bbox 1897 2204 1904 2240; x_wconf 89' lang='lat'>:</span> 
     </span>
     <span class='ocr_line' id='line_1_22' title="bbox 298 2267 1905 2354; baseline 0.002 -29"><span class='ocrx_word' id='word_1_277' title='bbox 298 2271 412 2336; x_wconf 83' lang='lat' dir='ltr'><strong>dictum,</strong></span> <span class='ocrx_word' id='word_1_278' title='bbox 428 2271 492 2343; x_wconf 82' lang='lat' dir='ltr'><strong>quia</strong></span> <span class='ocrx_word' id='word_1_279' title='bbox 510 2271 574 2342; x_wconf 77' lang='lat' dir='ltr'><strong>iguo</strong></span> <span class='ocrx_word' id='word_1_280' title='bbox 586 2270 765 2336; x_wconf 83' lang='lat' dir='ltr'><strong>consumitur,</strong></span> <span class='ocrx_word' id='word_1_281' title='bbox 788 2269 850 2325; x_wconf 87' lang='lat' dir='ltr'><strong>dum</strong></span> <span class='ocrx_word' id='word_1_282' title='bbox 866 2267 980 2324; x_wconf 76' lang='lat' dir='ltr'><strong>offertur</strong></span> <span class='ocrx_word' id='word_1_283' title='bbox 991 2283 999 2323; x_wconf 76' lang='lat' dir='ltr'><strong><em>z</em></strong></span> <span class='ocrx_word' id='word_1_284' title='bbox 1010 2269 1090 2340; x_wconf 79' lang='lat' dir='ltr'><strong>signi·</strong></span> <span class='ocrx_word' id='word_1_285' title='bbox 1143 2275 1220 2333; x_wconf 79' lang='lat' dir='ltr'><strong>sterit</strong></span> <span class='ocrx_word' id='word_1_286' title='bbox 1236 2277 1346 2348; x_wconf 60' lang='lat' dir='ltr'><strong>subdus</strong></span> <span class='ocrx_word' id='word_1_287' title='bbox 1357 2279 1438 2348; x_wconf 74' lang='lat' dir='ltr'><strong>juxta</strong></span> <span class='ocrx_word' id='word_1_288' title='bbox 1450 2297 1524 2336; x_wconf 82' lang='lat' dir='ltr'><strong>urum</strong></span> <span class='ocrx_word' id='word_1_289' title='bbox 1537 2283 1639 2354; x_wconf 79' lang='lat' dir='ltr'><strong>templi,</strong></span> <span class='ocrx_word' id='word_1_290' title='bbox 1662 2283 1757 2338; x_wconf 79' lang='lat' dir='ltr'><strong>buberu</strong></span> <span class='ocrx_word' id='word_1_291' title='bbox 1769 2278 1905 2335; x_wconf 77' lang='grc' dir='ltr'><strong>ιιιιιιίιιιιιι</strong></span> 
     </span>
     <span class='ocr_line' id='line_1_23' title="bbox 298 2359 1906 2443; baseline 0.007 -27"><span class='ocrx_word' id='word_1_292' title='bbox 298 2359 443 2417; x_wconf 85' lang='lat' dir='ltr'><strong>liestcnim</strong></span> <span class='ocrx_word' id='word_1_293' title='bbox 457 2362 597 2418; x_wconf 82' lang='lat' dir='ltr'><strong>incensum</strong></span> <span class='ocrx_word' id='word_1_294' title='bbox 612 2361 744 2417; x_wconf 85' lang='lat' dir='ltr'><strong>orationis</strong></span> <span class='ocrx_word' id='word_1_295' title='bbox 758 2360 904 2431; x_wconf 82' lang='lat' dir='ltr'><strong>puritatem</strong></span> <span class='ocrx_word' id='word_1_296' title='bbox 919 2372 928 2413; x_wconf 78' lang='lat' dir='ltr'><strong>s</strong></span> <span class='ocrx_word' id='word_1_297' title='bbox 944 2359 1091 2415; x_wconf 87' lang='lat' dir='ltr'><strong>uudedrci-</strong></span> <span class='ocrx_word' id='word_1_298' title='bbox 1142 2382 1262 2432; x_wconf 68' lang='lat' dir='ltr'><strong>aureum,</strong></span> <span class='ocrx_word' id='word_1_299' title='bbox 1276 2368 1429 2423; x_wconf 64' lang='lat' dir='ltr'><strong>asscendit</strong></span> <span class='ocrx_word' id='word_1_300' title='bbox 1448 2369 1539 2439; x_wconf 74' lang='lat' dir='ltr'><strong>[umus</strong></span> <span class='ocrx_word' id='word_1_301' title='bbox 1556 2372 1773 2443; x_wconf 72' lang='lat' dir='ltr'><strong>supplicationum</strong></span> <span class='ocrx_word' id='word_1_302' title='bbox 1793 2370 1823 2424; x_wconf 71' lang='lat' dir='ltr'><strong>tle</strong></span> <span class='ocrx_word' id='word_1_303' title='bbox 1841 2381 1906 2421; x_wconf 74' lang='grc' dir='ltr'><strong>ιιιιι</strong></span> 
     </span>
     <span class='ocr_line' id='line_1_24' title="bbox 297 2449 1906 2527; baseline 0.001 -21"><span class='ocrx_word' id='word_1_304' title='bbox 297 2453 381 2507; x_wconf 90' lang='lat' dir='ltr'><strong>turin</strong></span> <span class='ocrx_word' id='word_1_305' title='bbox 394 2451 763 2522; x_wconf 77' lang='lat' dir='ltr'><strong>psalutozDiriputuroratio</strong></span> <span class='ocrx_word' id='word_1_306' title='bbox 780 2466 849 2516; x_wconf 79' lang='lat' dir='ltr'><strong>mec,</strong></span> <span class='ocrx_word' id='word_1_307' title='bbox 863 2451 932 2505; x_wconf 82' lang='lat' dir='ltr'><strong>sicut</strong></span> <span class='ocrx_word' id='word_1_308' title='bbox 943 2449 1089 2515; x_wconf 78' lang='grc' dir='ltr'><strong>ιἰιειιιιιιιιι,</strong></span> <span class='ocrx_word' id='word_1_309' title='bbox 1142 2453 1228 2526; x_wconf 66' lang='lat' dir='ltr'><strong>sepeli</strong></span> <span class='ocrx_word' id='word_1_310' title='bbox 1253 2454 1431 2527; x_wconf 76' lang='lat' dir='ltr'><strong>incosupectu</strong></span> <span class='ocrx_word' id='word_1_311' title='bbox 1452 2457 1568 2525; x_wconf 68' lang='lat' dir='ltr'><strong>Domini,</strong></span> <span class='ocrx_word' id='word_1_312' title='bbox 1583 2461 1700 2516; x_wconf 73' lang='lat' dir='ltr'><strong>atdarrt</strong></span> <span class='ocrx_word' id='word_1_313' title='bbox 1716 2460 1748 2516; x_wconf 82' lang='lat' dir='ltr'><strong>de</strong></span> <span class='ocrx_word' id='word_1_314' title='bbox 1769 2456 1906 2515; x_wconf 71' lang='lat' dir='ltr'><strong>mutionlsr</strong></span> 
     </span>
    </p>
   </div>
   <div class='ocr_carea' id='block_1_5' title="bbox 297 2539 1848 2703">
    <p class='ocr_par' dir='ltr' id='par_1_5' title="bbox 297 2539 1848 2703">
     <span class='ocr_line' id='line_1_25' title="bbox 297 2539 1848 2626; baseline 0.007 -33"><span class='ocrx_word' id='word_1_315' title='bbox 297 2539 325 2593; x_wconf 87' lang='lat' dir='ltr'><strong>iu</strong></span> <span class='ocrx_word' id='word_1_316' title='bbox 337 2549 473 2608; x_wconf 74' lang='lat' dir='ltr'><strong>conspectu</strong></span> <span class='ocrx_word' id='word_1_317' title='bbox 485 2549 529 2595; x_wconf 84' lang='lat' dir='ltr'><strong>too</strong></span> <span class='ocrx_word' id='word_1_318' title='bbox 544 2539 630 2612; x_wconf 82' lang='lat' dir='ltr'><strong>(Psoi.</strong></span> <span class='ocrx_word' id='word_1_319' title='bbox 648 2541 720 2613; x_wconf 77' lang='lat' dir='ltr'><strong>ext).</strong></span> <span class='ocrx_word' id='word_1_320' title='bbox 1141 2555 1303 2612; x_wconf 78' lang='grc' dir='ltr'><strong>ιιιιιοιιιιιι,</strong></span> <span class='ocrx_word' id='word_1_321' title='bbox 1314 2547 1386 2618; x_wconf 71' lang='lat' dir='ltr'><strong>quod</strong></span> <span class='ocrx_word' id='word_1_322' title='bbox 1400 2557 1437 2603; x_wconf 81' lang='grc' dir='ltr'><strong>ειι</strong></span> <span class='ocrx_word' id='word_1_323' title='bbox 1453 2559 1512 2605; x_wconf 82' lang='lat' dir='ltr'><strong>unte</strong></span> <span class='ocrx_word' id='word_1_324' title='bbox 1524 2550 1670 2608; x_wconf 78' lang='lat' dir='ltr'><strong>Dourinsnt</strong></span> <span class='ocrx_word' id='word_1_325' title='bbox 1687 2552 1775 2626; x_wconf 78' lang='lat' dir='ltr'><strong>(Apoc.</strong></span> <span class='ocrx_word' id='word_1_326' title='bbox 1784 2552 1848 2621; x_wconf 84' lang='grc' dir='ltr'><strong>ιιιι).</strong></span> 
     </span>
     <span class='ocr_line' id='line_1_26' title="bbox 335 2628 1091 2703; baseline 0.003 -17"><span class='ocrx_word' id='word_1_327' title='bbox 335 2629 368 2686; x_wconf 78' lang='lat' dir='ltr'><strong>Et</strong></span> <span class='ocrx_word' id='word_1_328' title='bbox 385 2630 413 2686; x_wconf 90' lang='lat' dir='ltr'><strong>ln</strong></span> <span class='ocrx_word' id='word_1_329' title='bbox 429 2628 522 2688; x_wconf 81' lang='lat' dir='ltr'><strong>Exodo</strong></span> <span class='ocrx_word' id='word_1_330' title='bbox 537 2631 668 2689; x_wconf 81' lang='lat' dir='ltr'><strong>Dominus</strong></span> <span class='ocrx_word' id='word_1_331' title='bbox 681 2630 716 2686; x_wconf 86' lang='lat' dir='ltr'><strong>ad</strong></span> <span class='ocrx_word' id='word_1_332' title='bbox 740 2629 850 2703; x_wconf 72' lang='lat' dir='ltr'><strong>Moysen</strong></span> <span class='ocrx_word' id='word_1_333' title='bbox 871 2630 910 2685; x_wconf 87' lang='lat' dir='ltr'><strong>alt</strong></span> <span class='ocrx_word' id='word_1_334' title='bbox 928 2647 935 2685; x_wconf 75' lang='grc' dir='ltr'><strong>ε</strong></span> <span class='ocrx_word' id='word_1_335' title='bbox 955 2628 1091 2688; x_wconf 80' lang='lat' dir='ltr'><strong>Sometibi</strong></span> 
     </span>
    </p>
   </div>
   <div class='ocr_carea' id='block_1_6' title="bbox 805 2910 1425 2992">
    <p class='ocr_par' dir='ltr' id='par_1_6' title="bbox 805 2910 1425 2992">
     <span class='ocr_line' id='line_1_27' title="bbox 805 2910 1425 2992; baseline 0.002 -3"><span class='ocrx_word' id='word_1_336' title='bbox 805 2910 953 2989; x_wconf 83' lang='lat' dir='ltr'>LIBER</span> <span class='ocrx_word' id='word_1_337' title='bbox 981 2910 1156 2991; x_wconf 78' lang='lat' dir='ltr'><strong>Nonus</strong></span> <span class='ocrx_word' id='word_1_338' title='bbox 1184 2910 1425 2992; x_wconf 79' lang='lat' dir='ltr'><strong>DECIMUS.</strong></span> 
     </span>
    </p>
   </div>
   <div class='ocr_carea' id='block_1_7' title="bbox 252 3193 1967 5817">
    <p class='ocr_par' dir='ltr' id='par_1_7' title="bbox 252 3193 1967 5817">
     <span class='ocr_line' id='line_1_28' title="bbox 552 3193 1909 3274; baseline -0.001 -21"><span class='ocrx_word' id='word_1_339' title='bbox 552 3194 667 3253; x_wconf 75' lang='lat' dir='ltr'>CAPUT</span> <span class='ocrx_word' id='word_1_340' title='bbox 681 3193 828 3252; x_wconf 72' lang='lat' dir='ltr'><strong>Putabat.</strong></span> <span class='ocrx_word' id='word_1_341' title='bbox 1099 3199 1122 3262; x_wconf 70' lang='grc' dir='ltr'><strong>(ζ</strong></span> <span class='ocrx_word' id='word_1_342' title='bbox 1137 3197 1296 3254; x_wconf 86' lang='lat' dir='ltr'><strong>boc-sereno</strong></span> <span class='ocrx_word' id='word_1_343' title='bbox 1306 3197 1375 3255; x_wconf 80' lang='lat' dir='ltr'><strong>corto</strong></span> <span class='ocrx_word' id='word_1_344' title='bbox 1384 3196 1536 3256; x_wconf 82' lang='lat' dir='ltr'><strong>iaciendum</strong></span> <span class='ocrx_word' id='word_1_345' title='bbox 1546 3209 1601 3269; x_wconf 84' lang='lat' dir='ltr'><strong>est,</strong></span> <span class='ocrx_word' id='word_1_346' title='bbox 1613 3216 1668 3257; x_wconf 88' lang='lat' dir='ltr'><strong>nou</strong></span> <span class='ocrx_word' id='word_1_347' title='bbox 1678 3198 1838 3274; x_wconf 80' lang='lat' dir='ltr'><strong>perimbrss.</strong></span> <span class='ocrx_word' id='word_1_348' title='bbox 1853 3194 1909 3251; x_wconf 85' lang='lat' dir='ltr'><strong>llius</strong></span> 
     </span>
     <span class='ocr_line' id='line_1_29' title="bbox 535 3285 1967 3361; baseline 0.001 -19"><span class='ocrx_word' id='word_1_349' title='bbox 535 3285 573 3342; x_wconf 83' lang='lat' dir='ltr'><strong>De</strong></span> <span class='ocrx_word' id='word_1_350' title='bbox 590 3285 695 3342; x_wconf 77' lang='lat' dir='ltr'><strong>cultura</strong></span> <span class='ocrx_word' id='word_1_351' title='bbox 713 3301 847 3357; x_wconf 72' lang='lat' dir='ltr'><strong>aprorum.</strong></span> <span class='ocrx_word' id='word_1_352' title='bbox 1139 3296 1180 3344; x_wconf 88' lang='lat' dir='ltr'><strong>ost</strong></span> <span class='ocrx_word' id='word_1_353' title='bbox 1204 3297 1231 3345; x_wconf 87' lang='lat' dir='ltr'><strong>et</strong></span> <span class='ocrx_word' id='word_1_354' title='bbox 1254 3288 1319 3345; x_wconf 90' lang='lat' dir='ltr'><strong>illud</strong></span> <span class='ocrx_word' id='word_1_355' title='bbox 1339 3290 1517 3361; x_wconf 76' lang='lat' dir='ltr'><strong>i&#39;irgilianum</strong></span> <span class='ocrx_word' id='word_1_356' title='bbox 1535 3309 1543 3348; x_wconf 80' lang='lat' dir='ltr'><strong>r</strong></span> <span class='ocrx_word' id='word_1_357' title='bbox 1558 3292 1651 3349; x_wconf 80' lang='lat' dir='ltr'><strong>nodus</strong></span> <span class='ocrx_word' id='word_1_358' title='bbox 1668 3306 1738 3348; x_wconf 84' lang='lat' dir='ltr'><strong>uro:</strong></span> <span class='ocrx_word' id='word_1_359' title='bbox 1753 3308 1806 3347; x_wconf 82' lang='lat' dir='ltr'><strong>rere</strong></span> <span class='ocrx_word' id='word_1_360' title='bbox 1829 3288 1908 3343; x_wconf 72' lang='lat' dir='ltr'><strong>undu·</strong></span> <span class='ocrx_word' id='word_1_361' title='bbox 1965 3323 1967 3328; x_wconf 34' lang='grc' dir='ltr'><strong>ι</strong></span> 
     </span>
     <span class='ocr_line' id='line_1_30' title="bbox 333 3375 1911 3450; baseline -0.003 -14"><span class='ocrx_word' id='word_1_362' title='bbox 333 3379 443 3436; x_wconf 83' lang='lat' dir='ltr'><strong>Cultura</strong></span> <span class='ocrx_word' id='word_1_363' title='bbox 457 3385 509 3445; x_wconf 84' lang='lat' dir='ltr'><strong>est,</strong></span> <span class='ocrx_word' id='word_1_364' title='bbox 525 3392 579 3449; x_wconf 86' lang='lat' dir='ltr'><strong>qua</strong></span> <span class='ocrx_word' id='word_1_365' title='bbox 592 3376 726 3433; x_wconf 87' lang='lat' dir='ltr'><strong>lrumenta</strong></span> <span class='ocrx_word' id='word_1_366' title='bbox 740 3375 783 3433; x_wconf 88' lang='lat' dir='ltr'><strong>rcl</strong></span> <span class='ocrx_word' id='word_1_367' title='bbox 800 3377 861 3433; x_wconf 86' lang='lat' dir='ltr'><strong>rina</strong></span> <span class='ocrx_word' id='word_1_368' title='bbox 880 3393 978 3450; x_wconf 79' lang='lat' dir='ltr'><strong>magno</strong></span> <span class='ocrx_word' id='word_1_369' title='bbox 996 3378 1088 3435; x_wconf 84' lang='lat' dir='ltr'><strong>laboro</strong></span> <span class='ocrx_word' id='word_1_370' title='bbox 1140 3378 1235 3435; x_wconf 86' lang='lat' dir='ltr'><strong>llcssis</strong></span> <span class='ocrx_word' id='word_1_371' title='bbox 1250 3396 1265 3435; x_wconf 87' lang='lat' dir='ltr'><strong>a</strong></span> <span class='ocrx_word' id='word_1_372' title='bbox 1279 3381 1415 3446; x_wconf 77' lang='lat' dir='ltr'><strong>metendo,</strong></span> <span class='ocrx_word' id='word_1_373' title='bbox 1431 3380 1457 3434; x_wconf 90' lang='lat' dir='ltr'><strong>id</strong></span> <span class='ocrx_word' id='word_1_374' title='bbox 1475 3388 1527 3447; x_wconf 85' lang='lat' dir='ltr'><strong>cst,</strong></span> <span class='ocrx_word' id='word_1_375' title='bbox 1545 3397 1559 3435; x_wconf 96' lang='lat' dir='ltr'><strong>a</strong></span> <span class='ocrx_word' id='word_1_376' title='bbox 1581 3382 1729 3438; x_wconf 86' lang='lat' dir='ltr'><strong>recidendo</strong></span> <span class='ocrx_word' id='word_1_377' title='bbox 1745 3382 1816 3437; x_wconf 88' lang='lat' dir='ltr'><strong>dieta</strong></span> <span class='ocrx_word' id='word_1_378' title='bbox 1828 3395 1834 3432; x_wconf 94' lang='lat'><strong>:</strong></span> <span class='ocrx_word' id='word_1_379' title='bbox 1847 3387 1911 3447; x_wconf 71' lang='lat' dir='ltr'><strong>seps</strong></span> 
     </span>
     <span class='ocr_line' id='line_1_31' title="bbox 295 3467 1910 3542; baseline -0.004 -16"><span class='ocrx_word' id='word_1_380' title='bbox 295 3479 463 3542; x_wconf 71' lang='lat' dir='ltr'><strong>asumuntur,</strong></span> <span class='ocrx_word' id='word_1_381' title='bbox 478 3468 513 3524; x_wconf 91' lang='lat' dir='ltr'><strong>ab</strong></span> <span class='ocrx_word' id='word_1_382' title='bbox 531 3467 674 3524; x_wconf 86' lang='lat' dir='ltr'><strong>incolendo</strong></span> <span class='ocrx_word' id='word_1_383' title='bbox 688 3476 794 3523; x_wconf 86' lang='lat' dir='ltr'><strong>vocata.</strong></span> <span class='ocrx_word' id='word_1_384' title='bbox 814 3468 920 3524; x_wconf 76' lang='lat' dir='ltr'><strong>Divitia</strong></span> <span class='ocrx_word' id='word_1_385' title='bbox 934 3468 1006 3525; x_wconf 85' lang='lat' dir='ltr'><strong>enim</strong></span> <span class='ocrx_word' id='word_1_386' title='bbox 1021 3470 1090 3524; x_wconf 90' lang='lat' dir='ltr'><strong>auti·</strong></span> <span class='ocrx_word' id='word_1_387' title='bbox 1141 3479 1231 3526; x_wconf 85' lang='lat' dir='ltr'><strong>autem</strong></span> <span class='ocrx_word' id='word_1_388' title='bbox 1247 3471 1281 3526; x_wconf 87' lang='lat' dir='ltr'><strong>dc</strong></span> <span class='ocrx_word' id='word_1_389' title='bbox 1299 3473 1403 3526; x_wconf 75' lang='lat' dir='ltr'><strong>sensim</strong></span> <span class='ocrx_word' id='word_1_390' title='bbox 1419 3472 1510 3535; x_wconf 82' lang='lat' dir='ltr'><strong>dicta.</strong></span> <span class='ocrx_word' id='word_1_391' title='bbox 1534 3473 1610 3541; x_wconf 82' lang='lat' dir='ltr'><strong>quod</strong></span> <span class='ocrx_word' id='word_1_392' title='bbox 1625 3471 1765 3541; x_wconf 76' lang='lat' dir='ltr'><strong>iacimus:</strong></span> <span class='ocrx_word' id='word_1_393' title='bbox 1780 3471 1859 3526; x_wconf 79' lang='lat' dir='ltr'><strong>sicea</strong></span> <span class='ocrx_word' id='word_1_394' title='bbox 1874 3478 1910 3520; x_wconf 80' lang='lat' dir='ltr'><strong>se·</strong></span> 
     </span>
     <span class='ocr_line' id='line_1_32' title="bbox 296 3553 1910 3634; baseline -0.002 -18"><span class='ocrx_word' id='word_1_395' title='bbox 296 3575 411 3633; x_wconf 87' lang='lat' dir='ltr'><strong>quorum</strong></span> <span class='ocrx_word' id='word_1_396' title='bbox 430 3561 457 3614; x_wconf 92' lang='lat' dir='ltr'><strong>in</strong></span> <span class='ocrx_word' id='word_1_397' title='bbox 474 3558 517 3614; x_wconf 90' lang='lat' dir='ltr'><strong>bis</strong></span> <span class='ocrx_word' id='word_1_398' title='bbox 529 3557 637 3616; x_wconf 87' lang='lat' dir='ltr'><strong>duobus</strong></span> <span class='ocrx_word' id='word_1_399' title='bbox 654 3563 741 3623; x_wconf 82' lang='lat' dir='ltr'><strong>erant,</strong></span> <span class='ocrx_word' id='word_1_400' title='bbox 757 3557 827 3613; x_wconf 86' lang='lat' dir='ltr'><strong>bene</strong></span> <span class='ocrx_word' id='word_1_401' title='bbox 844 3572 964 3627; x_wconf 71' lang='lat' dir='ltr'><strong>pascere,</strong></span> <span class='ocrx_word' id='word_1_402' title='bbox 978 3567 1006 3614; x_wconf 83' lang='lat' dir='ltr'><strong>el</strong></span> <span class='ocrx_word' id='word_1_403' title='bbox 1020 3559 1089 3614; x_wconf 63' lang='lat' dir='ltr'><strong>bene</strong></span> <span class='ocrx_word' id='word_1_404' title='bbox 1140 3564 1238 3619; x_wconf 85' lang='lat' dir='ltr'><strong>ctione.</strong></span> <span class='ocrx_word' id='word_1_405' title='bbox 1262 3561 1428 3634; x_wconf 83' lang='lat' dir='ltr'><strong>Spiritaliter</strong></span> <span class='ocrx_word' id='word_1_406' title='bbox 1441 3569 1530 3618; x_wconf 87' lang='lat' dir='ltr'><strong>auteur</strong></span> <span class='ocrx_word' id='word_1_407' title='bbox 1549 3563 1577 3618; x_wconf 93' lang='lat' dir='ltr'><strong>in</strong></span> <span class='ocrx_word' id='word_1_408' title='bbox 1593 3563 1745 3634; x_wconf 81' lang='lat' dir='ltr'><strong>seripturis</strong></span> <span class='ocrx_word' id='word_1_409' title='bbox 1762 3560 1841 3617; x_wconf 76' lang='lat' dir='ltr'><strong>meris</strong></span> <span class='ocrx_word' id='word_1_410' title='bbox 1853 3553 1910 3627; x_wconf 72' lang='lat' dir='ltr'><strong>apti·</strong></span> 
     </span>
     <span class='ocr_line' id='line_1_33' title="bbox 296 3647 1911 3726; baseline -0.004 -20"><span class='ocrx_word' id='word_1_411' title='bbox 296 3665 384 3706; x_wconf 89' lang='lat' dir='ltr'><strong>arare.</strong></span> <span class='ocrx_word' id='word_1_412' title='bbox 402 3650 512 3706; x_wconf 83' lang='lat' dir='ltr'><strong>(luitura</strong></span> <span class='ocrx_word' id='word_1_413' title='bbox 529 3648 597 3720; x_wconf 77' lang='lat' dir='ltr'><strong>agri,</strong></span> <span class='ocrx_word' id='word_1_414' title='bbox 610 3647 690 3713; x_wconf 88' lang='lat' dir='ltr'><strong>cinis,</strong></span> <span class='ocrx_word' id='word_1_415' title='bbox 700 3648 796 3713; x_wconf 84' lang='lat' dir='ltr'><strong>aratio,</strong></span> <span class='ocrx_word' id='word_1_416' title='bbox 806 3647 980 3717; x_wconf 86' lang='lat' dir='ltr'><strong>intermissio,</strong></span> <span class='ocrx_word' id='word_1_417' title='bbox 994 3652 1087 3706; x_wconf 81' lang='lat' dir='ltr'><strong>insen·</strong></span> <span class='ocrx_word' id='word_1_418' title='bbox 1139 3654 1243 3710; x_wconf 87' lang='lat' dir='ltr'><strong>cultura</strong></span> <span class='ocrx_word' id='word_1_419' title='bbox 1260 3655 1342 3710; x_wconf 80' lang='lat' dir='ltr'><strong>corda</strong></span> <span class='ocrx_word' id='word_1_420' title='bbox 1358 3654 1525 3710; x_wconf 83' lang='lat' dir='ltr'><strong>credentium</strong></span> <span class='ocrx_word' id='word_1_421' title='bbox 1551 3654 1758 3726; x_wconf 80' lang='lat' dir='ltr'><strong>intelliguntur,</strong></span> <span class='ocrx_word' id='word_1_422' title='bbox 1785 3653 1810 3707; x_wconf 89' lang='lat' dir='ltr'><strong>iu</strong></span> <span class='ocrx_word' id='word_1_423' title='bbox 1831 3648 1911 3720; x_wconf 77' lang='lat' dir='ltr'><strong>ouibus</strong></span> 
     </span>
     <span class='ocr_line' id='line_1_34' title="bbox 252 3738 1911 3817; baseline -0.004 -20"><span class='ocrx_word' id='word_1_424' title='bbox 252 3744 256 3751; x_wconf 88' lang='lat'><em>&#39;</em></span> <span class='ocrx_word' id='word_1_425' title='bbox 294 3742 337 3798; x_wconf 89' lang='lat' dir='ltr'><strong>sio</strong></span> <span class='ocrx_word' id='word_1_426' title='bbox 350 3739 520 3812; x_wconf 82' lang='lat' dir='ltr'><strong>stipularum,</strong></span> <span class='ocrx_word' id='word_1_427' title='bbox 540 3738 709 3805; x_wconf 83' lang='lat' dir='ltr'><strong>stercoratio,</strong></span> <span class='ocrx_word' id='word_1_428' title='bbox 729 3739 845 3804; x_wconf 87' lang='lat' dir='ltr'><strong>occatio,</strong></span> <span class='ocrx_word' id='word_1_429' title='bbox 862 3741 993 3795; x_wconf 79' lang='lat' dir='ltr'><strong>runcatio.</strong></span> <span class='ocrx_word' id='word_1_430' title='bbox 1014 3739 1090 3796; x_wconf 86' lang='lat' dir='ltr'><strong>Ciuis</strong></span> <span class='ocrx_word' id='word_1_431' title='bbox 1138 3744 1242 3801; x_wconf 82' lang='lat' dir='ltr'><strong>tructus</strong></span> <span class='ocrx_word' id='word_1_432' title='bbox 1252 3746 1380 3800; x_wconf 83' lang='lat' dir='ltr'><strong>virtutum</strong></span> <span class='ocrx_word' id='word_1_433' title='bbox 1395 3744 1569 3817; x_wconf 72' lang='lat' dir='ltr'><strong>germinant:</strong></span> <span class='ocrx_word' id='word_1_434' title='bbox 1585 3746 1659 3801; x_wconf 87' lang='lat' dir='ltr'><strong>unde</strong></span> <span class='ocrx_word' id='word_1_435' title='bbox 1671 3743 1811 3815; x_wconf 79' lang='lat' dir='ltr'><strong>Apostolus</strong></span> <span class='ocrx_word' id='word_1_436' title='bbox 1823 3738 1853 3793; x_wconf 92' lang='lat' dir='ltr'><strong>ad</strong></span> <span class='ocrx_word' id='word_1_437' title='bbox 1864 3747 1911 3790; x_wconf 80' lang='lat' dir='ltr'><strong>cre</strong></span> 
     </span>
     <span class='ocr_line' id='line_1_35' title="bbox 294 3825 1912 3908; baseline -0.006 -21"><span class='ocrx_word' id='word_1_438' title='bbox 294 3842 337 3889; x_wconf 77' lang='grc' dir='ltr'><strong>ιιι</strong></span> <span class='ocrx_word' id='word_1_439' title='bbox 362 3831 527 3898; x_wconf 87' lang='lat' dir='ltr'><strong>incendium,</strong></span> <span class='ocrx_word' id='word_1_440' title='bbox 553 3845 603 3902; x_wconf 90' lang='lat' dir='ltr'><strong>pcr</strong></span> <span class='ocrx_word' id='word_1_441' title='bbox 626 3831 697 3900; x_wconf 84' lang='lat' dir='ltr'><strong>quod</strong></span> <span class='ocrx_word' id='word_1_442' title='bbox 722 3845 786 3902; x_wconf 79' lang='lat' dir='ltr'><strong>ager</strong></span> <span class='ocrx_word' id='word_1_443' title='bbox 807 3830 928 3886; x_wconf 92' lang='lat' dir='ltr'><strong>inutilem</strong></span> <span class='ocrx_word' id='word_1_444' title='bbox 946 3832 1088 3887; x_wconf 84' lang='lat' dir='ltr'><strong>humorem</strong></span> <span class='ocrx_word' id='word_1_445' title='bbox 1138 3837 1235 3892; x_wconf 80' lang='lat' dir='ltr'><strong>dentes</strong></span> <span class='ocrx_word' id='word_1_446' title='bbox 1252 3836 1291 3892; x_wconf 87' lang='lat' dir='ltr'><strong>ait</strong></span> <span class='ocrx_word' id='word_1_447' title='bbox 1313 3835 1341 3908; x_wconf 83' lang='lat'><strong>(1</strong></span> <span class='ocrx_word' id='word_1_448' title='bbox 1364 3835 1426 3890; x_wconf 83' lang='lat' dir='ltr'><strong>Cor.</strong></span> <span class='ocrx_word' id='word_1_449' title='bbox 1450 3834 1491 3906; x_wconf 80' lang='lat' dir='ltr'><strong>tn)</strong></span> <span class='ocrx_word' id='word_1_450' title='bbox 1506 3850 1514 3889; x_wconf 80' lang='grc' dir='ltr'><strong>ι</strong></span> <span class='ocrx_word' id='word_1_451' title='bbox 1529 3835 1580 3891; x_wconf 82' lang='lat' dir='ltr'><strong>Dei</strong></span> <span class='ocrx_word' id='word_1_452' title='bbox 1602 3835 1769 3908; x_wconf 81' lang='lat' dir='ltr'><strong>apricuttrrra</strong></span> <span class='ocrx_word' id='word_1_453' title='bbox 1787 3832 1853 3894; x_wconf 70' lang='lat' dir='ltr'><strong>uris,</strong></span> <span class='ocrx_word' id='word_1_454' title='bbox 1873 3825 1912 3879; x_wconf 81' lang='lat' dir='ltr'><strong>liei</strong></span> 
     </span>
     <span class='ocr_line' id='line_1_36' title="bbox 294 3911 1913 3997; baseline -0.006 -17"><span class='ocrx_word' id='word_1_455' title='bbox 294 3921 405 3981; x_wconf 76' lang='lat' dir='ltr'><strong>cnidus.</strong></span> <span class='ocrx_word' id='word_1_456' title='bbox 430 3924 524 3980; x_wconf 77' lang='lat' dir='ltr'><strong>brutio</strong></span> <span class='ocrx_word' id='word_1_457' title='bbox 536 3924 620 3990; x_wconf 82' lang='lat' dir='ltr'><strong>dicta,</strong></span> <span class='ocrx_word' id='word_1_458' title='bbox 633 3924 695 3993; x_wconf 87' lang='lat' dir='ltr'><strong>quia</strong></span> <span class='ocrx_word' id='word_1_459' title='bbox 711 3923 744 3979; x_wconf 88' lang='lat' dir='ltr'><strong>de</strong></span> <span class='ocrx_word' id='word_1_460' title='bbox 756 3938 810 3979; x_wconf 82' lang='lat' dir='ltr'><strong>aere</strong></span> <span class='ocrx_word' id='word_1_461' title='bbox 822 3924 898 3993; x_wconf 90' lang='lat' dir='ltr'><strong>prius</strong></span> <span class='ocrx_word' id='word_1_462' title='bbox 909 3931 988 3979; x_wconf 79' lang='lat' dir='ltr'><strong>terrm</strong></span> <span class='ocrx_word' id='word_1_463' title='bbox 1000 3924 1088 3979; x_wconf 89' lang='lat' dir='ltr'><strong>cultu·</strong></span> <span class='ocrx_word' id='word_1_464' title='bbox 1141 3911 1280 3995; x_wconf 61' lang='lat' dir='ltr'><strong>edificatio</strong></span> <span class='ocrx_word' id='word_1_465' title='bbox 1294 3927 1365 3980; x_wconf 80' lang='lat' dir='ltr'><strong>estis.</strong></span> <span class='ocrx_word' id='word_1_466' title='bbox 1385 3925 1509 3997; x_wconf 75' lang='lat' dir='ltr'><strong>Agricola</strong></span> <span class='ocrx_word' id='word_1_467' title='bbox 1522 3933 1613 3980; x_wconf 85' lang='lat' dir='ltr'><strong>autern</strong></span> <span class='ocrx_word' id='word_1_468' title='bbox 1629 3925 1704 3981; x_wconf 88' lang='lat' dir='ltr'><strong>Deus</strong></span> <span class='ocrx_word' id='word_1_469' title='bbox 1717 3933 1760 3980; x_wconf 79' lang='lat' dir='ltr'><strong>est</strong></span> <span class='ocrx_word' id='word_1_470' title='bbox 1772 3940 1779 3976; x_wconf 92' lang='lat'><strong>:</strong></span> <span class='ocrx_word' id='word_1_471' title='bbox 1791 3919 1855 3976; x_wconf 86' lang='lat' dir='ltr'><strong>unde</strong></span> <span class='ocrx_word' id='word_1_472' title='bbox 1870 3917 1913 3971; x_wconf 79' lang='lat' dir='ltr'><strong>uo</strong></span> 
     </span>
     <span class='ocr_line' id='line_1_37' title="bbox 297 4005 1914 4087; baseline -0.007 -14"><span class='ocrx_word' id='word_1_473' title='bbox 297 4034 355 4073; x_wconf 86' lang='lat' dir='ltr'><strong>rum</strong></span> <span class='ocrx_word' id='word_1_474' title='bbox 377 4017 551 4081; x_wconf 82' lang='lat' dir='ltr'><strong>exercebant,</strong></span> <span class='ocrx_word' id='word_1_475' title='bbox 567 4023 712 4087; x_wconf 85' lang='lat' dir='ltr'><strong>antequam</strong></span> <span class='ocrx_word' id='word_1_476' title='bbox 724 4013 788 4070; x_wconf 88' lang='lat' dir='ltr'><strong>lerri</strong></span> <span class='ocrx_word' id='word_1_477' title='bbox 805 4013 900 4071; x_wconf 88' lang='lat' dir='ltr'><strong>luisset</strong></span> <span class='ocrx_word' id='word_1_478' title='bbox 915 4030 979 4071; x_wconf 91' lang='lat' dir='ltr'><strong>usus</strong></span> <span class='ocrx_word' id='word_1_479' title='bbox 995 4030 1088 4085; x_wconf 86' lang='lat' dir='ltr'><strong>reper·</strong></span> <span class='ocrx_word' id='word_1_480' title='bbox 1140 4015 1231 4070; x_wconf 90' lang='lat' dir='ltr'><strong>minus</strong></span> <span class='ocrx_word' id='word_1_481' title='bbox 1242 4015 1270 4070; x_wconf 91' lang='lat' dir='ltr'><strong>in</strong></span> <span class='ocrx_word' id='word_1_482' title='bbox 1282 4014 1428 4086; x_wconf 77' lang='lat' dir='ltr'><strong>Evangelio</strong></span> <span class='ocrx_word' id='word_1_483' title='bbox 1439 4014 1495 4069; x_wconf 87' lang='lat' dir='ltr'><strong>alt:</strong></span> <span class='ocrx_word' id='word_1_484' title='bbox 1511 4013 1564 4084; x_wconf 76' lang='lat' dir='ltr'><strong>iipo</strong></span> <span class='ocrx_word' id='word_1_485' title='bbox 1580 4030 1641 4068; x_wconf 85' lang='lat' dir='ltr'><strong>rum</strong></span> <span class='ocrx_word' id='word_1_486' title='bbox 1657 4014 1717 4069; x_wconf 80' lang='lat' dir='ltr'><strong>uiris</strong></span> <span class='ocrx_word' id='word_1_487' title='bbox 1729 4028 1798 4076; x_wconf 84' lang='lat' dir='ltr'><strong>uera,</strong></span> <span class='ocrx_word' id='word_1_488' title='bbox 1812 4019 1834 4063; x_wconf 82' lang='grc' dir='ltr'><strong>ει</strong></span> <span class='ocrx_word' id='word_1_489' title='bbox 1847 4005 1914 4060; x_wconf 76' lang='lat' dir='ltr'><strong>Puer</strong></span> 
     </span>
     <span class='ocr_line' id='line_1_38' title="bbox 295 4090 1913 4178; baseline -0.006 -17"><span class='ocrx_word' id='word_1_490' title='bbox 295 4117 347 4162; x_wconf 89' lang='lat' dir='ltr'><strong>tus.</strong></span> <span class='ocrx_word' id='word_1_491' title='bbox 360 4105 462 4177; x_wconf 78' lang='lat' dir='ltr'><strong>Duplex</strong></span> <span class='ocrx_word' id='word_1_492' title='bbox 470 4120 535 4178; x_wconf 78' lang='lat' dir='ltr'><strong>ergo</strong></span> <span class='ocrx_word' id='word_1_493' title='bbox 543 4103 803 4161; x_wconf 76' lang='lat' dir='ltr'><strong>uratiozserualiset</strong></span> <span class='ocrx_word' id='word_1_494' title='bbox 814 4104 986 4161; x_wconf 85' lang='lat' dir='ltr'><strong>autumnalis.</strong></span> <span class='ocrx_word' id='word_1_495' title='bbox 1000 4105 1087 4160; x_wconf 86' lang='lat' dir='ltr'><strong>lnter·</strong></span> <span class='ocrx_word' id='word_1_496' title='bbox 1140 4123 1214 4161; x_wconf 78' lang='lat' dir='ltr'><strong>meus</strong></span> <span class='ocrx_word' id='word_1_497' title='bbox 1230 4104 1345 4177; x_wconf 77' lang='lat' dir='ltr'><strong>uprimlo</strong></span> <span class='ocrx_word' id='word_1_498' title='bbox 1363 4114 1401 4161; x_wconf 83' lang='lat' dir='ltr'><strong>est</strong></span> <span class='ocrx_word' id='word_1_499' title='bbox 1418 4104 1509 4176; x_wconf 72' lang='lat' dir='ltr'><strong>(loun.</strong></span> <span class='ocrx_word' id='word_1_500' title='bbox 1524 4103 1580 4177; x_wconf 80' lang='lat' dir='ltr'>xv).</span> <span class='ocrx_word' id='word_1_501' title='bbox 1599 4105 1668 4159; x_wconf 85' lang='grc' dir='ltr'><strong>Ιιειιι</strong></span> <span class='ocrx_word' id='word_1_502' title='bbox 1682 4101 1799 4176; x_wconf 73' lang='lat' dir='ltr'><strong>agricola</strong></span> <span class='ocrx_word' id='word_1_503' title='bbox 1811 4090 1913 4169; x_wconf 78' lang='lat' dir='ltr'><strong>Apostoll</strong></span> 
     </span>
     <span class='ocr_line' id='line_1_39' title="bbox 295 4184 1914 4268; baseline -0.01 -15"><span class='ocrx_word' id='word_1_504' title='bbox 295 4199 505 4268; x_wconf 63' lang='lat' dir='ltr'><strong>mississemus</strong></span> <span class='ocrx_word' id='word_1_505' title='bbox 515 4198 626 4254; x_wconf 82' lang='lat' dir='ltr'><strong>nitentis</strong></span> <span class='ocrx_word' id='word_1_506' title='bbox 641 4194 1086 4267; x_wconf 75' lang='lat' dir='ltr'><strong>anuisracuusagervircsrecipit.</strong></span> <span class='ocrx_word' id='word_1_507' title='bbox 1140 4205 1213 4261; x_wconf 89' lang='lat' dir='ltr'><strong>sunt,</strong></span> <span class='ocrx_word' id='word_1_508' title='bbox 1225 4196 1268 4252; x_wconf 82' lang='lat' dir='ltr'><strong>vul</strong></span> <span class='ocrx_word' id='word_1_509' title='bbox 1281 4197 1370 4252; x_wconf 77' lang='lat' dir='ltr'><strong>cceleri</strong></span> <span class='ocrx_word' id='word_1_510' title='bbox 1385 4197 1584 4265; x_wconf 68' lang='lat' dir='ltr'><strong>praedicatores.</strong></span> <span class='ocrx_word' id='word_1_511' title='bbox 1603 4193 1700 4250; x_wconf 87' lang='lat' dir='ltr'><strong>Coloni</strong></span> <span class='ocrx_word' id='word_1_512' title='bbox 1717 4207 1781 4248; x_wconf 81' lang='lat' dir='ltr'><strong>reru</strong></span> <span class='ocrx_word' id='word_1_513' title='bbox 1793 4184 1914 4245; x_wconf 89' lang='lat' dir='ltr'><strong>sanctiiu·</strong></span> 
     </span>
     <span class='ocr_line' id='line_1_40' title="bbox 296 4269 1916 4369; baseline -0.011 -23"><span class='ocrx_word' id='word_1_514' title='bbox 296 4290 464 4369; x_wconf 69' lang='lat' dir='ltr'><strong>stercoratio</strong></span> <span class='ocrx_word' id='word_1_515' title='bbox 474 4289 669 4346; x_wconf 78' lang='lat' dir='ltr'><strong>estlutaminis</strong></span> <span class='ocrx_word' id='word_1_516' title='bbox 679 4290 810 4361; x_wconf 86' lang='lat' dir='ltr'><strong>aspersio.</strong></span> <span class='ocrx_word' id='word_1_517' title='bbox 821 4288 932 4346; x_wconf 85' lang='lat' dir='ltr'><strong>Stercus</strong></span> <span class='ocrx_word' id='word_1_518' title='bbox 943 4297 1033 4345; x_wconf 86' lang='lat' dir='ltr'><strong>autem</strong></span> <span class='ocrx_word' id='word_1_519' title='bbox 1041 4305 1089 4346; x_wconf 84' lang='lat' dir='ltr'><strong>uo·</strong></span> <span class='ocrx_word' id='word_1_520' title='bbox 1140 4287 1305 4358; x_wconf 75' lang='lat' dir='ltr'><strong>tolliguutur.</strong></span> <span class='ocrx_word' id='word_1_521' title='bbox 1330 4285 1406 4342; x_wconf 86' lang='lat' dir='ltr'><strong>Unde</strong></span> <span class='ocrx_word' id='word_1_522' title='bbox 1429 4285 1457 4339; x_wconf 90' lang='lat' dir='ltr'><strong>in</strong></span> <span class='ocrx_word' id='word_1_523' title='bbox 1477 4282 1623 4354; x_wconf 73' lang='lat' dir='ltr'><strong>Evangelio</strong></span> <span class='ocrx_word' id='word_1_524' title='bbox 1647 4282 1718 4339; x_wconf 86' lang='lat' dir='ltr'><strong>dicit</strong></span> <span class='ocrx_word' id='word_1_525' title='bbox 1738 4299 1745 4335; x_wconf 73' lang='grc' dir='ltr'><strong><em>ε</em></strong></span> <span class='ocrx_word' id='word_1_526' title='bbox 1762 4278 1844 4344; x_wconf 64' lang='lat' dir='ltr'><strong>Drior</strong></span> <span class='ocrx_word' id='word_1_527' title='bbox 1861 4269 1916 4329; x_wconf 68' lang='lat' dir='ltr'><strong>uult</strong></span> 
     </span>
     <span class='ocr_line' id='line_1_41' title="bbox 294 4362 1917 4452; baseline -0.013 -14"><span class='ocrx_word' id='word_1_528' title='bbox 294 4381 445 4448; x_wconf 83' lang='lat' dir='ltr'><strong>cattrur,uel</strong></span> <span class='ocrx_word' id='word_1_529' title='bbox 452 4381 515 4451; x_wconf 88' lang='lat' dir='ltr'><strong>quia</strong></span> <span class='ocrx_word' id='word_1_530' title='bbox 523 4381 686 4437; x_wconf 84' lang='lat' dir='ltr'><strong>sterniturin</strong></span> <span class='ocrx_word' id='word_1_531' title='bbox 693 4381 776 4452; x_wconf 74' lang='lat' dir='ltr'><strong>agris,</strong></span> <span class='ocrx_word' id='word_1_532' title='bbox 784 4379 894 4452; x_wconf 81' lang='lat' dir='ltr'><strong>volquia</strong></span> <span class='ocrx_word' id='word_1_533' title='bbox 902 4380 1004 4449; x_wconf 76' lang='lat' dir='ltr'><strong>extergi</strong></span> <span class='ocrx_word' id='word_1_534' title='bbox 1011 4394 1091 4449; x_wconf 93' lang='lat' dir='ltr'><strong>opor·</strong></span> <span class='ocrx_word' id='word_1_535' title='bbox 1141 4377 1242 4450; x_wconf 82' lang='lat' dir='ltr'><strong>perdet,</strong></span> <span class='ocrx_word' id='word_1_536' title='bbox 1255 4377 1281 4432; x_wconf 89' lang='lat' dir='ltr'><strong>ld</strong></span> <span class='ocrx_word' id='word_1_537' title='bbox 1293 4385 1344 4440; x_wconf 84' lang='lat' dir='ltr'><strong>est,</strong></span> <span class='ocrx_word' id='word_1_538' title='bbox 1357 4375 1475 4442; x_wconf 70' lang='lat' dir='ltr'><strong>ludaeos,</strong></span> <span class='ocrx_word' id='word_1_539' title='bbox 1490 4385 1514 4430; x_wconf 86' lang='lat' dir='ltr'><strong>et</strong></span> <span class='ocrx_word' id='word_1_540' title='bbox 1527 4376 1628 4430; x_wconf 77' lang='grc' dir='ltr'><strong>ιίιιειιιι</strong></span> <span class='ocrx_word' id='word_1_541' title='bbox 1642 4390 1722 4432; x_wconf 81' lang='lat' dir='ltr'><strong>suurn</strong></span> <span class='ocrx_word' id='word_1_542' title='bbox 1742 4362 1917 4428; x_wconf 70' lang='lat' dir='ltr'><strong>eruderatum</strong></span> 
     </span>
     <span class='ocr_line' id='line_1_42' title="bbox 295 4451 1917 4542; baseline -0.008 -13"><span class='ocrx_word' id='word_1_543' title='bbox 295 4482 358 4536; x_wconf 85' lang='lat' dir='ltr'><strong>test,</strong></span> <span class='ocrx_word' id='word_1_544' title='bbox 366 4472 437 4542; x_wconf 85' lang='lat' dir='ltr'><strong>quud</strong></span> <span class='ocrx_word' id='word_1_545' title='bbox 448 4470 585 4527; x_wconf 90' lang='lat' dir='ltr'><strong>sordidum</strong></span> <span class='ocrx_word' id='word_1_546' title='bbox 596 4463 626 4525; x_wconf 83' lang='lat' dir='ltr'><strong>ln¹</strong></span> <span class='ocrx_word' id='word_1_547' title='bbox 635 4471 745 4527; x_wconf 85' lang='lat' dir='ltr'><strong>civitate</strong></span> <span class='ocrx_word' id='word_1_548' title='bbox 753 4471 895 4526; x_wconf 86' lang='lat' dir='ltr'><strong>redundat.</strong></span> <span class='ocrx_word' id='word_1_549' title='bbox 904 4469 969 4524; x_wconf 86' lang='lat' dir='ltr'><strong>item</strong></span> <span class='ocrx_word' id='word_1_550' title='bbox 976 4468 1090 4525; x_wconf 83' lang='lat' dir='ltr'><strong>etltruus</strong></span> <span class='ocrx_word' id='word_1_551' title='bbox 1103 4451 1128 4510; x_wconf 84' lang='grc' dir='ltr'><strong>Ῑ)</strong></span> <span class='ocrx_word' id='word_1_552' title='bbox 1141 4468 1201 4523; x_wconf 84' lang='lat' dir='ltr'><strong>otiis</strong></span> <span class='ocrx_word' id='word_1_553' title='bbox 1215 4467 1322 4540; x_wconf 77' lang='lat' dir='ltr'><strong>(Morti.</strong></span> <span class='ocrx_word' id='word_1_554' title='bbox 1335 4469 1402 4540; x_wconf 78' lang='lat' dir='ltr'><strong>ru).</strong></span> <span class='ocrx_word' id='word_1_555' title='bbox 1421 4467 1554 4537; x_wconf 83' lang='lat' dir='ltr'><strong>Oporarii.</strong></span> <span class='ocrx_word' id='word_1_556' title='bbox 1566 4466 1695 4537; x_wconf 82' lang='lat' dir='ltr'><strong>apostoli,</strong></span> <span class='ocrx_word' id='word_1_557' title='bbox 1709 4465 1752 4520; x_wconf 85' lang='lat' dir='ltr'><strong>rel</strong></span> <span class='ocrx_word' id='word_1_558' title='bbox 1764 4459 1850 4532; x_wconf 67' lang='lat' dir='ltr'><strong>ceteri</strong></span> <span class='ocrx_word' id='word_1_559' title='bbox 1862 4467 1917 4527; x_wconf 57' lang='lat' dir='ltr'><strong>pr&amp;</strong></span> 
     </span>
     <span class='ocr_line' id='line_1_43' title="bbox 295 4548 1917 4633; baseline -0.007 -16"><span class='ocrx_word' id='word_1_560' title='bbox 295 4572 352 4627; x_wconf 81' lang='lat' dir='ltr'><strong>ost,</strong></span> <span class='ocrx_word' id='word_1_561' title='bbox 369 4563 415 4632; x_wconf 84' lang='lat' dir='ltr'><strong>qui</strong></span> <span class='ocrx_word' id='word_1_562' title='bbox 426 4577 565 4633; x_wconf 77' lang='lat' dir='ltr'><strong>peragros</strong></span> <span class='ocrx_word' id='word_1_563' title='bbox 575 4560 692 4629; x_wconf 61' lang='lat' dir='ltr'><strong>inuitum</strong></span> <span class='ocrx_word' id='word_1_564' title='bbox 705 4569 731 4616; x_wconf 90' lang='grc' dir='ltr'><strong>ει</strong></span> <span class='ocrx_word' id='word_1_565' title='bbox 748 4558 939 4624; x_wconf 72' lang='lat' dir='ltr'><strong>dimersimus,</strong></span> <span class='ocrx_word' id='word_1_566' title='bbox 955 4558 1027 4630; x_wconf 84' lang='lat' dir='ltr'><strong>quod</strong></span> <span class='ocrx_word' id='word_1_567' title='bbox 1043 4557 1090 4612; x_wconf 83' lang='lat' dir='ltr'><strong>bur</strong></span> <span class='ocrx_word' id='word_1_568' title='bbox 1140 4558 1285 4614; x_wconf 84' lang='lat' dir='ltr'><strong>dirutores.</strong></span> <span class='ocrx_word' id='word_1_569' title='bbox 1311 4560 1340 4615; x_wconf 94' lang='lat' dir='ltr'><strong>lu</strong></span> <span class='ocrx_word' id='word_1_570' title='bbox 1364 4559 1509 4630; x_wconf 79' lang='lat' dir='ltr'><strong>Evangelio</strong></span> <span class='ocrx_word' id='word_1_571' title='bbox 1528 4558 1650 4628; x_wconf 75' lang='lat' dir='ltr'><strong>legitur:</strong></span> <span class='ocrx_word' id='word_1_572' title='bbox 1673 4555 1775 4628; x_wconf 73' lang='lat' dir='ltr'><strong>Reputo</strong></span> <span class='ocrx_word' id='word_1_573' title='bbox 1795 4548 1917 4607; x_wconf 68' lang='lat' dir='ltr'><strong>nomana</strong></span> 
     </span>
     <span class='ocr_line' id='line_1_44' title="bbox 294 4636 1917 4722; baseline -0.014 -13"><span class='ocrx_word' id='word_1_574' title='bbox 294 4670 373 4719; x_wconf 85' lang='lat' dir='ltr'><strong>snus,</strong></span> <span class='ocrx_word' id='word_1_575' title='bbox 389 4654 416 4708; x_wconf 86' lang='lat' dir='ltr'><strong>id</strong></span> <span class='ocrx_word' id='word_1_576' title='bbox 439 4661 497 4717; x_wconf 85' lang='lat' dir='ltr'><strong>est,</strong></span> <span class='ocrx_word' id='word_1_577' title='bbox 512 4661 627 4719; x_wconf 82' lang='lat' dir='ltr'><strong>stercus,</strong></span> <span class='ocrx_word' id='word_1_578' title='bbox 644 4652 715 4722; x_wconf 82' lang='lat' dir='ltr'><strong>quod</strong></span> <span class='ocrx_word' id='word_1_579' title='bbox 729 4650 809 4721; x_wconf 75' lang='lat' dir='ltr'><strong>uulgo</strong></span> <span class='ocrx_word' id='word_1_580' title='bbox 821 4649 945 4706; x_wconf 74' lang='grc' dir='ltr'><strong>Ιειιιιιειι</strong></span> <span class='ocrx_word' id='word_1_581' title='bbox 965 4655 1087 4713; x_wconf 83' lang='lat' dir='ltr'><strong>roratur.</strong></span> <span class='ocrx_word' id='word_1_582' title='bbox 1141 4652 1241 4715; x_wconf 70' lang='lat' dir='ltr'><strong>urescit,</strong></span> <span class='ocrx_word' id='word_1_583' title='bbox 1261 4661 1288 4704; x_wconf 81' lang='lat' dir='ltr'><strong>ut</strong></span> <span class='ocrx_word' id='word_1_584' title='bbox 1307 4652 1391 4705; x_wconf 85' lang='lat' dir='ltr'><strong>mittut</strong></span> <span class='ocrx_word' id='word_1_585' title='bbox 1410 4650 1542 4720; x_wconf 81' lang='lat' dir='ltr'><strong>operarios</strong></span> <span class='ocrx_word' id='word_1_586' title='bbox 1559 4649 1587 4702; x_wconf 85' lang='lat' dir='ltr'><strong>iu</strong></span> <span class='ocrx_word' id='word_1_587' title='bbox 1606 4665 1720 4704; x_wconf 77' lang='lat' dir='ltr'><strong>messem</strong></span> <span class='ocrx_word' id='word_1_588' title='bbox 1738 4661 1814 4702; x_wconf 77' lang='lat' dir='ltr'><strong>suun</strong></span> <span class='ocrx_word' id='word_1_589' title='bbox 1826 4636 1917 4712; x_wconf 74' lang='lat' dir='ltr'><strong>(lietu.</strong></span> 
     </span>
     <span class='ocr_line' id='line_1_45' title="bbox 293 4731 1918 4815; baseline -0.008 -15"><span class='ocrx_word' id='word_1_590' title='bbox 293 4745 410 4815; x_wconf 84' lang='lat' dir='ltr'><strong>eoquod</strong></span> <span class='ocrx_word' id='word_1_591' title='bbox 425 4756 475 4798; x_wconf 92' lang='lat' dir='ltr'><strong>suo</strong></span> <span class='ocrx_word' id='word_1_592' title='bbox 489 4741 655 4797; x_wconf 86' lang='lat' dir='ltr'><strong>nutrimento</strong></span> <span class='ocrx_word' id='word_1_593' title='bbox 669 4741 729 4796; x_wconf 74' lang='lat' dir='ltr'><strong>luta</strong></span> <span class='ocrx_word' id='word_1_594' title='bbox 742 4740 823 4796; x_wconf 85' lang='lat' dir='ltr'><strong>iaciat</strong></span> <span class='ocrx_word' id='word_1_595' title='bbox 836 4739 968 4811; x_wconf 71' lang='lat' dir='ltr'><strong>germina,</strong></span> <span class='ocrx_word' id='word_1_596' title='bbox 981 4737 1089 4792; x_wconf 88' lang='lat' dir='ltr'><strong>reddat·</strong></span> <span class='ocrx_word' id='word_1_597' title='bbox 1139 4743 1188 4812; x_wconf 73' lang='lat' dir='ltr'><strong>rx).</strong></span> <span class='ocrx_word' id='word_1_598' title='bbox 1206 4743 1292 4798; x_wconf 70' lang='lat' dir='ltr'><strong>Aliter</strong></span> <span class='ocrx_word' id='word_1_599' title='bbox 1308 4742 1435 4812; x_wconf 69' lang='lat' dir='ltr'><strong>operarii,</strong></span> <span class='ocrx_word' id='word_1_600' title='bbox 1459 4740 1595 4806; x_wconf 63' lang='lat' dir='ltr'><strong>immutet,</strong></span> <span class='ocrx_word' id='word_1_601' title='bbox 1616 4739 1645 4794; x_wconf 88' lang='lat' dir='ltr'><strong>in</strong></span> <span class='ocrx_word' id='word_1_602' title='bbox 1664 4737 1798 4811; x_wconf 70' lang='lat' dir='ltr'><strong>apostolo</strong></span> <span class='ocrx_word' id='word_1_603' title='bbox 1811 4754 1818 4790; x_wconf 74' lang='grc' dir='ltr'><strong>ι</strong></span> <span class='ocrx_word' id='word_1_604' title='bbox 1831 4731 1918 4791; x_wconf 72' lang='lat' dir='ltr'><strong>vidue,</strong></span> 
     </span>
     <span class='ocr_line' id='line_1_46' title="bbox 297 4819 1919 4906; baseline -0.012 -8"><span class='ocrx_word' id='word_1_605' title='bbox 297 4852 351 4906; x_wconf 74' lang='lat' dir='ltr'><strong>title</strong></span> <span class='ocrx_word' id='word_1_606' title='bbox 365 4849 430 4890; x_wconf 68' lang='lat' dir='ltr'><strong>dria</strong></span> <span class='ocrx_word' id='word_1_607' title='bbox 447 4832 556 4904; x_wconf 64' lang='lat' dir='ltr'><strong>{lingula</strong></span> <span class='ocrx_word' id='word_1_608' title='bbox 568 4841 597 4887; x_wconf 62' lang='lat' dir='ltr'><strong>ei</strong></span> <span class='ocrx_word' id='word_1_609' title='bbox 616 4830 741 4888; x_wconf 64' lang='lat' dir='ltr'><strong>lssfflfldil·</strong></span> <span class='ocrx_word' id='word_1_610' title='bbox 762 4829 941 4895; x_wconf 62' lang='lat' dir='ltr'><strong>Oefflllwl,</strong></span> <span class='ocrx_word' id='word_1_611' title='bbox 951 4845 1014 4884; x_wconf 86' lang='lat' dir='ltr'><strong>cum</strong></span> <span class='ocrx_word' id='word_1_612' title='bbox 1026 4843 1087 4884; x_wconf 91' lang='lat' dir='ltr'><strong>rus·</strong></span> <span class='ocrx_word' id='word_1_613' title='bbox 1140 4834 1237 4904; x_wconf 80' lang='lat' dir='ltr'><strong>iuquit,</strong></span> <span class='ocrx_word' id='word_1_614' title='bbox 1252 4851 1339 4898; x_wconf 84' lang='lat' dir='ltr'><strong>canes,</strong></span> <span class='ocrx_word' id='word_1_615' title='bbox 1353 4835 1436 4887; x_wconf 82' lang='lat' dir='ltr'><strong>uidete</strong></span> <span class='ocrx_word' id='word_1_616' title='bbox 1449 4832 1532 4886; x_wconf 84' lang='lat' dir='ltr'><strong>mulos</strong></span> <span class='ocrx_word' id='word_1_617' title='bbox 1546 4832 1695 4903; x_wconf 82' lang='lat' dir='ltr'><strong>operarios,</strong></span> <span class='ocrx_word' id='word_1_618' title='bbox 1712 4831 1797 4885; x_wconf 76' lang='lat' dir='ltr'><strong>uidete</strong></span> <span class='ocrx_word' id='word_1_619' title='bbox 1806 4819 1919 4881; x_wconf 61' lang='grc' dir='ltr'><strong>εειιὶὲι·</strong></span> 
     </span>
     <span class='ocr_line' id='line_1_47' title="bbox 293 4919 1918 4997; baseline -0.011 -12"><span class='ocrx_word' id='word_1_620' title='bbox 293 4929 358 4993; x_wconf 89' lang='lat' dir='ltr'><strong>tici,</strong></span> <span class='ocrx_word' id='word_1_621' title='bbox 380 4928 486 4985; x_wconf 85' lang='lat' dir='ltr'><strong>satione</strong></span> <span class='ocrx_word' id='word_1_622' title='bbox 508 4925 595 4991; x_wconf 81' lang='lat' dir='ltr'><strong>lauta,</strong></span> <span class='ocrx_word' id='word_1_623' title='bbox 619 4926 706 4981; x_wconf 92' lang='lat' dir='ltr'><strong>bobus</strong></span> <span class='ocrx_word' id='word_1_624' title='bbox 723 4923 853 4989; x_wconf 86' lang='lat' dir='ltr'><strong>dimissis,</strong></span> <span class='ocrx_word' id='word_1_625' title='bbox 868 4925 982 4994; x_wconf 75' lang='lat' dir='ltr'><strong>grandes</strong></span> <span class='ocrx_word' id='word_1_626' title='bbox 996 4921 1088 4992; x_wconf 71' lang='lat' dir='ltr'><strong>globus</strong></span> <span class='ocrx_word' id='word_1_627' title='bbox 1139 4942 1183 4979; x_wconf 80' lang='lat' dir='ltr'><strong>nes</strong></span> <span class='ocrx_word' id='word_1_628' title='bbox 1201 4922 1284 4997; x_wconf 84' lang='lat' dir='ltr'><strong>(Plril.</strong></span> <span class='ocrx_word' id='word_1_629' title='bbox 1305 4926 1357 4993; x_wconf 79' lang='lat' dir='ltr'><strong>ur).</strong></span> <span class='ocrx_word' id='word_1_630' title='bbox 1383 4924 1565 4981; x_wconf 84' lang='lat' dir='ltr'><strong>incenduntur</strong></span> <span class='ocrx_word' id='word_1_631' title='bbox 1583 4937 1650 4994; x_wconf 75' lang='lat' dir='ltr'><strong>ergo</strong></span> <span class='ocrx_word' id='word_1_632' title='bbox 1668 4924 1734 4994; x_wconf 74' lang='lat' dir='ltr'><strong>iguo</strong></span> <span class='ocrx_word' id='word_1_633' title='bbox 1751 4919 1807 4992; x_wconf 71' lang='lat' dir='ltr'><strong>agri</strong></span> <span class='ocrx_word' id='word_1_634' title='bbox 1825 4923 1854 4970; x_wconf 91' lang='lat' dir='ltr'><strong>ut</strong></span> <span class='ocrx_word' id='word_1_635' title='bbox 1868 4924 1918 4967; x_wconf 86' lang='lat' dir='ltr'><strong>otu·</strong></span> 
     </span>
     <span class='ocr_line' id='line_1_48' title="bbox 292 4998 1919 5091; baseline -0.009 -14"><span class='ocrx_word' id='word_1_636' title='bbox 292 5020 400 5077; x_wconf 79' lang='lat' dir='ltr'><strong>cmdrrnt</strong></span> <span class='ocrx_word' id='word_1_637' title='bbox 410 5035 443 5074; x_wconf 83' lang='lat' dir='ltr'><strong>ne</strong></span> <span class='ocrx_word' id='word_1_638' title='bbox 456 5019 589 5091; x_wconf 76' lang='lat' dir='ltr'><strong>ligonibus</strong></span> <span class='ocrx_word' id='word_1_639' title='bbox 600 5017 727 5088; x_wconf 77' lang='lat' dir='ltr'><strong>frangunt</strong></span> <span class='ocrx_word' id='word_1_640' title='bbox 741 5033 748 5069; x_wconf 79' lang='lat' dir='ltr'><strong>r</strong></span> <span class='ocrx_word' id='word_1_641' title='bbox 762 5021 791 5071; x_wconf 89' lang='lat' dir='ltr'><strong>et</strong></span> <span class='ocrx_word' id='word_1_642' title='bbox 801 5013 873 5069; x_wconf 87' lang='lat' dir='ltr'><strong>dicta</strong></span> <span class='ocrx_word' id='word_1_643' title='bbox 884 5014 999 5076; x_wconf 85' lang='lat' dir='ltr'><strong>occatio,</strong></span> <span class='ocrx_word' id='word_1_644' title='bbox 1009 5013 1088 5083; x_wconf 81' lang='lat' dir='ltr'><strong>qussi</strong></span> <span class='ocrx_word' id='word_1_645' title='bbox 1139 5016 1181 5069; x_wconf 89' lang='lat' dir='ltr'><strong>nis</strong></span> <span class='ocrx_word' id='word_1_646' title='bbox 1205 5015 1302 5070; x_wconf 87' lang='lat' dir='ltr'><strong>bumor</strong></span> <span class='ocrx_word' id='word_1_647' title='bbox 1318 5014 1422 5070; x_wconf 88' lang='lat' dir='ltr'><strong>inutilis</strong></span> <span class='ocrx_word' id='word_1_648' title='bbox 1439 5013 1562 5078; x_wconf 86' lang='lat' dir='ltr'><strong>exsudet,</strong></span> <span class='ocrx_word' id='word_1_649' title='bbox 1583 5012 1697 5082; x_wconf 78' lang='lat' dir='ltr'><strong>quando</strong></span> <span class='ocrx_word' id='word_1_650' title='bbox 1715 5027 1767 5083; x_wconf 90' lang='lat' dir='ltr'><strong>per</strong></span> <span class='ocrx_word' id='word_1_651' title='bbox 1783 5009 1866 5064; x_wconf 86' lang='lat' dir='ltr'><strong>zelum</strong></span> <span class='ocrx_word' id='word_1_652' title='bbox 1880 4998 1919 5054; x_wconf 84' lang='lat' dir='ltr'><strong>bri</strong></span> 
     </span>
     <span class='ocr_line' id='line_1_49' title="bbox 292 5100 1920 5183; baseline -0.006 -17"><span class='ocrx_word' id='word_1_653' title='bbox 292 5113 449 5178; x_wconf 80' lang='lat' dir='ltr'><strong>obcaecatio,</strong></span> <span class='ocrx_word' id='word_1_654' title='bbox 473 5112 545 5183; x_wconf 82' lang='lat' dir='ltr'><strong>quod</strong></span> <span class='ocrx_word' id='word_1_655' title='bbox 567 5110 671 5182; x_wconf 86' lang='lat' dir='ltr'><strong>operiat</strong></span> <span class='ocrx_word' id='word_1_656' title='bbox 688 5109 797 5165; x_wconf 86' lang='lat' dir='ltr'><strong>semina</strong></span> <span class='ocrx_word' id='word_1_657' title='bbox 811 5120 926 5163; x_wconf 85' lang='lat' dir='ltr'><strong>:occare</strong></span> <span class='ocrx_word' id='word_1_658' title='bbox 943 5106 1028 5177; x_wconf 76' lang='lat' dir='ltr'><strong>igitur</strong></span> <span class='ocrx_word' id='word_1_659' title='bbox 1046 5113 1088 5160; x_wconf 87' lang='lat' dir='ltr'><strong>est</strong></span> <span class='ocrx_word' id='word_1_660' title='bbox 1137 5106 1227 5161; x_wconf 84' lang='lat' dir='ltr'><strong>orutris</strong></span> <span class='ocrx_word' id='word_1_661' title='bbox 1247 5106 1417 5175; x_wconf 81' lang='lat' dir='ltr'><strong>superfluitas</strong></span> <span class='ocrx_word' id='word_1_662' title='bbox 1444 5105 1570 5160; x_wconf 80' lang='lat' dir='ltr'><strong>vitiorum</strong></span> <span class='ocrx_word' id='word_1_663' title='bbox 1595 5121 1610 5159; x_wconf 90' lang='lat' dir='ltr'><strong>a</strong></span> <span class='ocrx_word' id='word_1_664' title='bbox 1631 5103 1767 5159; x_wconf 81' lang='lat' dir='ltr'><strong>cordibus</strong></span> <span class='ocrx_word' id='word_1_665' title='bbox 1787 5100 1920 5156; x_wconf 73' lang='lat' dir='ltr'><strong>electoffllli</strong></span> 
     </span>
     <span class='ocr_line' id='line_1_50' title="bbox 293 5189 1920 5276; baseline -0.008 -18"><span class='ocrx_word' id='word_1_666' title='bbox 293 5205 401 5275; x_wconf 82' lang='lat' dir='ltr'><strong>operire</strong></span> <span class='ocrx_word' id='word_1_667' title='bbox 420 5203 620 5269; x_wconf 81' lang='grc' dir='ltr'><strong>ιειιιιειιιὶιιι,</strong></span> <span class='ocrx_word' id='word_1_668' title='bbox 641 5201 720 5267; x_wconf 74' lang='lat' dir='ltr'><strong>sites,</strong></span> <span class='ocrx_word' id='word_1_669' title='bbox 745 5201 787 5256; x_wconf 84' lang='lat' dir='ltr'><strong>vel</strong></span> <span class='ocrx_word' id='word_1_670' title='bbox 804 5200 929 5276; x_wconf 70' lang='lat' dir='ltr'><strong>prbores.</strong></span> <span class='ocrx_word' id='word_1_671' title='bbox 947 5195 1088 5251; x_wconf 41' lang='lat' dir='ltr'><strong>*lltrrtcatio</strong></span> <span class='ocrx_word' id='word_1_672' title='bbox 1137 5198 1260 5252; x_wconf 81' lang='lat' dir='ltr'><strong>exuritur</strong></span> <span class='ocrx_word' id='word_1_673' title='bbox 1284 5216 1291 5252; x_wconf 79' lang='grc' dir='ltr'><strong>ι</strong></span> <span class='ocrx_word' id='word_1_674' title='bbox 1313 5212 1347 5252; x_wconf 91' lang='lat' dir='ltr'><strong>uc</strong></span> <span class='ocrx_word' id='word_1_675' title='bbox 1373 5197 1409 5251; x_wconf 91' lang='lat' dir='ltr'><strong>ibi</strong></span> <span class='ocrx_word' id='word_1_676' title='bbox 1432 5197 1579 5268; x_wconf 80' lang='lat' dir='ltr'><strong>urridquam</strong></span> <span class='ocrx_word' id='word_1_677' title='bbox 1606 5196 1773 5265; x_wconf 76' lang='lat' dir='ltr'><strong>pestiferum</strong></span> <span class='ocrx_word' id='word_1_678' title='bbox 1794 5189 1920 5265; x_wconf 77' lang='lat' dir='ltr'><strong>germinet·</strong></span> 
     </span>
     <span class='ocr_line' id='line_1_51' title="bbox 293 5279 1922 5356; baseline -0.009 -8"><span class='ocrx_word' id='word_1_679' title='bbox 293 5305 363 5349; x_wconf 83' lang='lat' dir='ltr'><strong>estu</strong></span> <span class='ocrx_word' id='word_1_680' title='bbox 379 5304 450 5351; x_wconf 86' lang='lat' dir='ltr'><strong>terra</strong></span> <span class='ocrx_word' id='word_1_681' title='bbox 465 5294 565 5350; x_wconf 85' lang='lat' dir='ltr'><strong>irerbas</strong></span> <span class='ocrx_word' id='word_1_682' title='bbox 579 5294 678 5350; x_wconf 84' lang='lat' dir='ltr'><strong>vellere</strong></span> <span class='ocrx_word' id='word_1_683' title='bbox 693 5311 700 5346; x_wconf 77' lang='grc' dir='ltr'><strong>ε</strong></span> <span class='ocrx_word' id='word_1_684' title='bbox 716 5308 779 5347; x_wconf 87' lang='lat' dir='ltr'><strong>narn</strong></span> <span class='ocrx_word' id='word_1_685' title='bbox 800 5307 847 5347; x_wconf 92' lang='lat' dir='ltr'><strong>rus</strong></span> <span class='ocrx_word' id='word_1_686' title='bbox 864 5297 936 5346; x_wconf 87' lang='lat' dir='ltr'><strong>terra</strong></span> <span class='ocrx_word' id='word_1_687' title='bbox 950 5295 1013 5342; x_wconf 88' lang='lat' dir='ltr'><strong>est:</strong></span> <span class='ocrx_word' id='word_1_688' title='bbox 1030 5286 1086 5342; x_wconf 88' lang='lat' dir='ltr'><strong>sul·</strong></span> <span class='ocrx_word' id='word_1_689' title='bbox 1138 5289 1257 5343; x_wconf 79' lang='lat' dir='ltr'><strong>Arantur</strong></span> <span class='ocrx_word' id='word_1_690' title='bbox 1275 5287 1341 5356; x_wconf 78' lang='lat' dir='ltr'><strong>agri,</strong></span> <span class='ocrx_word' id='word_1_691' title='bbox 1356 5286 1466 5356; x_wconf 79' lang='lat' dir='ltr'><strong>quaudo</strong></span> <span class='ocrx_word' id='word_1_692' title='bbox 1484 5302 1533 5356; x_wconf 89' lang='lat' dir='ltr'><strong>per</strong></span> <span class='ocrx_word' id='word_1_693' title='bbox 1552 5286 1698 5340; x_wconf 88' lang='lat' dir='ltr'><strong>doctorum</strong></span> <span class='ocrx_word' id='word_1_694' title='bbox 1717 5279 1922 5356; x_wconf 68' lang='lat' dir='ltr'><strong>pmdicstiuren</strong></span> 
     </span>
     <span class='ocr_line' id='line_1_52' title="bbox 292 5369 1926 5457; baseline -0.012 -18"><span class='ocrx_word' id='word_1_695' title='bbox 292 5400 340 5440; x_wconf 84' lang='lat' dir='ltr'><strong>eus</strong></span> <span class='ocrx_word' id='word_1_696' title='bbox 360 5401 376 5440; x_wconf 85' lang='lat' dir='ltr'><strong>a</strong></span> <span class='ocrx_word' id='word_1_697' title='bbox 394 5387 450 5441; x_wconf 89' lang='lat' dir='ltr'><strong>solo</strong></span> <span class='ocrx_word' id='word_1_698' title='bbox 473 5395 594 5451; x_wconf 82' lang='lat' dir='ltr'><strong>uocatus,</strong></span> <span class='ocrx_word' id='word_1_699' title='bbox 619 5386 691 5457; x_wconf 68' lang='lat' dir='ltr'><strong>prod</strong></span> <span class='ocrx_word' id='word_1_700' title='bbox 711 5385 862 5456; x_wconf 88' lang='lat' dir='ltr'><strong>proscissus</strong></span> <span class='ocrx_word' id='word_1_701' title='bbox 880 5381 963 5438; x_wconf 84' lang='lat' dir='ltr'><strong>solem</strong></span> <span class='ocrx_word' id='word_1_702' title='bbox 984 5379 1084 5449; x_wconf 78' lang='lat' dir='ltr'><strong>captat.</strong></span> <span class='ocrx_word' id='word_1_703' title='bbox 1139 5381 1223 5437; x_wconf 63' lang='lat' dir='ltr'><strong>turbu}</strong></span> <span class='ocrx_word' id='word_1_704' title='bbox 1240 5380 1408 5436; x_wconf 85' lang='lat' dir='ltr'><strong>credentium</strong></span> <span class='ocrx_word' id='word_1_705' title='bbox 1427 5384 1627 5435; x_wconf 77' lang='lat' dir='ltr'><strong>exercenturct</strong></span> <span class='ocrx_word' id='word_1_706' title='bbox 1641 5369 1926 5447; x_wconf 68' lang='lat' dir='ltr'><strong>praepsruuurradac·</strong></span> 
     </span>
     <span class='ocr_line' id='line_1_53' title="bbox 296 5468 1924 5550; baseline -0.009 -18"><span class='ocrx_word' id='word_1_707' title='bbox 296 5477 459 5534; x_wconf 78' lang='lat' dir='ltr'><strong>veruactum</strong></span> <span class='ocrx_word' id='word_1_708' title='bbox 475 5480 588 5544; x_wconf 84' lang='lat' dir='ltr'><strong>dictum,</strong></span> <span class='ocrx_word' id='word_1_709' title='bbox 601 5480 678 5550; x_wconf 83' lang='lat' dir='ltr'><strong>qnasi</strong></span> <span class='ocrx_word' id='word_1_710' title='bbox 700 5494 764 5534; x_wconf 84' lang='lat' dir='ltr'><strong>rere</strong></span> <span class='ocrx_word' id='word_1_711' title='bbox 777 5485 883 5541; x_wconf 86' lang='lat' dir='ltr'><strong>actum,</strong></span> <span class='ocrx_word' id='word_1_712' title='bbox 896 5473 987 5538; x_wconf 83' lang='lat' dir='ltr'><strong>idest,</strong></span> <span class='ocrx_word' id='word_1_713' title='bbox 1001 5487 1086 5528; x_wconf 80' lang='lat' dir='ltr'><strong>seruo</strong></span> <span class='ocrx_word' id='word_1_714' title='bbox 1137 5474 1291 5544; x_wconf 83' lang='lat' dir='ltr'><strong>cipiendum</strong></span> <span class='ocrx_word' id='word_1_715' title='bbox 1305 5488 1397 5528; x_wconf 86' lang='lat' dir='ltr'><strong>semen</strong></span> <span class='ocrx_word' id='word_1_716' title='bbox 1409 5473 1521 5526; x_wconf 85' lang='lat' dir='ltr'><strong>verbum</strong></span> <span class='ocrx_word' id='word_1_717' title='bbox 1537 5472 1583 5526; x_wconf 76' lang='lat' dir='ltr'><strong>uri</strong></span> <span class='ocrx_word' id='word_1_718' title='bbox 1598 5489 1604 5525; x_wconf 92' lang='lat'>:</span> <span class='ocrx_word' id='word_1_719' title='bbox 1619 5486 1714 5524; x_wconf 69' lang='lat' dir='ltr'><strong>rouen</strong></span> <span class='ocrx_word' id='word_1_720' title='bbox 1732 5468 1805 5524; x_wconf 88' lang='lat' dir='ltr'><strong>enim</strong></span> <span class='ocrx_word' id='word_1_721' title='bbox 1821 5471 1856 5518; x_wconf 79' lang='lat' dir='ltr'><strong>est</strong></span> <span class='ocrx_word' id='word_1_722' title='bbox 1874 5471 1924 5512; x_wconf 75' lang='lat' dir='ltr'><strong>rer·</strong></span> 
     </span>
     <span class='ocr_line' id='line_1_54' title="bbox 295 5550 1924 5643; baseline -0.007 -22"><span class='ocrx_word' id='word_1_723' title='bbox 295 5579 411 5623; x_wconf 85' lang='lat' dir='ltr'><strong>aratum.</strong></span> <span class='ocrx_word' id='word_1_724' title='bbox 428 5570 577 5627; x_wconf 79' lang='lat' dir='ltr'><strong>Proscissio</strong></span> <span class='ocrx_word' id='word_1_725' title='bbox 592 5581 633 5627; x_wconf 83' lang='lat' dir='ltr'><strong>est</strong></span> <span class='ocrx_word' id='word_1_726' title='bbox 646 5573 733 5627; x_wconf 83' lang='lat' dir='ltr'><strong>aratio</strong></span> <span class='ocrx_word' id='word_1_727' title='bbox 742 5571 841 5643; x_wconf 83' lang='lat' dir='ltr'><strong>prima,</strong></span> <span class='ocrx_word' id='word_1_728' title='bbox 856 5584 917 5624; x_wconf 87' lang='lat' dir='ltr'><strong>cum</strong></span> <span class='ocrx_word' id='word_1_729' title='bbox 933 5568 1022 5622; x_wconf 85' lang='lat' dir='ltr'><strong>adbuc</strong></span> <span class='ocrx_word' id='word_1_730' title='bbox 1034 5567 1084 5620; x_wconf 88' lang='lat' dir='ltr'><strong>du·</strong></span> <span class='ocrx_word' id='word_1_731' title='bbox 1137 5566 1197 5619; x_wconf 83' lang='lat' dir='ltr'><strong>bum</strong></span> <span class='ocrx_word' id='word_1_732' title='bbox 1208 5565 1267 5628; x_wconf 81' lang='lat' dir='ltr'><strong>Dei,</strong></span> <span class='ocrx_word' id='word_1_733' title='bbox 1278 5573 1308 5618; x_wconf 92' lang='lat' dir='ltr'><strong>ut</strong></span> <span class='ocrx_word' id='word_1_734' title='bbox 1321 5563 1347 5619; x_wconf 92' lang='lat' dir='ltr'><strong>in</strong></span> <span class='ocrx_word' id='word_1_735' title='bbox 1361 5562 1506 5635; x_wconf 73' lang='lat' dir='ltr'><strong>Evangelio</strong></span> <span class='ocrx_word' id='word_1_736' title='bbox 1516 5561 1720 5630; x_wconf 83' lang='lat' dir='ltr'><strong>Dominus-ipse</strong></span> <span class='ocrx_word' id='word_1_737' title='bbox 1728 5557 1848 5616; x_wconf 86' lang='lat' dir='ltr'><strong>ostendit</strong></span> <span class='ocrx_word' id='word_1_738' title='bbox 1857 5550 1924 5624; x_wconf 79' lang='lat' dir='ltr'><strong>(buc.</strong></span> 
     </span>
     <span class='ocr_line' id='line_1_55' title="bbox 296 5643 1942 5732; baseline -0.005 -24"><span class='ocrx_word' id='word_1_739' title='bbox 296 5672 341 5708; x_wconf 83' lang='lat' dir='ltr'><strong>rus</strong></span> <span class='ocrx_word' id='word_1_740' title='bbox 356 5673 420 5726; x_wconf 77' lang='lat' dir='ltr'><strong>agor</strong></span> <span class='ocrx_word' id='word_1_741' title='bbox 432 5667 483 5710; x_wconf 80' lang='lat' dir='ltr'><strong>est.</strong></span> <span class='ocrx_word' id='word_1_742' title='bbox 509 5659 586 5714; x_wconf 82' lang='lat' dir='ltr'><strong>Satio</strong></span> <span class='ocrx_word' id='word_1_743' title='bbox 605 5662 687 5724; x_wconf 81' lang='lat' dir='ltr'><strong>dicta,</strong></span> <span class='ocrx_word' id='word_1_744' title='bbox 711 5662 789 5732; x_wconf 81' lang='lat' dir='ltr'><strong>quasi</strong></span> <span class='ocrx_word' id='word_1_745' title='bbox 807 5657 1024 5721; x_wconf 72' lang='lat' dir='ltr'><strong>summissum,</strong></span> <span class='ocrx_word' id='word_1_746' title='bbox 1045 5657 1085 5710; x_wconf 83' lang='lat' dir='ltr'><strong>tol</strong></span> <span class='ocrx_word' id='word_1_747' title='bbox 1136 5655 1206 5727; x_wconf 87' lang='lat' dir='ltr'><strong>rur).</strong></span> <span class='ocrx_word' id='word_1_748' title='bbox 1233 5654 1358 5710; x_wconf 87' lang='lat' dir='ltr'><strong>Stercora</strong></span> <span class='ocrx_word' id='word_1_749' title='bbox 1373 5671 1444 5727; x_wconf 21' lang='lat' dir='ltr'><strong>‘ergo</strong></span> <span class='ocrx_word' id='word_1_750' title='bbox 1460 5655 1487 5710; x_wconf 92' lang='lat' dir='ltr'><strong>in</strong></span> <span class='ocrx_word' id='word_1_751' title='bbox 1505 5669 1599 5726; x_wconf 75' lang='lat' dir='ltr'><strong>agrum</strong></span> <span class='ocrx_word' id='word_1_752' title='bbox 1619 5652 1783 5715; x_wconf 80' lang='lat' dir='ltr'><strong>mittuntur,</strong></span> <span class='ocrx_word' id='word_1_753' title='bbox 1799 5659 1829 5703; x_wconf 94' lang='lat' dir='ltr'><strong>ut</strong></span> <span class='ocrx_word' id='word_1_754' title='bbox 1840 5643 1942 5724; x_wconf 68' lang='lat' dir='ltr'><strong>mellus¹</strong></span> 
     </span>
     <span class='ocr_line' id='line_1_56' title="bbox 297 5731 1916 5817; baseline -0.002 -20"><span class='ocrx_word' id='word_1_755' title='bbox 297 5744 372 5811; x_wconf 82' lang='lat' dir='ltr'><strong>quusi</strong></span> <span class='ocrx_word' id='word_1_756' title='bbox 390 5755 508 5800; x_wconf 85' lang='lat' dir='ltr'><strong>satorum</strong></span> <span class='ocrx_word' id='word_1_757' title='bbox 527 5749 606 5804; x_wconf 83' lang='lat' dir='ltr'><strong>actio.</strong></span> <span class='ocrx_word' id='word_1_758' title='bbox 630 5749 726 5805; x_wconf 80' lang='lat' dir='ltr'><strong>Socero</strong></span> <span class='ocrx_word' id='word_1_759' title='bbox 745 5759 835 5804; x_wconf 80' lang='lat' dir='ltr'><strong>autern</strong></span> <span class='ocrx_word' id='word_1_760' title='bbox 854 5758 990 5813; x_wconf 78' lang='lat' dir='ltr'><strong>uocatum,</strong></span> <span class='ocrx_word' id='word_1_761' title='bbox 1013 5748 1084 5816; x_wconf 84' lang='lat' dir='ltr'><strong>quod</strong></span> <span class='ocrx_word' id='word_1_762' title='bbox 1136 5743 1281 5801; x_wconf 71' lang='lat' dir='ltr'><strong>fructificet</strong></span> <span class='ocrx_word' id='word_1_763' title='bbox 1294 5757 1301 5797; x_wconf 93' lang='lat'><strong>:</strong></span> <span class='ocrx_word' id='word_1_764' title='bbox 1314 5745 1376 5816; x_wconf 83' lang='lat' dir='ltr'><strong>quia</strong></span> <span class='ocrx_word' id='word_1_765' title='bbox 1389 5761 1437 5817; x_wconf 89' lang='lat' dir='ltr'><strong>per</strong></span> <span class='ocrx_word' id='word_1_766' title='bbox 1454 5744 1670 5802; x_wconf 88' lang='lat' dir='ltr'><strong>recordationem</strong></span> <span class='ocrx_word' id='word_1_767' title='bbox 1686 5751 1861 5813; x_wconf 87' lang='lat' dir='ltr'><strong>peccatorum</strong></span> <span class='ocrx_word' id='word_1_768' title='bbox 1874 5731 1916 5804; x_wconf 80' lang='lat' dir='ltr'><strong>qui</strong></span> 
     </span>
    </p>
   </div>
   <div class='ocr_carea' id='block_1_8' title="bbox 0 0 2028 6196">
    <p class='ocr_par' dir='ltr' id='par_1_8' title="bbox 0 0 2028 6196">
     <span class='ocr_line' id='line_1_57' title="bbox 0 0 2028 6196; baseline 0 0"><span class='ocrx_word' id='word_1_769' title='bbox 0 0 2028 6196; x_wconf 95' lang='lat' dir='ltr'><strong> </strong></span> 
     </span>
    </p>
   </div>
  </div>
 </body>
</html>
