4042 6200
149 356 201 415 tbi

634 353 679 411 bn
697 351 872 411 balnense
890 351 980 408 Ltnhl
999 351 1083 409 xxii.
1102 382 1139 396 -
1155 351 1220 409 tte.
1240 351 1309 410 xtl.

1739 347 1792 405 ibi

149 479 221 527 retes
233 477 262 525 et
276 468 409 526 mentula
422 468 583 525 miraculum
606 482 662 524 suar
679 467 857 524 connexioms
878 481 943 522 cuu-
959 470 981 530 Α
996 474 1081 533 ctum,
1106 467 1236 537 quoniam
1259 467 1337 537 panis
1358 480 1391 522 en
1415 479 1448 521 co
1482 462 1572 520 iactos
1591 462 1630 519 ibi
1653 464 1790 534 coquitur.

149 562 200 619 etis
209 561 418 632 aspectantibus
431 561 563 631 praebent.

429 671 544 729 CAPUT
563 670 656 727 xxiv.

428 764 468 820 be
487 765 659 837 repositoriis.

184 876 326 933 AErarinm
351 884 490 941 uocatum,
515 878 579 947 qnia
602 877 678 947 prius
692 891 730 932 tes
748 876 885 947 signatum
909 874 945 929 ibi

149 966 359 1024 recondebatur.
374 968 431 1023 iloc
443 968 517 1023 enirn
531 966 596 1021 olim
610 967 637 1021 in
651 982 701 1022 nsu
715 974 785 1031 erat,
808 981 875 1020 auro
899 981 945 1019 ur-

148 1076 285 1135 gentoque
295 1063 414 1118 noudum
425 1061 541 1133 signato.
553 1060 593 1115 Eu
604 1074 719 1129 qnomm
731 1056 846 1126 tutetallis
855 1071 948 1127 quam-

149 1156 190 1210 uis
208 1162 306 1224 postea
325 1153 396 1209 lacta
412 1153 507 1208 inisset
517 1152 645 1222 pecunia,
662 1163 760 1205 nomen
776 1156 866 1203 tanuen
879 1162 947 1202 aera-

149 1244 183 1300 rii
207 1244 361 1314 permansit
381 1243 463 1299 abeo
485 1242 594 1298 metallo
616 1241 688 1295 tunde
706 1238 821 1310 pecnnia
841 1237 947 1292 initium
1000 1288 1006 1301 ,

150 1335 276 1405 sumpsit.
286 1334 442 1389 Aumatium
458 1333 598 1398 bonusest,
615 1330 661 1386 uhi
673 1343 897 1402 qtrarumcnnque
907 1343 949 1381 ar·

152 1427 217 1480 ιιιιιιι
233 1427 417 1481 iustrumenta
432 1433 593 1498 ponuntur:
608 1421 849 1478 armamentarium
866 1435 946 1485 tem,

151 1514 196 1571 nbi
208 1523 315 1571 tautum
330 1515 382 1572 tela
393 1530 542 1572 armumm.
557 1513 633 1570 Unde
642 1512 781 1569 Jrrucnaiis
794 1526 801 1567 ε
814 1511 948 1583 Quidquid

152 1606 247 1661 labent
259 1606 371 1661 telorum
385 1606 591 1661 armamentaria
601 1604 658 1660 coeli
669 1619 678 1656 .·
691 1605 762 1660 dicta
774 1613 865 1658 autem
877 1610 949 1657 utta·
1018 1650 1024 1662 ,

151 1694 950 1766 qutcabarmis,idest,brachiisquihuseserceutur.Biblio·

154 1785 232 1840 theca
246 1795 290 1842 est
311 1787 398 1852 iocus,
419 1789 465 1841 ubi
480 1795 650 1857 reponuntur
673 1786 746 1842 libri.
769 1785 861 1842 Biblos
875 1786 948 1841 euim

153 1891 241 1949 grace
254 1877 334 1944 liber,
352 1878 430 1933 thece
445 1878 636 1949 repositorium
653 1878 762 1933 dicitur.
781 1876 926 1933 hellarium
939 1918 947 1944 ,

153 1968 226 2036 quod
240 1967 268 2022 in
290 1983 323 2023 eo
346 1967 508 2039 colligantur
536 1969 687 2025 ministeria
716 1984 882 2035 mensarum,
907 1968 950 2024 rel

153 2071 215 2126 qne
236 2058 391 2114 necessaria
415 2060 500 2115 victui
523 2069 678 2131 supersunt.
706 2061 779 2115 luter
794 2068 951 2132 promptua-

153 2148 225 2203 rium
247 2159 338 2205 autem
360 2159 388 2205 et
402 2151 542 2207 cellarium
565 2153 617 2208 hoc
636 2152 760 2217 interest,
781 2151 854 2220 quod
868 2151 950 2206 cella-

154 2238 225 2293 rium
250 2248 292 2296 est
316 2255 464 2310 paucorum
493 2242 615 2305 dicrum,
641 2243 857 2314 promptuarium
886 2259 951 2300 uero

156 2330 287 2400 tertrporis
301 2329 384 2403 longi.
400 2331 620 2403 Promptnarium
633 2332 747 2399 dictum,
763 2347 796 2386 eo
808 2333 880 2403 quoti
890 2333 952 2388 iride

155 2420 310 2476 successaria
335 2422 417 2477 vicuti
433 2429 607 2493 promuntur,
630 2423 684 2478 hoc
699 2432 751 2489 est,
765 2422 950 2494 proferuntur.

155 2508 345 2580 Promptuaria
369 2512 513 2582 aliquando
528 2515 555 2569 in
571 2515 670 2569 malam
689 2524 794 2585 partem
812 2514 951 2586 accipiun-

156 2608 213 2667 tur,
226 2610 257 2655 ιιι
270 2609 313 2656 cst
326 2600 391 2657 illud
405 2621 412 2656 :
425 2600 612 2674 Promptuuriu
628 2619 719 2657 eornm
729 2602 817 2674 pietro,
830 2612 953 2659 eructan-

155 2692 194 2745 tia
206 2708 240 2747 ea
260 2693 309 2747 lroc
322 2694 351 2748 in
368 2694 435 2748 illud
446 2692 532 2765 (Paul.
548 2695 655 2768 cautu).
670 2695 871 2766 Prcmptuaria,
892 2713 953 2767 qnae

156 2781 266 2838 cellaria
278 2782 376 2854 uulgus
397 2784 524 2854 appellat,
546 2785 736 2843 hereticorum
749 2787 831 2843 cerda
847 2788 953 2860 signill-

157 2881 231 2937 caut.
248 2873 293 2928 ubl
307 2873 475 2930 diversarum
491 2891 582 2932 rernm
593 2877 698 2948 species
717 2878 858 2949 epulaeque
870 2880 953 2951 depo-

157 2962 217 3016 sitae
228 2970 302 3018 sunt.
317 2963 369 3019 ista
384 2973 516 3035 quantum
528 2967 638 3037 copiose
652 2968 749 3024 farcita
761 2978 835 3036 sunt,
847 2980 952 3026 tanturn

156 3054 279 3113 diuersas
303 3058 487 3116 eructationes
517 3060 643 3131 pessime
666 3063 848 3122 exhalationis
873 3067 953 3123 enrit-

157 3154 225 3201 tuut.
242 3147 318 3216 Quos
330 3150 354 3204 si
378 3151 540 3207 auctoritate
552 3154 710 3220 corruimus,
734 3157 769 3212 ad
790 3156 953 3227 iuterpreta-

157 3237 261 3293 tionum
285 3241 421 3311 nuqtritias
437 3242 637 3298 transferuntur
657 3262 664 3298 :
684 3260 746 3301 cum
768 3246 831 3302 inde
845 3264 954 3321 (qunque

157 3326 259 3383 inerint
270 3328 386 3385 homino
396 3331 508 3402 iuuante
520 3334 651 3404 superati,
667 3335 701 3391 ud
723 3336 907 3406 sophistarum
926 3356 956 3397 sc

158 3420 294 3474 versutias
306 3421 511 3493 calumniasque
520 3434 694 3493 conuertunt,
706 3427 778 3498 uagi,
792 3427 932 3487 instabiles
945 3449 952 3488 ε

157 3508 220 3577 quia
233 3510 355 3564 radicem
372 3522 510 3582 nequeunt
524 3505 626 3571 babere
639 3517 771 3573 ueritatis.
785 3517 863 3576 Unde
877 3537 956 3593 aspe-

157 3600 195 3654 ris
208 3600 342 3656 odoribus
355 3614 512 3674 comparata
529 3614 603 3672 sunt,
619 3623 681 3677 qnae
692 3609 857 3678 simplicium
872 3614 955 3669 corda

158 3693 243 3751 letido
263 3712 392 3753 sermone
415 3699 563 3772 decipiunt.
579 3701 717 3773 Apotheca
731 3713 821 3761 antem
837 3706 880 3762 rel
892 3708 956 3763 hor-

158 3800 203 3841 rea
216 3802 232 3840 a
245 3802 335 3858 graeco
347 3790 428 3845 uerbo
444 3792 605 3860 repositoria
630 3793 672 3849 uel
694 3796 878 3853 reconditoria
901 3799 955 3856 dici

158 3885 285 3946 possunt,
302 3894 336 3934 eo
349 3880 421 3951 qutud
448 3881 475 3936 in
497 3882 540 3938 bis
561 3884 684 3941 homines
699 3886 852 3945 elaboratas
865 3889 956 3962 iunges

159 3979 304 4038 reportant.
314 3969 425 4027 Urrdeet
434 3972 578 4029 erroeclram
586 3990 674 4046 graeco
686 3979 794 4033 nominc
808 3980 954 4051 repositam

159 4060 200 4115 rei
216 4061 357 4132 copiosam
374 4064 553 4120 substantiam
569 4067 738 4138 appellamus

335 4232 338 4239 .
439 4179 554 4237 CAPUT
579 4180 662 4241 XXV.

473 4271 511 4328 Dc
524 4275 643 4346 officinis.

997 556 1126 615 Clibanus
1141 557 1182 630 (ut
1197 556 1326 627 diximus)
1348 556 1499 614 combustio
1512 556 1678 627 sempiterna
1693 555 1793 611 inteili-

997 650 1090 722 gitur,
1116 657 1147 704 ut
1165 650 1194 705 iu
1219 649 1366 719 Evangelio
1398 667 1406 702 r
1430 645 1459 704 St
1490 650 1560 703 cuitu
1583 648 1694 718 leuem,
1720 649 1792 719 qnod

996 740 1074 795 laodic
1098 741 1126 795 itt
1145 755 1210 810 apro
1240 748 1290 805 est,
1314 748 1338 791 et
1365 753 1425 793 crus
1451 738 1479 792 iu
1510 736 1645 793 clibanum
1679 737 1794 793 mittimur

997 831 1106 905 (llatth.
1122 830 1171 903 m).
1184 830 1261 887 Unde
1275 830 1398 886 elibanus
1411 828 1550 885 tribulatio
1563 831 1625 884 uitae
1638 829 1792 899 praesentis,

998 923 1069 979 utin
1093 919 1233 977 Ieremia:
1252 918 1333 976 Prtttr
1350 930 1453 987 nostre,
1475 920 1529 976 hoc
1551 928 1604 986 esl,
1617 934 1694 984 earo,
1716 922 1793 991 qttnsi

997 1014 1127 1080 elibanus,
1139 1021 1282 1069 exsaturat
1296 1030 1312 1066 a
1326 1012 1394 1082 {acie
1403 1021 1583 1083 terupestcttttut
1595 1011 1791 1084 [amittitur.

997 1107 1036 1176 ul.
1051 1104 1180 1161 Clibanus
1193 1112 1236 1159 est
1257 1104 1406 1174 coquendis
1418 1104 1533 1175 panibus
1546 1105 1613 1160 aenei
1626 1104 1728 1160 vasculi
1746 1105 1792 1159 de·

998 1196 1080 1251 ducta
1096 1195 1258 1262 rotunditas,
1280 1211 1340 1265 qum
1361 1195 1555 1250 sultnrentibus
1577 1194 1695 1251 hortantis
1715 1195 1794 1250 arulet

999 1287 1173 1343 intrinsecus.
1197 1286 1293 1357 iuqna
1317 1286 1492 1342 similitudine
1519 1286 1616 1342 merito
1636 1295 1793 1356 peccatores

998 1385 1146 1450 ponuntur,
1169 1378 1215 1447 qui
1230 1378 1258 1431 in
1270 1376 1362 1432 lutum
1380 1377 1483 1448 jndicio
1498 1386 1525 1432 et
1539 1391 1657 1434 utoetnre
1667 1377 1751 1432 aniani
1766 1386 1794 1434 et

1000 1468 1310 1539 poenalietetnciutioue
1321 1468 1464 1538 torquendi
1472 1476 1545 1533 sunl,
1555 1468 1704 1538 quiconlra
1716 1484 1793 1537 regu-

1001 1562 1042 1617 las
1054 1561 1161 1616 Domini
1176 1559 1312 1615 obstinata
1329 1568 1420 1615 mente
1433 1560 1569 1615 riserunt.
1584 1560 1622 1615 De
1633 1560 1732 1630 quihus
1750 1561 1793 1616 ιιι-

1000 1660 1073 1705 rttnr
1086 1649 1114 1704 in
1125 1648 1231 1706 Psalmo
1245 1667 1251 1704 :
1268 1648 1355 1705 Pouet
1367 1666 1411 1705 eos
1424 1660 1452 1704 ut
1465 1649 1598 1705 eiibuttuut
1611 1651 1678 1721 ipra-'s
1690 1651 1718 1707 iu
1727 1662 1796 1707 teut-

999 1755 1064 1810 pore
1078 1736 1164 1794 attilus
1176 1740 1215 1793 luti
1228 1737 1317 1813 (luat.
1342 1740 1399 1811 xx).
1417 1740 1512 1797 liulttts
1529 1754 1594 1797 teto
1606 1739 1712 1796 Domini
1737 1741 1796 1797 thies

964 1833 985 1892 [ι
999 1838 1042 1885 est
1049 1828 1157 1899 judicii,
1171 1830 1280 1900 quando
1296 1829 1369 1886 lulius
1379 1830 1496 1887 hominis
1508 1831 1644 1888 uirlcbitnr
1656 1833 1691 1888 ab
1705 1834 1795 1890 botrui-

1000 1921 1091 1987 nibns,
1104 1922 1151 1977 sed
1164 1922 1214 1977 soli
1229 1937 1292 1978 enm
1307 1920 1375 1992 justi
1389 1923 1471 1978 ctiam
1484 1924 1635 1980 diuinitatis
1661 1940 1718 1981 susc
1729 1941 1796 1982 con·

1002 2011 1177 2081 templatiunc
1200 2013 1358 2083 respiciunt.
1383 2013 1516 2070 Torcuiar
1530 2015 1633 2073 dictum
1653 2031 1697 2079 eo,
1722 2018 1795 2088 tqttod

1001 2101 1038 2157 ibi
1055 2117 1113 2158 uvae
1124 2102 1275 2170 calcentur,
1290 2112 1484 2175 atqneettorttc
1497 2107 1693 2177 exprimantur.
1710 2106 1796 2161 For-us

1001 2204 1043 2250 est
1056 2193 1133 2250 lucus
1146 2195 1193 2251 nbi
1209 2209 1260 2250 uta
1275 2195 1408 2261 calcatur,
1423 2196 1524 2261 dictus,
1539 2197 1611 2264 qnod
1633 2195 1669 2251 ihi
1692 2194 1796 2252 letantur

1002 2302 1065 2353 uua,
1080 2286 1122 2341 rel
1136 2287 1332 2358 propterquod
1354 2287 1389 2343 ibi
1405 2286 1519 2359 pedibus
1532 2286 1664 2343 feriatur:
1679 2288 1750 2344 ttrrdc
1768 2298 1797 2345 et

1001 2380 1180 2436 calcatorium
1193 2380 1312 2437 dicitur:
1327 2379 1374 2437 scd
1396 2380 1448 2437 ltoe
1466 2395 1563 2437 nomen
1585 2380 1669 2437 multa
1693 2381 1796 2451 signid-

1002 2481 1058 2528 cat.
1074 2471 1205 2528 torcular
1217 2473 1302 2529 altare
1313 2471 1348 2527 ab
1358 2488 1402 2539 co,
1416 2472 1488 2543 quod
1502 2472 1539 2527 ibi
1553 2470 1704 2528 oblationes
1714 2482 1797 2542 atquc

1002 2564 1108 2622 linctus
1121 2565 1308 2632 conserantur,
1323 2575 1353 2621 ιιι
1367 2567 1394 2621 ιιι
1408 2566 1516 2622 cantico
1532 2565 1608 2621 isaiae
1630 2584 1638 2620 ι
1659 2563 1691 2619 ιι
1706 2576 1795 2619 tur-rn-

1002 2651 1045 2707 lor
1058 2655 1115 2725 lodi
1129 2656 1157 2710 ιιι
1177 2672 1209 2711 en
1227 2654 1295 2729 (isa.
1311 2654 1350 2725 t).
1365 2653 1431 2711 ltcuu
1452 2655 1583 2720 torculur,
1600 2653 1690 2709 lutum
1713 2654 1799 2708 tribu·

1002 2747 1080 2815 latio,
1095 2757 1125 2805 ιιι
1143 2750 1172 2805 iu
1189 2749 1351 2820 Apocalypsi
1375 2767 1382 2804 ι
1408 2747 1441 2803 Et
1471 2749 1527 2819 ipae
1548 2746 1664 2805 sulcauit
1678 2746 1798 2801 torculur

1003 2841 1057 2897 uiui
1072 2843 1120 2897 irre
1131 2842 1230 2911 [aroris
1244 2840 1350 2897 Domini
1365 2840 1459 2912 (Apus.
1475 2840 1547 2909 arth
1558 2839 1652 2909 itaque
1667 2837 1796 2899 ttrruubr,

1003 2932 1075 3003 quud
1086 2931 1165 3001 justa
1185 2931 1333 3002 Scriptura
1355 2939 1457 2986 sanetae
1474 2928 1698 2985 turratennlmenr
1716 2928 1799 2985 buter-

1004 3024 1069 3079 dum
1084 3038 1133 3093 pro
1154 3023 1351 3092 tuitionemque
1372 3020 1512 3092 suppliciis
1536 3020 1647 3092 partitur
1670 3028 1798 3090 peceatu-

1004 3131 1075 3182 rum,
1087 3116 1222 3171 intertium
1237 3114 1484 3186 incongregatione
1496 3127 1626 3170 nouorum
1642 3112 1798 3168 fructuum:

966 3187 1055 3279 Cpro
1075 3207 1165 3279 poeuis
1187 3208 1298 3278 ponitur
1320 3216 1403 3277 atque
1417 3207 1571 3271 tormentis,
1596 3206 1704 3276 quando
1724 3202 1800 3261 iere·

1005 3300 1076 3356 mins
1096 3299 1124 3355 in
1147 3298 1389 3355 lamentationibus
1411 3298 1543 3370 plangens
1560 3299 1731 3355 eversionem
1751 3296 1798 3352 ic-

1005 3390 1123 3448 rnsalem
1143 3390 1263 3461 loquitur
1286 3408 1292 3443 :
1315 3389 1446 3444 iurentur
1460 3388 1570 3444 celerauit
1592 3388 1722 3444 lloraiuttt
1746 3389 1799 3444 eir·

1004 3481 1059 3553 plui
1069 3479 1134 3550 filice
1145 3479 1226 3535 tutu
1238 3493 1249 3531 .·
1263 3480 1322 3534 ideo
1333 3495 1380 3549 ego
1391 3477 1467 3549 ploro
1480 3477 1591 3551 (ibren.
1608 3476 1639 3550 t).
1656 3478 1686 3534 ln
1699 3478 1798 3535 bonam

1004 3578 1110 3639 partem
1131 3570 1288 3627 scribuntur
1304 3567 1400 3640 psalmi
1413 3584 1461 3639 pro
1477 3567 1665 3634 torcularibus,
1686 3578 1800 3624 octavus

1004 3661 1226 3731 eloctogesimus
1238 3662 1334 3717 tertius
1350 3661 1473 3733 :legitur
1492 3661 1565 3717 enirn
1589 3661 1616 3715 in
1632 3660 1712 3716 titulo
1726 3668 1801 3717 octo

1004 3759 1101 3832 gesimi
1114 3757 1210 3830 psalmi
1232 3757 1270 3812 ita
1288 3772 1295 3812 ε
1310 3756 1344 3811 iu
1367 3756 1420 3826 due
1432 3773 1480 3829 pro
1501 3754 1678 3812 torcularibus
1699 3754 1798 3826 Arupl.

1006 3850 1099 3916 Quinti
1110 3848 1213 3905 sublati
1223 3859 1266 3906 est
1275 3849 1371 3919 quinta
1385 3849 1443 3905 dies
1456 3863 1473 3903 a
1488 3848 1611 3913 sabbato,
1625 3863 1687 3919 quar
1705 3864 1721 3902 u
1736 3862 1801 3918 gen·

1005 3942 1078 3997 tibus
1090 3939 1243 4006 disolutis,
1257 3955 1273 3995 a
1286 3939 1364 3996 uobis
1377 3938 1471 4008 unrrtu
1487 3938 1555 3994 scria
1567 3947 1693 4004 uocatur,
1706 3939 1735 3994 in
1746 3953 1799 4008 qua

1005 4031 1077 4087 disit
1090 4031 1180 4086 neus:
1197 4028 1351 4084 Producant
1365 4044 1441 4099 uque
1452 4026 1556 4098 reptilia
1567 4028 1719 4082 nuiutnrtutt
1731 4028 1802 4082 nira-

1007 4138 1078 4186 rrtut,
1092 4130 1115 4177 et
1126 4119 1244 4175 uolutiiie
1257 4119 1306 4175 sub
1316 4119 1482 4187 firutaureuto
1494 4117 1552 4172 celi
1567 4130 1577 4169 .·
1591 4118 1704 4189 mystice
1714 4117 1799 4188 sigui-

1008 4210 1104 4279 heaus,
1129 4210 1243 4266 diuersa
1256 4208 1364 4264 uirtutis
1382 4208 1456 4263 uiros
1477 4223 1511 4263 ex
1533 4207 1612 4278 aquis
1631 4206 1802 4277 baptismatis

1007 4318 1069 4360 esse
1083 4303 1245 4359 nascitums.
1259 4299 1343 4357 Tituli
1353 4314 1419 4371 ergo
1439 4298 1520 4370 hujus
1539 4299 1656 4356 intemio
1670 4298 1732 4354 talis
1746 4306 1798 4363 est,

196 4385 381 4457 Ergasterium
408 4387 485 4444 loeus
509 4396 562 4457 est,
591 4390 637 4446 ubi
662 4405 733 4463 opus
759 4389 870 4463 aliquod
893 4392 952 4449 lit:
1008 4403 1048 4460 ut,
1068 4392 1198 4462 induem,
1217 4390 1497 4463 desigactbouuinnm
1513 4390 1731 4461 Cluristumapro
1746 4400 1801 4445 tor·

161 4492 248 4550 graeco
261 4478 364 4535 etenim
378 4494 504 4536 sermone
515 4495 579 4553 erga
592 4496 691 4552 opera,
704 4481 807 4538 sterion
819 4485 919 4550 statio,¹
928 4483 955 4540 id
968 4533 995 4594 D
1008 4485 1153 4550 sularibus,
1173 4482 1317 4539 ecclesiam
1332 4481 1568 4552 persecutionibus
1587 4482 1773 4538 examinatam
1791 4500 1799 4537 :

161 4578 215 4634 est.
227 4570 347 4642 operarii
361 4588 368 4624 :
386 4570 521 4641 ergastula
535 4586 642 4642 quoque
663 4581 693 4628 et
709 4572 768 4642 ipsa
781 4586 898 4642 agrmeo
908 4589 955 4630 uo
1009 4575 1110 4648 drupb,
1120 4572 1359 4646 congregationem
1373 4572 1484 4644 :quinto
1495 4572 1610 4639 sublati,
1624 4571 1800 4644 baptismum.

161 4660 260 4717 cabulo
276 4669 479 4731 nuncupantur,
500 4662 546 4718 nbi
565 4662 730 4731 deputantur
749 4664 824 4719 noxii
848 4663 883 4720 ad
905 4664 956 4721 ali·
1009 4666 1087 4724 binde
1097 4666 1233 4737 colligitur
1243 4663 1376 4736 psalmum
1395 4665 1422 4719 iu
1437 4663 1560 4721 Ecclesia
1584 4665 1691 4721 beurim
1705 4664 1739 4721 de
1762 4680 1805 4720 re-

162 4752 233 4822 qnod
245 4743 316 4822 opu'r
329 4752 494 4817 laciendum,
508 4761 539 4807 ut
551 4752 639 4808 solem
651 4752 815 4824 gladiatores
828 4764 857 4811 et
869 4770 955 4812 exsu-
1009 4769 1140 4833 generata
1160 4758 1370 4830 congregatione
1383 4771 1444 4814 esse
1463 4756 1630 4816 locuturum.
1652 4757 1710 4813 lloc
1728 4757 1802 4812 enim

162 4841 212 4909 ¹⁶⁸·
227 4844 275 4916 qui
289 4859 427 4900 “mmm
451 4852 555 4907 gild¹¹¹·
569 4850 597 4899 ⁸²
612 4851 702 4899 ΨΜ
720 4844 889 4901 ιῑῐιῡιιῑθιιιῐῐι
910 4861 957 4903 ιιι·
1009 4855 1101 4925 hsaph
1116 4853 1150 4908 ad
1163 4853 1306 4908 historiam
1316 4851 1428 4922 quidem
1439 4850 1579 4922 loquitur:
1593 4851 1640 4907 sed
1652 4848 1749 4905 melius
1759 4847 1803 4905 in.-

163 4934 258 4990 suurn
270 4933 460 5005 auratarum.
478 4932 647 4990 ueneratur
667 4932 853 5008 [Graecum]
869 4952 957 5007 crece
1011 4940 1325 5014 utttgtrursptrtruntrer
1339 4956 1355 4996 a
1370 4941 1470 5012 popum
1483 4941 1649 4998 culusitano.
1662 4938 1752 4994 nnus
1763 4937 1803 4995 tu-

163 5026 264 5082 ῑΓΙΰῑιΙῐΰ
275 5041 321 5093 θοι
335 5029 406 5096 (ιῦού
419 5026 455 5081 ibi
464 5032 614 5081 convenius
624 5025 784 5082 feminarum
797 5028 831 5083 ad
841 5042 909 5098 opus
919 5028 959 5084 in·
1009 5035 1118 5090 brutum
1131 5033 1278 5104 siguificat,
1295 5041 1326 5089 nt
1343 5033 1371 5089 in
1393 5030 1701 5105 psalteriothuerrurt
1716 5046 1756 5084 ma
1774 5029 1802 5084 itt

164 5117 594 5181 nideiicxereendnmconreniat‚
604 5115 778 5174 muliereuim
792 5133 959 5192 graecegyue
1008 5122 1069 5179 lucu
1084 5123 1215 5193 inferiori,
1233 5131 1261 5179 et
1275 5124 1340 5180 alibi
1355 5141 1362 5179 a
1378 5123 1548 5180 Dedueerttut
1561 5125 1589 5177 in
1602 5123 1690 5176 turcam
1712 5121 1802 5177 utentis

164 5215 347 5279 rrtrncupalur.
362 5204 524 5272 Pistriuum,
536 5207 614 5277 qnasi
627 5206 790 5276 pilistrinum
806 5226 813 5262 ι
828 5208 893 5278 qnia
903 5210 958 5279 pilo
1009 5216 1088 5269 ultum
1102 5230 1187 5269 ureuut
1200 5210 1288 5288 (Puni.
1305 5212 1439 5288 cxxxru).

164 5309 243 5357 autea
260 5299 409 5356 tundebant
421 5314 547 5371 granum.
568 5295 645 5353 Unde
658 5306 686 5352 et
699 5299 770 5369 apud
782 5307 889 5356 veteres
903 5316 958 5356 non
1297 5325 1412 5382 (ΛΡΜ
1430 5325 1525 5381 fflq

164 5389 314 5457 molitores,
330 5390 379 5447 scd
392 5390 510 5461 pistores
532 5390 596 5446 dicti
611 5406 618 5444 :
632 5390 709 5461 qnasi
724 5389 848 5459 pinsores
867 5392 958 5461 apin·
1280 5395 1319 5451 De
1338 5397 1536 5451 munitionibus

164 5481 372 5552 sudisgranis.
398 5478 475 5536 binim
496 5481 569 5535 enim
586 5495 651 5537 usus
676 5480 795 5536 nondum
815 5490 887 5548 erat,
909 5482 958 5539 aeti
1046 5487 1178 5543 liutritnm
1197 5485 1241 5543 ret
1254 5488 1450 5542 munimentum
1462 5486 1581 5550 dictum,
1596 5487 1658 5555 quia
1671 5503 1752 5542 tttantt
1762 5502 1806 5546 est

162 5592 279 5647 granum
298 5575 354 5647 pilo
375 5575 527 5647 pinsebant.
550 5574 627 5631 Unde
648 5584 676 5632 et
693 5574 823 5647 Virgilius
843 5590 852 5630 a
877 5576 957 5632 Nuus
1009 5584 1120 5634 lactum.
1135 5576 1241 5633 Cohors
1254 5575 1321 5649 [Al.,
1333 5573 1406 5648 cors]
1418 5584 1530 5641 recma,
1546 5576 1587 5632 uel
1598 5576 1669 5646 quod
1682 5585 1805 5634 coarctet

164 5679 259 5723 torrete
282 5668 337 5739 igni
357 5669 463 5740 fragm,
485 5684 555 5724 nuuc
576 5667 689 5739 {ruuqite
713 5685 789 5724 arao.
812 5668 955 5739 Clibanus,
1007 5679 1105 5727 ctrttcta
1125 5685 1186 5740 quac
1199 5669 1394 5734 interiussttnt,
1407 5668 1665 5736 idest‚concludat;
1679 5670 1805 5740 ueltqtrod

165 5759 192 5814 id
208 5771 260 5825 est.
283 5761 390 5828 tumus,
405 5775 454 5832 per
473 5759 669 5817 derivationem
692 5776 708 5817 a
728 5760 800 5819 larue
823 5762 901 5819 aiunt
915 5762 956 5820 di·
1008 5770 1133 5819 coerceat
1152 5760 1260 5832 olujectu
1277 5776 1330 5818 suo
1346 5768 1491 5817 extraneos
1512 5770 1540 5819 et
1559 5761 1635 5818 adire
1651 5761 1806 5832 prohibeat.
