4042 6200
191 374 244 432 235
314 406 316 409 ·
693 372 738 428 DE
758 370 936 428 uuttuuso
954 370 1044 427 ttutu
1065 371 1149 427 utu.
1168 402 1203 414 --
1221 371 1287 428 utu.
1307 372 1353 428 li.
1779 378 1831 430 ‘tit

187 490 246 544 ioco
258 486 328 541 situs
353 478 490 540 ricttuctis
503 483 596 539 muudi
618 483 742 555 partibus
757 498 926 554 nequaquam
940 497 986 537 ca·
999 493 1024 544 A
1038 479 1072 534 ad
1085 480 1146 535 cccli
1162 479 1257 536 facicm
1280 479 1422 548 prodeunt,
1438 488 1466 534 ct
1478 496 1540 535 eum
1560 480 1664 549 suljam
1678 481 1778 540 caloris
1791 485 1833 540 sui

186 594 267 634 sttrus
279 576 435 632 inclinatur.
450 574 519 643 Quid
530 574 602 630 enim
614 574 747 631 micantea
758 574 880 629 Pleiades
891 590 950 644 quae
959 582 987 628 et
1036 572 1108 626 vires
1118 571 1217 636 exerit,
1229 571 1421 627 extenduntur.
1435 570 1685 643 llliusqttippusigui
1693 572 1765 633 titiis
1775 573 1833 648 [re

186 676 290 738 septem
313 664 386 721 aliud
400 680 482 735 quam
497 671 606 720 sanctos
631 678 726 720 omues
749 664 924 727 denuntiant,
940 665 986 732 utri
1037 661 1832 735 stigits]intrarem,quodsaptentessatcutttaurumrocaut,

186 757 259 814 iuter
279 757 424 829 praesentis
446 756 510 811 ritae
535 756 661 811 tenebras
683 756 801 827 Spiritus
820 755 987 826 septiformis
1037 772 1070 811 cr
1084 772 1138 828 qun
1159 756 1251 827 augeri
1274 756 1314 811 sol
1331 756 1436 828 incipit,
1451 765 1533 826 atque
1549 755 1582 810 ad
1594 756 1764 813 extendenda
1779 755 1833 814 diei

187 848 457 921 gratianosiumine
468 845 697 916 illustrantiquia
712 847 746 901 ab
756 845 815 916 ipsa
827 846 919 900 mundi
932 846 988 900 uri·
1037 850 1123 919 spatia
1146 849 1294 905 feruentior
1316 850 1447 919 exsurgit.
1474 849 1526 917 Qui
1549 850 1642 921 itaque
1667 858 1730 921 pust
1750 850 1833 908 Orion

188 942 346 1010 sitiensque
359 939 394 994 ad
406 938 466 1008 eius
480 938 627 994 terminum
647 937 762 993 dirersis
774 939 939 1007 temporibus
953 940 988 992 ad
1038 940 1159 1011 Hyadum
1180 941 1300 1006 nominc,
1319 941 1371 995 uisi
1385 941 1510 997 doctores
1528 950 1628 997 macta
1645 941 1772 998 Ecclesiae
1785 941 1834 996 dc·

187 1032 404 1105 pmplrctaodnm
427 1032 525 1097 missi,
546 1031 624 1102 jutta
647 1032 749 1101 aliquid
774 1033 825 1086 silai
849 1031 986 1100 cuttjumui
1037 1032 1196 1104 signantur?
1210 1033 1255 1103 qui
1269 1033 1408 1089 subductis
1422 1035 1588 1108 martyribus
1600 1051 1633 1090 eu
1642 1033 1698 1104 jam
1713 1045 1836 1105 tempore

187 1132 260 1189 snut,
276 1130 305 1177 et
317 1122 395 1190 juxta
419 1122 522 1194 aliquid
549 1137 601 1176 uno
627 1122 776 1193 conjuncti.
802 1122 893 1178 Stellae
915 1124 987 1177 cuim
1037 1125 1069 1175 ad
1084 1122 1176 1177 muudi
1189 1124 1313 1179 notitiam
1326 1133 1470 1192 venerunt,
1484 1143 1538 1197 quo
1556 1127 1622 1182 ides
1633 1127 1733 1184 elarius
1746 1126 1837 1183 elucet

187 1219 311 1275 Pleiades
325 1217 407 1290 (sicot
417 1231 501 1287 snpra
514 1217 616 1273 dictum
627 1215 680 1289 est)
696 1216 723 1271 itt
735 1216 846 1271 ciuitate
857 1216 908 1270 sibi
921 1232 985 1269 cou-
1037 1221 1074 1278 et,
1087 1228 1211 1283 repressa
1228 1214 1502 1277 inuuettuttsuteme.
1514 1218 1595 1274 altius
1605 1219 1752 1288 praecordia
1768 1220 1836 1275 bde-

185 1310 287 1380 junctae
310 1317 392 1374 suat,
413 1317 486 1363 utctu
511 1307 674 1378 disjuncta:
701 1306 781 1362 simul
806 1306 913 1375 quidum
930 1306 988 1360 sitan
1037 1303 1103 1358 liutu
1127 1303 1168 1359 sol
1190 1305 1312 1360 veritatis
1326 1305 1397 1361 calet
1411 1299 1571 1380 iealelaeiti.
1588 1309 1634 1378 qui
1650 1316 1753 1365 remota
1766 1317 1835 1365 tcut-

188 1410 262 1466 suut,
277 1408 306 1457 et
323 1410 412 1456 tamen
429 1400 498 1455 lucis
510 1414 566 1454 sum
583 1399 729 1455 vicinitatis
739 1397 884 1471 [vicissim]
898 1398 988 1452 radios
1037 1404 1143 1466 pestate
1158 1399 1362 1467 persecutionis,
1378 1400 1492 1470 expletis
1504 1400 1591 1472 lortgis
1604 1401 1729 1458 noctibus
1743 1401 1835 1457 inlide-

189 1495 313 1551 imniurtt.
321 1494 359 1548 lta
367 1493 453 1548 salicti
462 1507 557 1549 omnes
568 1493 630 1548 aliis
640 1492 830 1563 atquealilsad
842 1491 989 1562 praelicat·
1037 1486 1132 1554 litatis,
1147 1497 1212 1544 tunc
1233 1498 1333 1546 sancte
1345 1491 1472 1548 Ecclesiae
1486 1492 1537 1548 orti
1553 1501 1626 1556 suut,
1652 1509 1712 1548 euttt
1736 1492 1761 1549 ei
1777 1494 1840 1565 jam

189 1585 253 1640 dunt
265 1583 433 1654 temporibus
448 1591 610 1654 apparentes
622 1600 628 1636 ι
641 1582 805 1652 ct'disjuueti
819 1591 881 1636 sunt
894 1578 988 1651 pcrti-
1037 1597 1087 1652 per
1098 1581 1270 1638 credulitatis
1295 1598 1407 1638 uernum
1434 1584 1549 1640 lucidior
1563 1601 1649 1640 atauus
1670 1587 1832 1657 aperiretur.

190 1675 294 1731 sionem
307 1690 363 1729 suat
379 1689 493 1744 uraguus
508 1672 638 1746 impensi,
648 1681 676 1728 et
686 1672 825 1742 conjuncti
838 1689 885 1742 per
899 1672 986 1727 inteu-
1038 1671 1094 1728 Nec
1105 1673 1241 1730 immerito
1255 1675 1341 1730 saneti
1358 1674 1483 1731 doctores
1493 1674 1615 1747 llyadom
1634 1678 1839 1748 ntmcupatiotto

190 1765 290 1821 tiotrertt
301 1764 411 1820 mentis.
425 1763 511 1819 Simul
526 1765 637 1830 micant,
650 1765 806 1836 quintinum
821 1764 984 1836 pncdtcant:
1039 1763 1190 1835 signantur.
1211 1763 1306 1821 Graeco
1322 1766 1421 1836 quippe
1437 1764 1544 1835 eloquin
1563 1765 1670 1838 Hyadas
1684 1768 1773 1838 pluuia
1789 1783 1835 1822 to-

188 1856 236 1910 scd
247 1871 300 1910 unu
313 1854 474 1924 semetipsos
484 1862 608 1923 tangunt,
623 1856 687 1926 qtria
697 1856 811 1912 diuersis
821 1855 986 1925 temporibus
1000 1838 1028 1898 Β
1037 1866 1129 1925 catur,
1140 1869 1169 1914 et
1184 1857 1292 1930 Hyades
1316 1874 1414 1914 nornen
1427 1873 1442 1912 a
1456 1857 1553 1929 pluviis
1574 1868 1744 1929 acceperuut,
1770 1860 1834 1930 qtria

189 1946 338 2016 patiuntur.
361 1944 449 2012 Qttam
470 1944 586 2000 abversis
603 1945 770 2016 temporibus
786 1945 864 2012 utet,
891 1945 983 2010 isaias
1036 1958 1103 2006 ottae
1113 1948 1295 2019 proculdubio
1308 1949 1408 2004 imbres
1421 1948 1521 2004 lerunt.
1543 1949 1690 2021 Betteergo
1710 1950 1834 2023 ilyadtuu

189 2046 217 2090 et
248 2035 366 2091 loannes
401 2037 602 2106 apparuerant!
628 2035 712 2092 Divisi
735 2035 843 2105 quidem
865 2043 987 2105 tempore
1036 2039 1216 2111 appellatione
1228 2040 1349 2109 expressi
1361 2048 1435 2103 suut,
1452 2040 1514 2110 quia
1529 2041 1563 2094 ad
1576 2051 1675 2095 statum
1693 2043 1833 2097 turitersa-

135 2169 139 2180 ,
190 2125 307 2191 inenutt,
327 2127 374 2182 sed
402 2143 456 2181 nun
476 2127 675 2197 erudientium.
699 2127 729 2181 itt
750 2127 865 2182 Arcturo
882 2135 984 2194 autem,
1035 2134 1070 2193 iis
1081 2130 1209 2186 Ecclesiae
1218 2130 1295 2200 rptasi
1307 2130 1333 2184 itt
1350 2130 1411 2185 ercli
1424 2129 1521 2185 facicm
1534 2130 1651 2196 deducti,
1664 2147 1745 2201 super
1759 2147 1836 2186 areu·

190 2218 235 2289 uui
250 2233 298 2289 per
310 2234 406 2290 gyrum
423 2234 501 2273 suum
518 2227 648 2274 nocturna
664 2220 752 2289 spatia
772 2235 824 2273 uou
839 2233 987 2276 occasurus
1038 2232 1092 2278 tem
1113 2229 1214 2277 terram
1236 2221 1346 2276 humaui
1363 2219 1482 2291 pectoris
1505 2227 1609 2275 sauctae
1634 2222 1835 2292 praedicationis

191 2309 318 2375 illustrat,
333 2325 505 2381 oeqttaqttant
518 2310 700 2380 particulatim
716 2309 787 2363 edita
800 2310 856 2365 vita
876 2319 986 2366 sancto·
1038 2313 1139 2369 imbres
1152 2311 1289 2367 fuderunt.
1315 2311 1385 2367 Cum
1397 2312 1469 2367 euim
1490 2311 1620 2367 dixisset:
1636 2311 1688 2378 Qui
1704 2313 1764 2382 [ecit
1781 2313 1838 2368 dra

193 2417 261 2465 rum,
274 2401 322 2457 scd
338 2410 394 2457 tuta
407 2402 488 2457 simui
502 2402 621 2458 Ecclesia
636 2403 804 2473 designatur,
820 2419 880 2473 «tuac
893 2401 988 2474 latiga-
1037 2414 1140 2460 amram
1159 2413 1183 2458 et
1197 2401 1296 2457 Oricon
1318 2412 1341 2457 et
1356 2401 1484 2473 ilpudes,
1508 2402 1633 2472 protinus
1649 2403 1752 2459 adelidis
1772 2418 1780 2458 :
1809 2412 1835 2458 et

192 2493 280 2549 tiones
300 2494 410 2564 quidem
423 2493 536 2565 patitur,
552 2505 603 2549 uec
623 2502 712 2549 tamen
728 2495 760 2547 ad
774 2494 907 2549 deiectum
927 2509 989 2566 pro-
1038 2497 1164 2552 interiora
1175 2495 1275 2550 Austri.
1288 2494 1359 2562 Quid
1370 2509 1487 2562 ttautuue
1498 2496 1551 2553 ltoc
1565 2496 1592 2550 in
1606 2494 1666 2551 loco
1675 2495 1766 2551 Austri
1784 2511 1834 2551 uo·

192 2585 243 2656 prii
263 2595 352 2640 status
367 2585 523 2641 inclinatur.
548 2585 650 2658 Gyrutn
671 2586 793 2640 labat-unt
810 2586 917 2651 tulerat,
940 2587 990 2641 sed
1038 2588 1123 2651 mine,
1137 2587 1191 2641 nisi
1207 2585 1299 2642 orror
1320 2587 1406 2642 sancti
1427 2585 1555 2656 Spiritus,
1578 2586 1754 2658 designaturl
1777 2587 1836 2654 Quo

192 2678 226 2732 ad
248 2690 376 2732 occasum
391 2692 453 2733 cum
480 2678 646 2749 temporibus
672 2694 727 2732 uon
745 2676 866 2733 festinat.
897 2678 990 2749 Nature
1039 2677 1103 2733 dunt
1118 2676 1363 2752 repletusqnisque
1383 2674 1475 2742 luerit,
1490 2677 1658 2733 adnuturetu
1672 2677 1836 2747 patriaspi·

191 2771 264 2823 euim
283 2769 317 2823 sd
332 2770 385 2824 ima
398 2768 453 2840 puli
471 2769 606 2825 Arcturus
627 2783 690 2824 cum
712 2777 846 2824 ttocturnu
870 2778 990 2841 tempure
1040 2767 1129 2823 ritalis
1143 2767 1267 2839 lprteseit.
1283 2767 1414 2823 interiora
1425 2781 1491 2839 crgo
1501 2766 1594 2822 Austri
1608 2776 1673 2823 suut
1685 2767 1784 2823 occulti
1797 2766 1837 2822 ilii

193 2859 321 2925 decitur,
346 2858 394 2915 sed
407 2860 472 2914 dum
498 2860 556 2930 ipse
571 2858 697 2924 uoluitur,
718 2875 770 2914 ttox
790 2858 901 2915 finitur:
926 2859 992 2930 spatia
1040 2850 1197 2932 augelorum
1223 2859 1343 2919 ordines.
1363 2866 1391 2913 et
1408 2859 1585 2915 sacratissimi
1608 2860 1702 2929 patria
1715 2859 1836 2915 coeiestis

194 2950 322 3005 ttituirum
346 2950 409 3004 dum
424 2959 517 3005 sancta
533 2949 653 3006 Ecclesia
667 2950 819 3006 innumeris
841 2950 991 3005 tribulatio·
1041 2949 1126 3016 tinus,
1139 2962 1208 3020 quus
1222 2948 1316 3017 implet
1326 2947 1401 3004 calor
1415 2949 1533 3018 Spiritus
1545 2950 1642 3005 sancti.
1658 2948 1723 3005 illuc
1735 2950 1838 3021 quippo

193 3041 272 3097 tribus
286 3041 427 3113 quatitur,
457 3041 599 3114 presentis
612 3042 674 3097 uitae
695 3042 792 3096 umbra
818 3041 991 3109 terminatur,
1041 3050 1199 3100 sanctorum
1213 3040 1311 3096 aalma
1330 3050 1360 3096 ct
1374 3057 1446 3096 nuuc
1455 3042 1614 3112 corporibus
1630 3051 1718 3099 exuta
1734 3049 1837 3114 etpost

194 3148 279 3202 saque
294 3141 383 3189 stante
402 3149 458 3189 nott
471 3134 612 3204 praetcrit3
629 3133 704 3203 qnia,
719 3132 765 3187 illa
778 3133 805 3188 iu
818 3149 868 3188 sna
887 3133 991 3189 incolu-
1042 3133 1201 3204 corporibus
1221 3133 1356 3189 restitutae
1369 3133 1545 3203 perveniunt,
1562 3142 1590 3191 ct
1607 3135 1686 3208 quasi
1698 3135 1725 3190 itt
1744 3135 1837 3191 urutrt

194 3227 288 3281 adtate
298 3228 471 3296 perdurante,
499 3226 650 3282 mortalitas
671 3225 752 3297 lutjus
769 3227 831 3282 uite
844 3227 989 3298 percurrit.
1004 3183 1027 3247 C
1043 3225 1143 3282 abditis
1155 3224 1336 3283 occultantur.

194 3317 286 3374 Potest
304 3334 372 3390 ergo
385 3334 434 3389 per
444 3318 600 3385 ductuum,
619 3319 696 3388 uluis
717 3317 804 3390 plagis
823 3317 930 3391 trigoris
943 3336 991 3375 ua·
1345 3315 1460 3373 CAPUT
1476 3315 1533 3373 XV.

195 3414 291 3478 scitur,
311 3413 369 3478 let;
384 3428 433 3483 per
445 3413 567 3469 Pleiades
588 3429 664 3479 uero,
679 3428 740 3482 utre
756 3414 792 3469 ab
807 3412 918 3471 Oriente
932 3429 992 3470 sur·
1345 3407 1383 3462 ”0
1401 3407 1533 3478 Ltssi'lffl’·

195 3512 270 3573 gunt,
289 3504 444 3559 testamenti
469 3504 530 3559 uoti
544 3503 632 3574 gratia
653 3504 800 3576 designari.
817 3503 899 3572 Quasi
918 3506 991 3561 euim
1077 3499 1262 3570 Luciiercrgo
1279 3497 1423 3569 aliquando
1434 3498 1461 3552 iu
1475 3499 1573 3552 bonam
1589 3497 1838 3570 partemsigniilca·

101 3625 108 3638 ·
196 3595 231 3649 ab
241 3594 376 3665 Aquilone
390 3593 433 3648 ies
446 3602 569 3660 uerterat,
586 3610 647 3665 quau
665 3602 738 3649 tauta
760 3594 884 3652 subditos
898 3595 992 3667 rigidi·
1043 3594 1144 3649 tionem
1164 3592 1258 3658 trabit,
1272 3591 1417 3663 aliquando
1430 3591 1457 3645 iu
1473 3592 1649 3647 contrariam.
1670 3589 1746 3646 Tunc
1764 3592 1839 3646 coint

196 3688 260 3741 tatis
274 3686 423 3756 asperitate
437 3686 566 3750 torrebat,
582 3686 646 3741 dunt
669 3701 718 3757 pro
732 3685 819 3756 culpis
844 3686 902 3741 suis
923 3685 992 3741 aiios
1043 3684 1183 3740 iubuuasn
1197 3690 1301 3754 partem
1314 3682 1767 3752 ponitur,qoandoautl)outiuttru
1782 3680 1839 3737 Sal-
1910 3670 1920 3690 '

197 3778 356 3848 preciperet
378 3778 512 3847 lapidibus
531 3777 619 3843 obrui,
638 3778 706 3834 alios
720 3778 800 3849 gladii
815 3789 903 3834 morte
920 3779 992 3832 mul·
1043 3782 1163 3831 vamreot
1178 3783 1226 3828 aut
1247 3775 1337 3828 iuutett
1356 3774 1648 3845 sapientiatsipuiileat.
1669 3773 1736 3829 Natu
1749 3773 1839 3828 botui-

199 3869 248 3923 tati
261 3886 268 3921 z
283 3868 408 3923 Pleiades
421 3883 497 3929 vcro,
509 3884 569 3939 quse
578 3869 643 3939 ipsc
652 3883 760 3939 utroque
772 3869 855 3942 (sieut
869 3869 993 3939 sttperius
1043 3884 1109 3923 num
1120 3867 1287 3923 Salvatorcm
1303 3867 1347 3922 ilia
1365 3868 1499 3922 sententia
1515 3866 1576 3922 liltri
1592 3863 1643 3920 inb
1654 3866 1774 3931 denum,
1784 3876 1837 3934 ‹pta

198 3961 325 4031 uixiruus)
339 3969 441 4029 septem
453 3958 529 4020 suut.¹
543 3960 699 4015 testanteuti
714 3960 776 4015 nori
789 3961 905 4030 gratiam
917 3967 993 4015 tauto
1044 3961 1143 4017 dicitur
1160 3978 1167 4014 :
1184 3959 1311 4027 Nrtnput'd
1321 3958 1447 4023 producis
1462 3956 1602 4027 inciserunt
1618 3957 1645 4009 in
1664 3965 1777 4026 tumore
1789 3973 1838 4010 tna

199 4052 320 4123 apertius
342 4052 475 4117 iudicant,
489 4058 592 4121 quauta
605 4048 696 4107 cun'cti
721 4050 823 4121 liquido
844 4050 992 4116 ceruimus,
1045 4051 1118 4124 (tob.
1131 4050 1265 4119 statuti?
1278 4049 1432 4105 Luciferum
1444 4064 1510 4119 ergo
1520 4062 1550 4103 sc
1564 4047 1688 4101 ttttristm
1706 4047 1834 4111 iuootuit,

199 4143 269 4214 quod
284 4157 334 4213 per
348 4141 412 4197 illud
433 4140 526 4197 tidcles
537 4156 601 4197 suos
612 4151 724 4197 satietas
737 4140 855 4212 Spiritus
867 4139 994 4211 septisor-
1044 4142 1107 4213 unia
1121 4140 1265 4196 diluculoa
1284 4148 1374 4194 tuorte·
1393 4140 1551 4201 resurrexit,
1572 4144 1600 4192 et
1617 4135 1721 4207 iubere
1742 4136 1783 4193 sui
1798 4136 1838 4192 lu·

201 4237 251 4293 ntis
285 4235 406 4290 muneris
441 4234 543 4290 iumine
574 4234 703 4290 illustrat.
732 4234 846 4303 Quaqua
876 4248 942 4305 ergo
964 4248 995 4289 sc
1045 4233 1127 4289 miuis
1150 4230 1322 4287 mortalitatis
1351 4238 1451 4284 nostrae
1478 4229 1621 4298 caliginem
1649 4228 1759 4298 pressit.
1788 4229 1837 4285 Cui

200 4330 333 4384 Arcturus
350 4327 441 4392 vortit,
455 4326 580 4382 Pleiades
590 4326 707 4382 ostendit
722 4342 729 4391 ;
745 4328 807 4396 quia
830 4340 881 4396 per
902 4341 993 4391 etune,
1044 4324 1117 4379 bene
1131 4339 1180 4394 per
1195 4320 1328 4377 loannem
1342 4321 1441 4376 dieitur
1457 4335 1465 4374 ε
1480 4319 1564 4374 Stella
1585 4318 1721 4390 splendida
1744 4328 1768 4373 et
1783 4336 1839 4372 mu-

201 4419 272 4488 quod
286 4417 490 4472 Testamentum
507 4417 590 4471 l’ctus
605 4416 734 4487 loqnitur,
746 4416 911 4471 Testamenti
926 4415 994 4472 Nori
1045 4418 1130 4471 tutius
1153 4415 1244 4487 (Apes.
1266 4414 1348 4487 sau).
1376 4413 1460 4469 Virus
1483 4415 1583 4484 quippe
1603 4413 1757 4484 apparendo
1779 4422 1841 4482 post

202 4525 284 4581 opera
295 4509 472 4566 nuntiantur:
484 4509 534 4564 sub
545 4516 619 4563 testu
632 4509 704 4563 cuitu
714 4507 811 4565 tituta
822 4508 922 4578 tegitttr
933 4523 994 4580 my·
1007 4537 1034 4598 D
1050 4517 1164 4563 nntrtem
1178 4508 1310 4562 tttatutiua
1325 4507 1403 4563 uobis
1419 4507 1494 4563 stella
1508 4507 1599 4563 lactus
1608 4516 1651 4563 cst
1665 4523 1673 4572 ;
1694 4507 1757 4579 quia
1773 4508 1837 4562 rlnut

202 4602 314 4657 sterium
327 4602 486 4673 propbetiat.
1048 4599 1075 4653 iu
1095 4597 1241 4668 semetipso
1263 4596 1416 4668 exemplum
1436 4597 1522 4653 uubis·
1539 4593 1747 4679 resurrectionis
1768 4612 1840 4667 prat·

469 4722 472 4729 ⁴
498 4686 614 4748 CAPUT
632 4690 701 4746 xli.
1047 4689 1116 4753 buit,
1138 4702 1199 4758 quat
1221 4686 1266 4741 lux
1283 4696 1413 4757 sequatur
1431 4685 1569 4762 ittdieauit.
1592 4685 1694 4743 Lucem
1718 4703 1783 4758 crgo
1797 4702 1840 4741 sa-

422 4785 461 4840 bt
474 4784 571 4840 Orione
585 4794 609 4839 et
628 4783 774 4855 liyudibtts.
1047 4780 1156 4848 plaudo
1169 4788 1198 4834 et
1215 4777 1279 4833 boui
1293 4777 1446 4833 intellectus
1461 4776 1504 4831 illa
1519 4777 1653 4833 sententia
1675 4777 1746 4832 beati
1766 4777 1840 4832 Patri

239 4880 278 4935 ile
291 4878 393 4935 Orione
406 4886 497 4933 tutem
511 4876 828 4948 etilyadibussitniiiter
838 4877 933 4931 beatus
947 4876 997 4931 tun
1048 4869 1177 4935 ustcttdit‚
1200 4866 1326 4939 quatit:
1347 4864 1482 4921 itidemst
1505 4866 1649 4935 &mutent
1662 4864 1840 4934 propheticum

206 4972 429 5045 significationem
440 4969 581 5041 mysticam
592 4968 736 5039 expressit,
750 4968 842 5023 diceus
853 4983 861 5021 t
874 4965 928 5032 Qut
936 4967 997 5037 [ecit
1048 4976 1205 5027 amorreus,
1228 4960 1271 5014 etti
1294 4959 1358 5013 leste
1374 4958 1463 5029 surdis
1483 4957 1666 5020 attendentes,
1676 4956 1759 5009 dones
1783 4956 1840 5012 dies

208 5060 346 5118 Arcturum
356 5072 380 5117 st
392 5060 536 5116 Orionaset
545 5057 651 5129 Hyades
663 5067 687 5111 et
701 5054 926 5111 interiorudastri
935 5056 996 5126 (lob
1049 5054 1162 5107 ittcescut
1175 5060 1200 5106 et
1214 5050 1321 5119 Lucifer
1329 5051 1432 5104 otiatur
1440 5050 1467 5102 in
1480 5048 1604 5102 cordibus
1611 5045 1751 5117 uestrislli
1765 5045 1837 5102 Prtr.

208 5157 255 5226 rt).
281 5153 398 5210 Odones
419 5151 519 5221 quiippe
542 5151 569 5204 io
588 5148 646 5218 ipsu
663 5147 782 5219 pondere
794 5146 922 5216 temporis
935 5145 996 5200 hie·
1050 5149 1081 5204 t).
1096 5140 1205 5196 Lucifer
1218 5140 1276 5210 ipse
1287 5137 1537 5194 elatusinteliectus
1549 5146 1640 5192 noster
1651 5140 1704 5201 est,
1722 5137 1768 5206 apd
1781 5137 1841 5191 illu-

208 5246 285 5302 malis
307 5243 442 5307 oriuntur,
458 5256 561 5312 suoque
575 5248 637 5294 ertu
651 5244 825 5307 tempestates
835 5236 955 5291 excitant
969 5242 997 5290 et
1050 5235 1182 5291 strabitur
1193 5233 1295 5288 iumine
1306 5247 1378 5287 reru
1390 5230 1529 5300 sapientise
1548 5228 1676 5298 perlectae
1688 5229 1838 5285 charitatis.

208 5336 292 5391 meria
317 5344 458 5404 terrasque
479 5332 648 5403 perturbant.
663 5328 733 5397 Quid
745 5343 810 5400 ergo
828 5334 888 5398 post
900 5325 997 5382 Arctu-
1050 5326 1079 5381 lu
1090 5324 1254 5380 contrariam
1266 5337 1332 5378 uero
1353 5322 1463 5393 ponitur
1478 5318 1595 5384 Lucifer,
1607 5319 1652 5374 ubi
1672 5334 1722 5388 per
1742 5318 1840 5374 isaiam

210 5444 267 5481 rum
277 5424 447 5497 per0riooas
459 5424 511 5479 nisi
528 5432 662 5493 martyres
671 5421 864 5492 designantem
876 5419 922 5488 qui
933 5419 996 5474 dnm
1052 5416 1215 5485 Pmpitetam
1226 5413 1254 5468 iu
1263 5427 1347 5468 onere
1370 5409 1514 5481 Rabylonis
1527 5409 1577 5465 sub
1591 5418 1655 5481 typo
1668 5409 1741 5479 regis
1752 5407 1841 5480 naty-

208 5531 301 5576 saucta
322 5517 442 5575 Ecclesia
466 5518 501 5572 td
526 5524 626 5571 statum
655 5509 854 5585 predicationis
874 5508 996 5582 erigitur,
1052 5504 1131 5561 louioe
1144 5503 1177 5558 ad
1189 5510 1340 5572 apostatam
1356 5498 1480 5570 angelum
1501 5497 1614 5554 dicitur:
1628 5497 1843 5564 Qnootodoseei-

209 5613 312 5681 puudns
336 5608 575 5679 persequentium,
607 5604 797 5673 molestiasque
825 5601 930 5670 passuri
964 5598 999 5653 ad
1052 5589 1374 5659 dislaudamus,
1391 5590 1525 5661 puiatnne
1544 5588 1839 5660 oriebarislete.(1sn.

209 5704 270 5759 catii
296 5702 392 5757 laeiem
407 5700 487 5772 qussi
505 5699 532 5752 iu
548 5700 637 5753 ltictoe
656 5702 798 5750 tenemur.
816 5691 889 5746 B'ene
907 5699 998 5745 autem
1054 5688 1119 5757 stul.
1135 5685 1202 5739 Nam
1219 5683 1255 5738 ibi
1278 5681 1357 5738 ruina
1378 5682 1438 5752 ejus
1457 5680 1628 5739 caeleritate
1647 5689 1746 5738 ntertra
1762 5681 1789 5735 irt
1802 5679 1835 5735 io

211 5793 328 5849 subdidit
346 5793 469 5863 protinus
483 5789 598 5861 llyales,
621 5802 681 5858 quac
702 5785 894 5856 jttrcuesceute
915 5793 999 5835 terno
1054 5778 1168 5833 scrutalus
1183 5775 1308 5832 tenebras
1320 5774 1479 5831 ostenditur.
