4042 6200
167 309 221 365 m
559 303 739 362 uitiosum
756 305 790 361 tlt
807 303 1006 361 uuotbttttbl
1025 305 1229 370 sttouottts.
1243 337 1279 350 -
1290 306 1355 365 ΗΒ.
1373 305 1407 363 11.
1742 313 1794 369 tut

168 423 309 487 reguntur,
330 415 404 472 sicut
422 414 470 472 lilii
490 415 601 473 uirtutis
621 424 650 473 et
673 416 720 472 lilii
738 417 997 481 resurrectiooimd
1042 420 1146 493 Linpuu
1166 419 1303 491 plorabilis
1325 421 1425 491 lipnum
1445 420 1514 489 uitur,
1535 437 1593 492 pun
1605 431 1691 477 auten
1704 425 1795 479 inamo-

167 506 214 576 qui
230 505 378 562 uirtutibus
390 507 507 571 student,
517 506 560 560 uel
569 507 615 577 qui
630 508 665 563 ad
676 509 773 578 gaudia
784 509 959 564 resurrectio·
1006 516 1099 571 urrato
1111 523 1150 569 rat
1171 522 1284 568 conteret
1297 514 1427 583 spiritum.
1442 513 1545 585 Lingua
1562 513 1687 570 catholici
1702 516 1794 571 docto·

168 599 211 656 nis
227 598 378 669 pertinent
401 598 505 666 Quibus
520 600 572 655 erit
590 615 653 670 spos
668 599 747 670 juxta
764 601 827 656 illud
845 600 960 658 Psalmi·
1007 605 1046 661 ris
1063 604 1098 659 ad
1111 603 1231 660 fructum
1245 603 1308 659 uitae
1324 602 1398 659 ducit
1417 604 1622 674 sempiternum,
1643 605 1689 674 qui
1705 614 1794 660 autum

168 698 236 746 stu:
255 689 309 756 Qui
323 690 412 744 timent
423 689 574 754 Dominum,
587 700 688 761 sperent
704 693 733 745 in
744 690 857 745 Domino
870 688 958 762 (Prot.
1006 692 1117 750 modum
1132 692 1322 751 ecclesiastice
1340 707 1444 748 uormae
1464 692 1577 763 ignorat,
1594 703 1622 748 et
1640 707 1718 749 suum
1739 694 1794 764 spi-

168 780 245 854 cum)
257 799 266 847 ;
280 781 314 838 de
327 797 381 852 oua
395 796 442 851 spo
455 790 651 852 consequenter
662 780 801 853 adjungit:
1006 782 1089 838 ritum
1104 790 1239 839 eteorum
1255 783 1301 853 qui
1315 798 1346 838 se
1364 782 1477 838 audiunt
1495 783 1566 840 mulo
1584 782 1720 855 11111111
1732 797 1796 839 con·

172 927 174 936 ,
203 873 299 928 Timor
306 869 412 926 Domini
426 871 566 942 somniem,
579 882 608 926 ut
619 869 729 926 declinet
742 870 846 925 oruina
856 867 959 925 mortis.
1007 880 1088 929 teret.

167 962 230 1018 lico
257 969 377 1032 estcrgu
396 975 459 1031 spes
476 975 571 1017 eorum
583 962 629 1033 qui
644 961 740 1017 timent
751 959 912 1025 Dominum,
929 967 962 1015 ut
1041 961 1142 1019 Dorum
1161 962 1230 1034 juni
1251 962 1366 1036 plurimu
1392 962 1535 1034 tortitudo,
1558 972 1584 1019 rt
1618 963 1646 1019 in
1668 963 1796 1033 [ructibus

168 1051 368 1110 decbnautesa
382 1049 586 1116 coimmunis,
601 1045 961 1121 perrenircmereauturud
1005 1053 1081 1125 inpii
1090 1052 1263 1109 conturbatio.
1284 1054 1385 1110 Domus
1406 1052 1524 1120 Christi,
1546 1053 1573 1109 id
1596 1061 1638 1110 est
1660 1052 1794 1118 Ecclesia,

167 1134 958 1213 1111ῑῶ1111111111111111111111111111).
1005 1143 1151 1215 plurimam
1165 1144 1248 1202 nutet
1259 1143 1459 1213 lenitudinem,
1471 1146 1510 1202 in
1531 1144 1676 1216 utpium,
1693 1143 1794 1210 rmus,

167 1235 279 1292 Dictum
289 1242 332 1292 081
350 1242 441 1292 abiem
451 1247 543 1306 811118,
558 1232 614 1289 1¹⁶³
633 1231 758 1303 wilm&
773 1230 833 1299 [⁰¹²⁸
843 1227 911 1292 uim,
932 1235 961 1282 “i
1005 1230 1163 1290 bannitus
1171 1233 1350 1292 tentationum
1359 1232 1542 1306 frequentium
1553 1247 1725 1303 nequaquem
1734 1246 1798 1303 pos-

167 1324 310 1379 declirretu
325 1323 404 1380 ruina
422 1322 533 1389 mortim·
551 1330 579 1378 ot
594 1319 788 1385 nuncdicitur,
805 1315 961 1372 111111111-
1010 1320 1046 1376 sit
1064 1320 1152 1387 dirui;
1171 1329 1199 1376 et
1216 1335 1244 1375 ra
1263 1319 1390 1391 operibus
1405 1319 1505 1377 diaboli
1520 1320 1694 1377 conturbatio
1712 1319 1801 1377 terret

167 1417 231 1471 uriui
247 1415 308 1486 [our
319 1416 388 1479 ritu,
400 1422 428 1468 ut
441 1413 576 1469 derlimtu
589 1412 667 1467 ruirm
679 1410 781 1465 martir.
795 1399 836 1463 bi
847 1421 902 1479 quo
912 1420 961 1477 pa·
1011 1409 1135 1479 assidua,
1152 1425 1207 1481 qua
1219 1410 1342 1466 eamdem
1354 1408 1457 1468 Christi
1472 1411 1583 1468 domum
1596 1410 1640 1468 vol
1654 1425 1707 1483 por
1718 1410 1799 1468 falsos

169 1511 207 1559 tet
218 1504 285 1575 qrria
300 1503 374 1558 nulla
388 1503 464 1574 prior
476 1510 518 1558 cst
531 1500 575 1557 lex
586 1499 716 1570 sapientis
728 1513 781 1569 qua
794 1504 910 1554 mortem
924 1494 962 1551 vi·
1010 1514 1121 1567 mous,
1138 1500 1182 1557 tel
1194 1515 1245 1572 per
1260 1508 1368 1571 apertos
1387 1500 1557 1559 sdversarius
1570 1501 1687 1573 dejicere
1703 1509 1800 1558 tentat.

168 1604 237 1661 tare,
256 1603 285 1652 et
305 1595 388 1652 ritum
407 1594 549 1665 acquirere
561 1593 658 1650 debeat
668 1601 808 1657 aetornam,
820 1604 902 1661 poam
912 1589 961 1645 ba·
1045 1589 1130 1646 bobio
1154 1590 1310 1662 rapientium
1338 1589 1544 1646 disseminabunt
1567 1590 1728 1659 scientiam,
1756 1607 1802 1648 ror

167 1686 233 1741 bore
258 1686 384 1741 timorem
408 1682 535 1750 Domini;
557 1682 629 1740 urrde
648 1675 1456 1805 1111111111ωέ11111111111111111111111111
1467 1680 1664 1739 catholicomm
1675 1682 1797 1739 disserni-

167 1770 279 1829 Initium
291 1774 426 1844 supientiae
435 1774 513 1828 timor
525 1771 631 1828 Domini
643 1770 737 1845 (Eruli.
752 1771 783 1845 ι).
975 1759 1000 1821 Β
1014 1770 1117 1829 nubunt
1129 1771 1302 1845 medicando
1317 1772 1459 1829 scientiam
1471 1780 1553 1829 rcctm
1567 1771 1630 1830 utut
1638 1813 1646 1841 ,
1655 1788 1706 1830 cor
1717 1775 1802 1830 hunc·

202 1863 238 1919 ln
252 1862 422 1920 multitudine
434 1861 524 1934 populi
534 1863 648 1934 dipnitur
665 1864 743 1934 repit,
754 1871 778 1917 et
791 1862 819 1917 in
828 1860 961 1933 paucitate
1013 1866 1129 1920 tinorum
1151 1861 1283 1920 dissimile
1297 1863 1365 1928 erit,
1390 1863 1454 1935 prtia
1474 1862 1613 1934 perititiam
1623 1879 1678 1936 ,pro
1689 1865 1800 1922 scientia

168 1954 249 2025 plebis
259 1955 404 2026 ipnominio
416 1954 551 2026 principia.
569 1952 620 2010 Ubi
633 1951 775 2009 multitudo
786 1951 961 2008 seruientium
1011 1954 1130 2028 concipit
1145 1963 1176 2010 ut
1191 1954 1298 2012 domat.
1315 1951 1408 2011 Potest
1426 1962 1455 2010 et
1472 1954 1511 2010 ita
1528 1954 1661 2026 intelligi,
1675 1956 1739 2027 quia
1753 1972 1802 2013 cur

167 2046 236 2112 Deo,
261 2047 300 2102 ibi
317 2046 472 2116 specialiter
490 2045 590 2102 Christi
602 2046 702 2118 glorim
720 2052 748 2101 et
766 2045 812 2101 ubi
827 2043 878 2101 soli
888 2051 962 2100 cute·
1011 2044 1155 2102 stultorum
1171 2052 1199 2101 et
1211 2044 1372 2115 sibimetipsi
1390 2044 1521 2101 dissimile
1531 2045 1595 2110 erit,
1606 2045 1672 2101 dum
1685 2047 1806 2102 nrutabi·¹

167 2139 307 2206 cbumeni,
327 2137 371 2193 rel
384 2143 586 2209 competentes,
598 2136 642 2193 rel
656 2151 753 2193 recens
767 2136 824 2192 nati
842 2134 962 2199 infantes
1011 2137 1088 2194 litate
1107 2151 1137 2194 se
1153 2136 1321 2193 ‹ttuuurum
1343 2135 1535 2208 cogitationum
1554 2136 1661 2192 uarium
1677 2136 1799 2202 exbibet,

168 2230 217 2284 sub
240 2242 328 2300 regno
350 2227 439 2284 adhuc
460 2234 587 2283 tenentur
605 2225 714 2290 diaboli,
735 2226 826 2297 stipsi
840 2232 962 2295 tompore
1011 2234 1041 2283 et
1054 2224 1277 2296 nunquamidem
1293 2222 1465 2296 quodluerat
1480 2231 1582 2282 manet
1596 2222 1754 2282 Cuicoutru
1767 2225 1800 2280 dc

167 2334 291 2392 congruo
306 2318 463 2375 testinantes
477 2318 505 2373 in
521 2317 630 2374 Christo
639 2317 755 2383 renasci,
767 2316 804 2373 ibi
819 2313 962 2371 manifesta
1010 2320 1091 2375 Aaou
1108 2334 1170 2376 cum
1183 2318 1297 2375 Domino
1312 2318 1416 2374 intentu
1427 2322 1518 2373 mento
1536 2315 1669 2389 snpplicm
1678 2316 1779 2374 (icitur
1792 2334 1799 2370 ι

168 2409 318 2482 ignominia
330 2409 460 2481 principis
469 2408 575 2475 uitandi,
586 2407 628 2464 ucl
640 2414 715 2463 certe
725 2407 753 2462 in
767 2404 963 2463 conventiculis
1018 2411 1160 2485 iubarque
1181 2411 1239 2483 ejus
1258 2426 1312 2467 nun
1330 2418 1391 2467 rum
1405 2409 1519 2480 amplius
1536 2410 1565 2466 iu
1586 2409 1689 2466 ummo
1706 2409 1804 2464 mutati

168 2499 372 2566 hereticorum,
395 2513 455 2570 quur
482 2512 588 2568 semper
604 2503 667 2554 sunt
687 2497 816 2569 pauciora
839 2494 963 2551 ecclesiis
1013 2502 1041 2577 (1
1051 2502 1115 2576 1109.
1133 2503 1165 2575 ι).
1815 2549 1833 2580 Ο

168 2589 377 2656 cruolicorum,
400 2589 546 2660 ignominia
571 2596 646 2660 patet
665 2601 761 2644 eorum
781 2586 828 2658 qui
848 2586 907 2643 baec
927 2586 963 2641 ab
1051 2588 1805 2665 Vtcrtmoetmptommntuuinubttrrborrrtno,notniurto·

169 2681 355 2740 ecclesiastica
369 2682 474 2738 unitate
487 2689 639 2754 segregant.
1013 2703 1073 2741 rurn
1085 2684 1236 2758 plorabilis.
1251 2683 1405 2751 Orationes,
1416 2698 1497 2756 opora
1508 2691 1536 2739 et
1547 2683 1681 2740 sandicis
1694 2684 1804 2740 baroti·

208 2770 271 2829 Vita
277 2774 396 2828 carnium
402 2773 502 2828 sonitus
510 2772 608 2838 cordis,
620 2769 730 2844 putredo
740 2768 839 2826 ortium
851 2767 961 2826 invidio.
1014 2788 1108 2832 mrum
1120 2773 1294 2830 abominatur
1305 2771 1447 2840 Dominus,
1466 2779 1494 2828 et
1509 2777 1572 2827 ratu
1585 2783 1679 2827 eorum
1693 2778 1804 2838 ametur

169 2862 223 2919 Per
243 2877 353 2920 carnem
367 2862 475 2920 inlirma
488 2861 611 2933 quiedam
624 2875 657 2916 uc
671 2869 774 2928 tenera,
787 2874 820 2915 ac
833 2874 884 2932 per
899 2873 962 2918 ossa
1013 2866 1104 2933 habet,
1114 2862 1161 2937 qui
1168 2861 1248 2919 ddum
1257 2861 1420 2923 catbobcstu
1427 2860 1511 2938 justia
1521 2857 1803 2937 opsubusubrnrn.

168 2952 328 3009 1111113011
348 2952 498 3026 signantur.
516 2950 589 3008 Belle
611 2965 678 3022 ergo
694 2950 762 3008 dicii
784 2967 791 3005 :
821 2947 882 3005 Vitu
904 2964 965 3005 cal·-
1049 2958 1176 3018 βορηίῃ
1185 2957 1258 3014 mala
1273 2958 1447 3015 deserentium
1457 2958 1525 3015 uim
1537 2956 1602 3030 :qui
1613 2956 1807 3028 indrspfflmt

170 3044 245 3099 rium
267 3041 366 3100 conitus
384 3042 481 3109 cordis,
500 3042 563 3114 quia
581 3041 606 3099 si
619 3040 720 3099 mentis
740 3039 896 3097 innocentia
916 3055 964 3099 cu·
1014 3048 1081 3117 odit,
1092 3048 1228 3105 morietur.
1244 3046 1314 3104 idaia
1326 3047 1505 3105 estdoctrina
1519 3056 1548 3107 et
1559 3061 1655 3105 norum
1668 3045 1805 3118 univolam

169 3135 304 3199 ctoditnr,
323 3134 430 3190 etiamsi
444 3148 496 3204 qua
510 3133 578 3189 ioris
593 3131 700 3189 infirma
712 3139 786 3201 sunt,
801 3123 1000 3203 quandoquoC
1015 3139 1144 3198 duremur
1160 3138 1295 3207 ueritatis,
1309 3138 1343 3196 dn
1352 3138 1451 3210 quibus
1466 3138 1663 3197 numismati:
1676 3138 1729 3206 Q&
1741 3152 1805 3208 erpo

169 3228 345 3282 roborantur.
365 3224 400 3281 Et
417 3232 492 3281 recte
506 3223 631 3280 subditur
645 3239 653 3278 ε
668 3221 784 3280 Putrerlo
802 3225 901 3280 ortium
918 3223 962 3279 in·
1011 3227 1757 3298 solueriturumdomoadotirirtirminimia,rtdocurrit
1766 3227 1805 3283 rio

169 3318 252 3398 ridie,
265 3316 329 3388 quia
338 3331 389 3387 per
397 3314 491 3371 livoris
500 3315 597 3372 uitium
608 3323 671 3372 ante
683 3315 731 3372 Dei
744 3315 838 3374 oculos
848 3322 964 3386 percunt
1013 3321 1142 3389 lominus,
1155 3320 1279 3377 orntum
1289 3320 1423 3377 mcubltur
1432 3320 1460 3377 in
1469 3336 1550 3392 reputo
1560 3318 1686 3376 culorum
1695 3317 1805 3393 (butt.

169 3408 253 3463 etiam
277 3420 338 3477 quse
361 3406 489 3462 humanis
509 3406 596 3463 oculis
622 3404 702 3462 lortiu
724 3405 851 3463 uidentur
870 3422 879 3464 ι
900 3421 964 3463 ossa
1013 3412 1054 3486 v),
1073 3413 1122 3470 sod
1135 3411 1206 3471 tulos
1227 3411 1331 3479 adbuc,
1348 3413 1373 3468 si
1382 3410 1507 3484 correpti
1522 3409 1806 3483 punitueriut,putct

170 3496 272 3568 quippe
289 3511 340 3567 Dii
356 3493 487 3552 issiifflim
504 3502 674 3569 inimicitie,
688 3503 730 3552 esi
745 3495 965 3567 quaedumuuam
1014 3504 1117 3561 reditus
1137 3503 1170 3561 ad
1190 3504 1321 3571 teniam;
1342 3503 1384 3560 sin
1411 3510 1502 3559 autem
1522 3516 1573 3560 nec
1594 3500 1808 3558 commortuus

170 3586 284 3643 robusta
300 3585 435 3658 deperire·
1014 3592 1206 3651 eudesimtiois
1220 3592 1375 3656 sumserint,
1386 3591 1600 3664 jamcorurseis
1610 3598 1697 3648 restat
1710 3589 1806 3646 interi-

206 3680 335 3749 dereptus
353 3687 392 3734 ert
405 3678 460 3762 repr·
468 3677 589 3733 minister
601 3677 758 3749 iutettiprru.
772 3675 821 3733 llio
838 3676 965 3735 uidelicet
1014 3693 1071 3750 tus,
1090 3698 1187 3740 omnes
1205 3682 1265 3740 dios
1273 3681 1404 3755 pauperis
1417 3681 1501 3750 mali,
1514 3695 1613 3738 mcum
1632 3695 1711 3738 mem
1728 3678 1808 3752 quasi

170 3769 214 3825 cui
237 3768 338 3825 dicitur
357 3786 364 3823 :
383 3767 453 3836 Quin
473 3784 551 3841 cuper
567 3784 653 3840 pauco
674 3767 750 3838 fuisti
774 3766 871 3838 ridebo,
887 3783 966 3840 super
1011 3771 1077 3847 juge
1094 3771 1269 3829 mundium.
1284 3770 1372 3829 Omne
1389 3778 1496 3843 tempus
1515 3770 1607 3842 populi
1622 3769 1670 3826 Dei
1688 3767 1808 3840 qtrandio

171 3858 255 3914 multu
277 3858 475 3916 trcomtituom
494 3875 504 3916 :
522 3858 637 3915 introiri
656 3859 784 3933 panudium
798 3858 907 3916 Domini
925 3860 966 3919 ttti
1015 3866 1044 3922 in
1066 3863 1196 3937 prmserni
1218 3876 1323 3934 pauper
1341 3870 1387 3919 est
1408 3859 1600 3919 afflictionibus
1624 3860 1755 3924 abundat,
1780 3868 1808 3916 ct

172 3948 282 4025 inwi-
294 3947 371 4023 ¹¹Vi·
1016 3953 1231 4025 sumptuosis
1244 3952 1360 4010 necdum
1376 3949 1668 4021 addititiussuporuu
1679 3946 1810 4004 bonitatis

208 4037 379 4094 iracundiam
394 4038 452 4111 rjus
471 4039 573 4096 inutilis
593 4039 741 4097 sustinebit.
754 4038 803 4098 lile
819 4041 913 4112 ntique
932 4040 966 4098 du
1015 4054 1043 4102 et
1063 4050 1201 4116 perpetum
1219 4040 1369 4098 ntansionis
1385 4038 1523 4110 peruenit,
1539 4038 1610 4095 unde
1629 4044 1721 4095 monet
1732 4036 1809 4107 upo-

172 4144 227 4201 quo
242 4129 315 4185 idem
332 4130 381 4195 ait,
402 4129 436 4185 dr
450 4129 570 4187 inutilem
587 4148 691 4188 mmunt
703 4131 790 4204 ejicite
806 4132 835 4189 in
847 4131 965 4188 tenuitur
1015 4133 1103 4192 stolus
1125 4133 1219 4191 dicens
1243 4147 1252 4188 ε
1275 4129 1440 4187 Dcdnnentrs
1467 4138 1579 4199 uiuunt,
1604 4129 1732 4201 mim
1751 4128 1810 4183 dim

172 4221 314 4275 meriores
331 4219 439 4294 (ibid).
901 4217 905 4225 ’
1015 4223 1151 4281 molitum
1163 4221 1273 4296 (Dplrrr.
1285 4219 1326 4294 u),
1342 4228 1371 4276 at
1388 4233 1455 4277 uero
1464 4216 1596 4290 reprobi,
1612 4217 1660 4289 uui
1672 4225 1744 4274 mutu
1758 4232 1810 4273 cu·

472 4307 586 4368 catut
603 4309 665 4370 XV.
1015 4323 1108 4372 rentes
1124 4314 1233 4380 diuino,
1248 4311 1338 4369 securi
1354 4311 1455 4367 mundo
1467 4317 1591 4378 utuntur,
1604 4309 1683 4382 quasi
1695 4309 1811 4382 iugibus

210 4398 353 4469 Responsio
366 4398 452 4455 mollin
461 4400 561 4472 frunpit
572 4402 651 4468 irum,
663 4418 748 4458 termo
760 4401 843 4458 durus
855 4404 965 4459 turcitot
1016 4403 1092 4462 sutili
1103 4402 1262 4460 renuuntur
1278 4401 1376 4473 epulis.
1393 4400 1472 4459 liudo
1483 4408 1559 4458 recto
1573 4399 1754 4473 subiungitur.

173 4487 300 4559 furorem.
312 4488 363 4555 Qui
372 4489 456 4545 uerba
467 4490 632 4561 increpantis
640 4489 779 4547 humiliter
792 4491 896 4564 recipit,
906 4469 1004 4564 jano
1052 4495 1149 4553 uelim
1166 4504 1205 4553 ert
1220 4510 1389 4569 paruulorum
1402 4493 1495 4550 tiurcrr
1510 4491 1635 4561 Domini,
1652 4509 1731 4567 quum
1750 4493 1812 4552 tirs-
1920 4478 1923 4485 ⁴

172 4579 336 4651 propinquat
348 4581 434 4638 renim
448 4590 540 4638 reatus
556 4598 637 4654 quem
650 4582 751 4657 pessit3
770 4595 798 4640 at
812 4586 858 4658 qni
870 4602 966 4658 super·
1016 4590 1091 4648 sauri
1112 4589 1201 4662 mopsi
1222 4597 1247 4644 et
1271 4585 1445 4644 irrutatttn.
1462 4584 1547 4654 Quale
1560 4594 1604 4645 cst
1622 4585 1651 4644 ln
1672 4586 1778 4658 psutmo
1799 4601 1811 4641 .·

173 4672 225 4731 bus
246 4676 371 4746 arguenti
385 4676 508 4742 resultat
529 4675 658 4748 majorum
680 4686 774 4736 contra
788 4695 818 4737 se
838 4679 966 4739 1111111-
1018 4678 1114 4736 Drliur
1127 4688 1164 4736 est
1178 4677 1310 4735 modicum
1319 4677 1412 4749 iusto,
1432 4676 1628 4746 mperdiuitior
1643 4687 1810 4750 pomulorum

174 4767 262 4822 stricti
272 4766 371 4839 judicis
384 4776 524 4837 prouocat.
1016 4770 1113 4828 multus
1129 4768 1216 4844 (Ptol.
1236 4771 1365 4844 sursit).
1385 4769 1480 4827 llelius
1497 4778 1543 4828 cst
1563 4786 1629 4844 eruo
1650 4778 1682 4828 ut
1701 4778 1813 4828 seruato

209 4856 314 4929 Dinpuo
331 4858 487 4928 cupientium
504 4866 579 4915 ornat
603 4857 759 4925 scientium,
785 4859 967 4931 orimnorum
1018 4863 1117 4921 timore
1142 4862 1191 4920 bei
1215 4876 1296 4936 egeus
1320 4862 1435 4935 opibus,
1457 4859 1602 4919 ruentum
1624 4860 1810 4931 1111111-

174 4946 265 5002 ebulit
273 4946 421 5002 stultitiam.
436 4946 539 5022 lingua
555 4947 749 5006 catholicorum
761 4947 873 5007 Patrum
882 4958 964 5006 omat
1017 4957 1109 5024 dimo,
1121 4970 1204 5029 quam
1214 4962 1245 5012 ut
1255 4953 1393 5013 deudcrio
1402 4954 1483 5027 plum
1497 4952 1657 5026 acquirenti
1669 4952 1718 5010 Dei
1728 4953 1810 5008 timo-

174 5036 319 5093 rcientiam
331 5036 482 5094 divinorum
503 5038 681 5110 eloquiorom,
697 5037 779 5095 latius
804 5040 965 5111 exponendo
1016 5064 1075 5107 rem
1088 5051 1208 5106 ussum

175 5142 236 5199 que
250 5125 392 5198 Scriptura
405 5129 536 5185 canonica
555 5139 619 5185 autc
630 5129 747 5186 obscure
762 5130 863 5202 posuit,
877 5131 964 5188 baere·
1054 5136 1149 5210 Delius
1170 5145 1209 5194 rut
1230 5137 1318 5193 mauri
1339 5136 1374 5192 ud
1391 5136 1466 5193 oleru
1483 5151 1544 5192 runt
1562 5134 1709 5200 ctoritmm
1726 5149 1809 5205 uuum

174 5219 294 5275 11111111
314 5218 410 5275 ebullit
433 5219 596 5287 stultitiam,
615 5220 686 5277 dicta
707 5234 792 5277 sucrae
815 5219 964 5293 Scripturas
1017 5228 1052 5282 ud
1061 5226 1171 5282 uitulum
1183 5227 1334 5297 topinutum
1348 5242 1409 5282 rum
1420 5226 1492 5283 odic.
1508 5222 1661 5294 omnisqui
1674 5222 1808 5281 bonomm

174 5325 303 5385 peruerse
316 5310 489 5385 intelligendo
501 5326 617 5384 suosque
634 5310 798 5382 sensnsejus
809 5312 963 5373 auctoritati
1017 5331 1130 5388 operum
1147 5315 1270 5387 exeurpla
1286 5315 1421 5387 proximis
1441 5330 1503 5386 oum
1519 5314 1660 5372 imitentur
1676 5315 1807 5380 ostendit,

174 5405 367 5477 preponendo,
390 5412 479 5476 potest
501 5413 529 5461 et
552 5406 586 5462 de
606 5419 771 5477 paganorum
799 5404 966 5478 pbilosophis
1017 5406 1095 5478 quusi
1114 5406 1148 5462 ad
1167 5404 1261 5475 epulus
1278 5405 1377 5477 ouibus
1393 5403 1553 5462 reiciantur
1570 5403 1701 5461 contritas
1715 5412 1806 5460 uocat.

176 5498 288 5571 intelligi
309 5498 381 5570 quod
404 5499 458 5565 uit,
484 5514 513 5554 or
537 5498 672 5569 fatuorum
696 5497 785 5554 ebullit
807 5497 964 5570 stultitiam,
1017 5494 1112 5553 Melius
1137 5505 1180 5552 est
1198 5503 1289 5552 antem
1303 5508 1403 5551 uocare
1424 5493 1461 5550 ud
1480 5492 1557 5553 olera
1577 5508 1642 5550 cum
1662 5493 1809 5560 ctoritate,

175 5592 270 5661 quales
288 5590 366 5648 tuero
376 5590 543 5664 Porphyrius
554 5599 583 5646 ct
594 5589 730 5656 lulianus,
745 5591 791 5662 qui
803 5600 898 5648 contra
910 5591 964 5650 Eo·
1016 5601 1099 5660 quam
1113 5584 1147 5642 ad
1167 5586 1282 5645 uitulum
1296 5585 1450 5659 supinatum
1463 5599 1526 5642 cum
1539 5585 1614 5645 odio.
1635 5584 1705 5656 Quia
1725 5584 1809 5641 aluri-

175 5683 265 5740 ursin
277 5684 403 5740 doctores
412 5681 533 5740 malitis
546 5679 711 5741 suaetuonu
724 5679 883 5739 tundebant.
1017 5693 1079 5735 rum
1101 5678 1188 5737 mutto
1206 5687 1250 5737 cst
1272 5678 1365 5737 utilius
1382 5677 1513 5752 simplicis
1528 5677 1593 5738 ritu
1610 5677 1805 5739 innocentiam,
