4042 6200
199 349 252 407 suu
519 349 549 403 s.
570 348 697 405 nsnsst
716 346 826 406 nsunt
845 343 1005 403 incursu.
1027 342 1181 403 udonus.
1201 335 1343 404 orendil
1361 344 1452 404 runs
1470 346 1491 403 tt
1771 346 1825 403 osc

197 469 233 521 uit
249 464 376 519 Dominus
394 461 479 532 (Psoi.
495 461 576 532 ι,ιιι);
601 469 629 516 et
648 461 711 517 nlibi
729 479 735 515 :
750 459 818 527 Quia
841 461 922 530 irruis,
946 455 1028 519 ιιι-Α
1309 456 1422 514 CAPUT
1460 456 1551 512 illiti.

197 554 266 627 ιμιῐι,
284 555 382 609 exarsit
396 551 428 605 cb
447 552 488 605 irc
513 568 570 607 mec
583 559 609 607 et
629 552 825 623 ardebuntque
843 550 987 621 editiores
1327 554 1539 610 Decurionibus.

199 651 321 704 deorsum
333 643 418 720 (Psoi.
437 647 516 715 xvir).
533 644 609 701 Tunc
622 652 712 699 autem
732 643 897 714 voluptutem
915 642 986 714 ignis
1072 644 1211 700 dnrlroues
1230 653 1321 699 nictum
1345 643 1497 715 significum
1519 643 1685 716 nigredinem
1700 651 1829 715 percito·

200 739 345 810 signifieat,
360 738 467 807 quaudo
484 736 603 791 libidinis
617 734 742 790 ardorem
760 733 887 798 ostendit,
903 742 932 788 ut
946 743 987 790 cst
1038 751 1108 791 ιιιιιι.
1129 734 1205 790 iiude
1224 743 1268 790 est
1289 734 1354 789 illud
1370 751 1378 787 t
1394 731 1527 789 Curiones
1540 733 1658 788 succensi
1669 743 1729 787 cunt
1748 733 1780 788 ui
1797 751 1828 789 eo

101 813 106 822 ⁶
199 830 265 885 illud
282 848 289 884 ε
306 827 402 884 Omnes
419 828 595 881 adulterantes
618 828 686 880 sicut
701 824 779 879 curio
799 825 867 894 ipsuis
893 825 987 879 urdene
1037 826 1081 899 <ll
1095 826 1157 897 iieq.
1183 825 1263 896 ιιιι).
1277 825 1490 882 Guibonesseru
1502 838 1656 889 succensos,
1670 833 1829 895 peccatores

199 918 280 974 cordo
291 935 379 973 eorum
391 917 463 986 (lise.
478 917 538 984 ιιι).
553 914 656 982 Quibus
669 915 720 970 uisi
735 915 891 970 subvenerit
903 916 987 984 peruia
1036 918 1113 983 dicit,
1141 918 1187 988 qiri
1204 918 1277 973 reiut
1301 918 1432 974 curbones
1453 918 1551 973 mortui
1576 918 1602 973 in
1630 918 1723 974 mundi
1748 919 1829 975 istius

199 1012 289 1069 tentius
307 1011 466 1074 remedium,
493 1009 563 1080 iguis
579 1023 666 1080 puerine
686 1017 824 1078 perpetum
841 1008 988 1078 subseqne·
1037 1009 1159 1064 caeetrrm
1172 1008 1356 1071 tenebrentur,
1376 1007 1425 1063 sed
1441 1008 1538 1062 iterum
1552 1008 1710 1078 penitentis
1725 1008 1830 1064 iulium·

198 1114 251 1169 tur,
277 1101 321 1156 ubi
336 1101 389 1156 crit
411 1099 488 1155 deiris
512 1108 540 1154 et
554 1098 794 1164 stridordentium,
809 1106 837 1153 ct
850 1099 987 1153 emciutus
1038 1109 1129 1153 munte
1153 1098 1329 1164 reviviscunt,
1343 1107 1371 1152 et
1394 1113 1427 1153 es
1448 1098 1563 1153 mortuis
1576 1098 1670 1169 primis
1685 1098 1741 1153 riri
1759 1099 1828 1155 inei·

197 1192 386 1264 sempiternus.
396 1192 435 1246 lie
446 1206 500 1261 quo
515 1190 543 1245 in
557 1190 625 1246 isnin
638 1189 768 1260 scriptum
778 1200 820 1245 est
834 1204 842 1244 r
856 1189 923 1243 Ecce
933 1205 989 1244 our·
1037 1188 1115 1259 pium
1124 1203 1185 1244 esse
1199 1188 1341 1260 eumenes.
1357 1186 1488 1244 Similiter
1498 1197 1526 1243 et
1537 1188 1613 1254 illud,
1626 1189 1699 1259 qnod
1711 1189 1739 1244 in
1752 1190 1829 1246 Psul·

197 1304 240 1341 uec
261 1302 304 1340 cos
328 1283 512 1354 secernique,
538 1282 649 1337 accincti
668 1281 793 1353 tiemonis,
817 1279 988 1335 umiuioteit
1037 1293 1082 1333 niu
1096 1278 1193 1350 iegitur
1208 1296 1215 1332 ε
1232 1276 1345 1349 Sopittcr
1366 1278 1477 1346 volemis
1491 1287 1577 1336 contre
1598 1294 1657 1332 crim
1669 1279 1829 1336 corbonibus

195 1374 294 1428 lnrrriue
317 1373 385 1444 ipris
412 1372 499 1428 resim
521 1370 627 1426 liabent
649 1370 720 1425 enim
745 1368 943 1441 peccatoresin
957 1382 988 1424 ss
1038 1365 1221 1442 (Proteus).
1243 1367 1381 1428 Carbones
1401 1378 1492 1427 nutem
1506 1369 1684 1427 desolatorius
1707 1373 1829 1429 nonnulli

196 1463 304 1529 lenum,
331 1461 422 1533 ligna,
452 1459 594 1532 stipulum,
618 1459 711 1530 spinas
737 1467 764 1515 et
790 1458 922 1524 tribulus,
947 1459 987 1513 iu·
1037 1468 1193 1530 meruimus
1205 1460 1452 1531 teterrimumque
1467 1461 1830 1523 mulisnetibuserstinctus

195 1553 323 1622 dumque,
341 1567 402 1622 quse
416 1558 518 1606 aeterno
533 1549 678 1606 traduntur
700 1548 834 1604 incendio.
849 1546 882 1603 iii
896 1557 986 1602 tumen
1038 1550 1355 1623 numerumnunerum,
1374 1566 1491 1622 qnorum
1508 1551 1662 1609 lormiduet
1676 1556 1830 1611 recordatio

195 1653 376 1715 provocantur
401 1644 435 1698 ud
463 1642 591 1707 sulutem,
605 1642 757 1712 diciturque
771 1641 812 1697 eis
827 1659 835 1694 :
850 1640 987 1696 dmiuiute
1038 1654 1131 1700 nostru
1142 1642 1207 1697 vitiu
1219 1641 1342 1699 desmure
1355 1651 1517 1708 nuscuntur,
1530 1643 1594 1699 dum
1609 1644 1755 1701 metitimus
1765 1645 1830 1702 tuiis

193 1735 221 1789 iu
244 1733 343 1788 lumine
356 1733 425 1803 ipris
447 1732 525 1788 uestri
537 1741 563 1787 et
577 1732 705 1802 dammis,
718 1739 748 1787 et
764 1731 888 1802 reliqm3
915 1739 946 1786 ut
958 1731 985 1786 iu
1038 1731 1218 1799 committere,
1233 1746 1293 1802 quse
1304 1730 1363 1788 illos
1373 1732 1548 1803 cognovimus
1559 1733 1714 1802 pertulisse.
1737 1732 1831 1791 Putcst

195 1826 281 1896 poeriis
295 1834 324 1883 et
340 1825 479 1895 suppliciis
490 1826 591 1881 distant
603 1823 754 1897 [effugiunt]
767 1823 813 1879 lici
824 1825 982 1894 potentium,
998 1815 1126 1880 Bonum
1139 1832 1168 1878 et
1179 1823 1243 1880 iilud
1257 1823 1379 1895 intelligi,
1393 1831 1423 1880 nt
1433 1825 1566 1881 curbones
1575 1824 1754 1883 desolatorius
1764 1841 1828 1883 urn-

194 1929 222 1974 et
231 1921 342 1974 relleunt
354 1919 386 1974 ud
399 1917 523 1974 sulutem.
535 1916 601 1973 item
617 1918 687 1989 ignis
697 1917 848 1973 intellectus
859 1916 886 1973 in
899 1918 985 1973 sacris
1037 1916 1125 1972 tiones
1141 1916 1307 1987 accipiamus
1317 1913 1459 1973 charitatis
1470 1916 1531 1988 igne
1540 1932 1695 1983 succensus,
1709 1934 1769 1990 qun
1778 1935 1830 1977 nos

193 2009 307 2079 eloquiis
318 2008 450 2079 recipitur
465 2010 551 2064 bonus
570 2008 611 2062 vel
624 2008 720 2074 mulus,
734 2008 806 2064 sicut
820 2007 848 2062 in
862 2006 985 2066 Leuitico
1037 2009 1110 2065 uitiis
1125 2010 1162 2065 ita
1177 2009 1401 2079 mandanturque
1411 2009 1567 2080 puriliesttt,
1582 2018 1612 2065 nt
1625 2011 1697 2081 quud
1712 2013 1740 2067 in
1750 2013 1830 2071 nubis

193 2102 227 2157 de
242 2100 305 2157 diiis
328 2101 418 2156 burun
432 2100 540 2160 dicitur,
554 2101 599 2170 qui
621 2099 711 2171 iguem
734 2099 853 2155 alienum
879 2099 906 2154 iu
920 2113 985 2154 eou-
1036 2099 1162 2155 diuboius
1183 2099 1396 2165 constrinxerat,
1424 2099 1576 2156 desolutum
1595 2109 1677 2172 utque
1703 2116 1828 2162 eversum

192 2203 285 2262 speetu
310 2191 415 2247 iiorriini
437 2191 602 2254 obtulerunt,
628 2201 656 2246 et
681 2191 716 2246 ibi
743 2189 895 2261 consumpti
910 2198 983 2265 sunt.
1035 2190 1128 2246 divino
1142 2190 1274 2246 benedcio
1284 2190 1426 2245 sentimur.
1438 2188 1502 2246 Sive
1514 2190 1601 2262 mnqis
1615 2191 1679 2247 illud
1693 2194 1830 2264 est,qnud

192 2283 295 2340 Firmus
308 2291 397 2338 nutent
405 2282 550 2353 aliquunde
562 2282 589 2336 in
600 2281 698 2336 bonum
708 2290 825 2352 partem,
840 2280 985 2352 aliquunde
1035 2281 1120 2337 iscius
1134 2282 1192 2336 uit:
1209 2280 1243 2336 iit
1260 2281 1354 2337 volatui
1365 2281 1400 2335 cd
1415 2297 1456 2336 ure
1469 2298 1537 2337 unm
1558 2281 1592 2338 dc
1612 2283 1745 2354 receptior,
1765 2285 1829 2341 etin

193 2378 220 2432 in
235 2376 400 2432 eontrarium
418 2375 539 2445 ponitur.
563 2373 630 2428 Num
645 2375 717 2443 quod
737 2374 803 2428 dicit
817 2373 982 2429 psalmista:
1035 2389 1117 2428 mortu
1127 2372 1239 2429 inebriet
1253 2373 1392 2428 cerdonem
1414 2373 1483 2444 ipris
1499 2389 1577 2444 quem
1586 2374 1685 2446 forcipe
1694 2387 1828 2445 acceperut

194 2464 315 2519 ,lecendit
332 2463 421 2532 {umeri
442 2464 469 2516 lu
491 2463 531 2516 irc
543 2462 610 2530 ejus,
621 2472 645 2517 et
658 2464 726 2533 ipsuis
736 2481 753 2516 u
763 2463 831 2531 lucie
841 2462 898 2532 ejus
907 2478 985 2518 eecc-
1034 2461 1068 2517 de
1081 2461 1172 2529 citeri,
1185 2473 1210 2518 ct
1220 2463 1303 2534 tetipr't
1315 2480 1344 2518 os
1357 2479 1443 2518 mcum
1457 2471 1482 2518 et
1498 2463 1565 2519 diris
1581 2463 1671 2519 :Eece
1682 2465 1764 2536 tctipit
1778 2465 1827 2523 ires

192 2554 272 2608 descit
286 2551 373 2624 (Psoi.
393 2552 473 2622 ιιιιι),
489 2551 579 2607 lunius
604 2553 650 2607 bie
674 2552 701 2607 in
720 2554 792 2608 bonu
804 2552 908 2624 positus
931 2560 984 2621 est,
1034 2550 1107 2606 iabiu
1117 2561 1175 2619 litu,
1186 2562 1210 2608 et
1226 2554 1264 2608 uit
1279 2552 1369 2610 :nere
1384 2553 1482 2609 uictnii
1490 2554 1640 2626 iniquitates
1651 2565 1720 2619 tuus,
1733 2566 1757 2610 ct
1768 2572 1829 2626 pes·

192 2646 254 2715 «quiin
268 2645 339 2701 sicut
350 2645 401 2700 iste
412 2653 537 2700 terrenus
545 2643 661 2700 ‘inutiles
672 2644 809 2716 lacrymas
821 2651 923 2711 uniet,
946 2645 984 2700 itu
1035 2650 1095 2696 ectu
1110 2649 1157 2697 tou
1171 2642 1380 2714 circumpurpuor'
1397 2641 1702 2715 (remittituromne
1723 2644 1825 2703 bened

192 2747 220 2793 et
231 2737 452 2810 ille-poenitentiis
467 2735 558 2792 calore
568 2751 715 2792 sirccensus
728 2735 864 2793 fructuose
873 2734 986 2808 prolnn·
1035 2731 1079 2787 eiu
1093 2740 1193 2788 cuncte
1204 2734 1296 2790 erneis
1305 2732 1432 2800 edicitur,
1447 2734 1556 2804 qunudu
1570 2732 1642 2789 lubin
1664 2742 1758 2790 nostru
1772 2733 1828 2790 Iiu-

192 2829 351 2886 ditduentin
364 2830 544 2901 laerymarum
559 2830 586 2884 in
599 2828 717 2904 isacius,
728 2830 840 2896 boenst,
851 2840 983 2901 tempore,
1035 2823 1103 2880 mini
1114 2825 1303 2882 recordatione
1315 2826 1465 2898 signemus.
1481 2825 1538 2882 Nec
1555 2826 1691 2884 immerite
1712 2825 1827 2885 forsitan

192 2935 245 2992 uque
258 2920 468 2991 biepeccstures
491 2918 572 2975 bitini
592 2920 686 2990 judieii
710 2920 807 2976 tiniore
827 2920 983 2987 conturbus,
1036 2926 1142 2987 signum
1157 2918 1454 2997 crucisfldesulutorium
1467 2918 1583 2975 dicimus
1596 2933 1658 2975 csse
1671 2916 1828 2985 carbonem,

192 3020 220 3069 ιιι
233 3028 281 3069 eos
295 3013 329 3068 nd
342 3012 491 3068 remedium
503 3012 688 3067 conversionis
703 3011 828 3066 uildueut.
849 3008 921 3081 ipsuis
936 3025 986 3065 uu·
1035 3010 1143 3082 quondo
1159 3008 1357 3081 luqutpeecstu
1372 3010 1551 3076 credentium,
1566 3026 1629 3082 eum
1644 3019 1733 3066 brnen
1744 3009 1828 3080 perli-

192 3115 245 3162 tem
259 3114 302 3162 est
315 3104 435 3162 cbnritus
448 3106 505 3169 liei,
528 3106 658 3160 virtutum
679 3102 912 3175 progressionibus
924 3118 984 3160 ere-
1036 3102 1079 3158 dis
1089 3101 1214 3158 uidentur
1222 3105 1397 3159 exstinctum.
1411 3102 1477 3159 item
1489 3103 1554 3161 illud
1570 3104 1616 3160 ubi
1629 3104 1760 3177 scriptum
1770 3114 1827 3161 est:

190 3212 279 3265 scetis,
295 3215 355 3270 quse
366 3208 467 3269 quanto
479 3198 566 3268 magis
577 3197 786 3268 concupiscitur,
803 3204 878 3253 tuntu
890 3175 1020 3252 edica-C
1036 3190 1111 3250 Sient
1126 3204 1230 3249 cretum
1241 3194 1372 3260 dentibus,
1395 3205 1419 3251 et
1433 3194 1522 3266 [umus
1536 3194 1631 3263 oeulis,
1649 3197 1686 3251 itu
1695 3196 1769 3267 piper
1787 3196 1829 3253 iris

190 3290 411 3362 elusumpiiutur.
424 3292 496 3346 Beris
510 3299 600 3345 nutum
614 3290 682 3345 dixit
696 3308 703 3343 ι
716 3289 816 3360 diocia
827 3288 896 3360 ejus,
917 3304 983 3361 quo
1034 3285 1081 3358 qitt'
1097 3286 1223 3342 mirmuut
1245 3286 1323 3342 iilum
1345 3287 1436 3360 (Pron.
1451 3292 1491 3357 r).
1509 3288 1558 3345 iiie
1575 3288 1667 3345 iumns
1681 3290 1829 3347 vunimtem

191 3380 264 3437 trium
279 3379 364 3452 ipsius
385 3380 581 3436 illuminatione
605 3379 726 3435 ebaritas
750 3378 911 3436 conceditur
929 3380 981 3447 eis,
1033 3377 1164 3449 exprimit
1173 3391 1269 3435 eorum
1291 3380 1338 3450 qui
1353 3379 1528 3451 cupiditatem
1544 3381 1622 3439 istius
1635 3381 1727 3439 muudi
1743 3381 1829 3455 magis

188 3473 236 3544 qni
258 3483 369 3544 peccatu
387 3472 553 3543 relinquunt.
577 3471 653 3539 erod
673 3478 764 3526 nutem
791 3469 854 3527 ulibi
876 3470 983 3541 depec-
1032 3476 1184 3541 sequuntur
1194 3483 1278 3543 quum
1286 3470 1406 3527 studium
1421 3472 1496 3529 serbi
1509 3472 1569 3529 liei.

189 3565 328 3621 sutoribus
353 3564 454 3620 dicitur
479 3582 486 3619 ι
515 3561 589 3620 Sicut
611 3562 705 3633 deiecit
731 3562 840 3631 (umus,
862 3561 982 3632 defimem
1307 3602 1422 3662 CAPUT
1456 3603 1541 3665 mv

190 3654 276 3727 (Puni.
304 3655 406 3728 srvis),
430 3655 476 3710 bic
502 3662 674 3724 pcccatorum
703 3667 784 3724 poenn
815 3651 981 3723 predicitur.
1542 3646 1550 3661 ‘

190 3748 290 3805 Funus
299 3748 371 3804 enim
381 3757 423 3804 est
435 3762 468 3802 cr
480 3746 586 3801 domurn
609 3746 661 3801 istu
686 3743 854 3812 corruptibili
868 3759 983 3818 surgens

190 3840 331 3895 tenebrosa
344 3838 527 3910 conglobatio,
539 3854 599 3907 quie
614 3844 745 3908 quantum
758 3834 819 3906 plus
831 3834 982 3903 extollitur,
1068 3825 1143 3884 Ciuis
1155 3836 1245 3885 :tunm
1260 3830 1385 3886 humane
1399 3828 1557 3902 lrcgilitstis
1567 3832 1727 3891 insuintem
1741 3834 1829 3904 siqni-

1334 3717 1372 3773 iie
1383 3718 1524 3776 cineribus.

190 3936 294 3983 carrium
304 3928 459 3999 mutuante
475 3936 611 3983 lustratur.
634 3925 702 3983 llum
714 3936 872 3996 messores
884 3927 982 3983 nerito
1034 3916 1107 3975 ssent.
1121 3919 1198 3977 dude
1210 3920 1236 3975 tn
1250 3919 1395 3978 situmque
1407 3924 1539 3995 seriptum
1551 3932 1615 3981 en:
1633 3924 1828 3996 Qultruperou

188 4026 390 4090 comparentur,
416 4017 545 4088 quonium
572 4032 610 4073 er
633 4016 741 4071 dnnnnu
770 4016 898 4087 nequitie
924 4031 981 4072 suae
1032 4021 1104 4068 terre
1116 4020 1141 4067 et
1155 4014 1221 4068 cinis
1233 4012 1246 4068 i
1260 4012 1356 4086 (iiceii.
1376 4014 1416 4086 x.)
1436 4013 1567 4073 Similiter
1581 4024 1610 4073 et
1624 4015 1713 4071 inullis
1729 4016 1829 4074 :Unde

188 4110 491 4182 producentiumiierns
508 4110 636 4173 notiones,
650 4124 709 4181 qnae
735 4109 799 4165 lieet
820 4109 854 4165 nd
873 4108 981 4176 altiora,
1033 4103 1061 4158 in
1083 4102 1134 4159 iub
1149 4103 1214 4160 dicit
1236 4104 1314 4176 :dqo
1333 4106 1511 4177 penitentium
1533 4108 1562 4162 in
1582 4106 1673 4177 lucilio
1694 4118 1719 4163 ct
1740 4109 1829 4164 eluere

188 4203 314 4273 stuperbis
337 4201 463 4268 inolente,
474 4209 648 4273 consurgunt,
672 4214 784 4256 neeesse
808 4207 861 4268 est,
880 4207 912 4255 ut
931 4214 981 4255 suu
1033 4195 1105 4268 (iot.
1120 4197 1200 4271 ιιιι).
1215 4197 1244 4252 ln
1258 4195 1349 4253 iutilia
1362 4198 1464 4254 etenim
1476 4206 1505 4254 et
1523 4198 1616 4255 cincre
1637 4199 1828 4271 poeuilentium

191 4294 287 4368 iringis,
306 4293 380 4349 uelut
397 4295 498 4361 lumns,
512 4292 630 4349 elatione
644 4292 780 4349 deliciunt.
1032 4301 1114 4358 tuere
1133 4288 1384 4358 centumcentumn
1407 4302 1512 4344 summa
1529 4289 1657 4355 essentie
1682 4288 1719 4345 nii
1741 4289 1826 4356 atiud,

476 4408 591 4467 Cll’UT
608 4408 691 4466 xiib.
1031 4395 1113 4451 qnam
1134 4379 1253 4435 luridum
1268 4396 1298 4437 se
1316 4381 1493 4452 cineremque
1513 4396 1687 4454 cognoscere.
1707 4381 1785 4439 bute
1798 4392 1829 4439 et

497 4454 542 4535 ⁸lie
556 4481 658 4552 prunis.
992 4471 1135 4586 Dcivitoti
1150 4471 1271 4542 reprobus
1283 4472 1311 4529 in
1324 4471 1472 4544 Evangelio
1494 4471 1627 4530 Dominus
1639 4473 1705 4529 dieii
1722 4490 1729 4527 :
1744 4470 1775 4528 st
1796 4476 1827 4528 ιιι

223 4566 319 4623 Pinum
332 4576 422 4622 utitem
437 4569 592 4640 significent
614 4569 723 4625 illicitus
746 4570 980 4642 concupiscentias
1033 4560 1102 4632 Tpro
1117 4571 1141 4615 θ’
1155 4560 1340 4630 Sidouclactoe
1353 4563 1463 4632 {cissent
1475 4562 1751 4634 circumspeccione
1764 4574 1826 4620 runt

187 4659 295 4723 ursinum,
310 4673 370 4727 quse
383 4658 505 4726 polluunt
516 4673 626 4729 gressus
650 4672 762 4729 operum
785 4659 977 4715 bumanorum.
1030 4654 1058 4709 itt
1069 4654 1150 4722 cobis,
1167 4653 1228 4709 oiim
1248 4655 1276 4709 iu
1290 4654 1375 4710 cilicio
1389 4666 1415 4710 et
1426 4656 1513 4711 cinere
1524 4656 1701 4727 penitentium
1713 4655 1826 4727 epissent

188 4747 265 4805 Utule
276 4755 319 4803 est
333 4747 417 4803 iliud:
436 4746 506 4801 lium
518 4747 635 4802 amiciet
649 4764 728 4820 super
750 4765 861 4819 prunus,
881 4748 979 4820 piuntoe
1031 4742 1202 4816 (Mettium).
1220 4743 1249 4799 ln
1262 4743 1352 4801 cilicio
1364 4745 1463 4817 quippe
1473 4746 1604 4817 asperitas
1613 4756 1640 4801 et
1652 4747 1827 4817 cumpunctio

184 4837 243 4909 ejus
253 4852 305 4892 non
323 4836 507 4892 comburentur
520 4833 612 4906 (Pron.
623 4837 673 4909 ιι).
689 4836 758 4893 iiiuc
771 4838 800 4893 in
822 4836 874 4894 iub
884 4840 918 4895 de
929 4840 979 4896 Le·
1030 4845 1203 4906 peccatorum
1220 4855 1227 4890 :
1243 4836 1269 4892 in
1281 4837 1373 4893 cinere
1385 4847 1476 4892 sutem
1486 4836 1574 4908 pulsis
1586 4838 1738 4893 ostenditur
1752 4852 1826 4893 mor·

184 4927 294 4983 rintlrsn
307 4928 437 4999 seriptum
449 4935 506 4983 est:
516 4926 625 4982 liclitsr
636 4928 802 4998 ejccpruncs
812 4929 904 4983 orders
915 4929 979 4999 lucit
1032 4935 1149 4994 tuorum,
1168 4937 1197 4984 et
1217 4929 1320 4985 ideireo
1331 4938 1477 5001 utrumque
1494 4931 1546 4987 buc
1556 4931 1678 4987 mllriberi
1693 4930 1827 5001 adpoent-

185 5017 258 5092 (iot.
270 5018 337 5093 xer).
352 5019 421 5087 Quid
434 5033 546 5089 prunos,
563 5018 614 5072 nisi
627 5033 772 5075 succensus
784 5019 900 5075 internis
911 5035 978 5077 eun·
1032 5016 1146 5076 tentiam
1160 5019 1239 5088 solet,
1253 5027 1284 5076 ιιι
1300 5022 1326 5077 iu
1341 5024 1488 5094 punctione
1511 5022 1592 5078 cilicii
1616 5038 1824 5094 cognoscemus.

184 5111 361 5180 eupiseeutiis
389 5110 566 5182 reproborum
595 5104 714 5177 mentes,
739 5110 875 5182 appellnt?
898 5114 979 5171 toties
1030 5110 1095 5182 quid
1112 5111 1288 5183 perculpnnr
1310 5109 1434 5179 lecimus,
1449 5122 1477 5170 ct
1493 5114 1521 5169 iu
1538 5114 1626 5171 lucilla
1644 5113 1745 5171 cirreris
1759 5130 1824 5187 per·

185 5205 257 5259 enirn
280 5204 429 5260 Lesistbun
454 5203 555 5259 balitus
583 5218 685 5275 prunus
717 5203 853 5270 recendit,
872 5206 979 5275 quoties
1029 5203 1189 5274 pendemus,
1207 5203 1272 5274 quid
1290 5202 1483 5275 perjudicium
1498 5205 1562 5265 iacti
1577 5205 1826 5263 sumnelmriset

183 5291 289 5348 occultu
299 5292 436 5363 suggestio
450 5292 583 5349 bumuncs
603 5301 710 5349 mentes
728 5292 762 5348 nd
784 5292 978 5352 delectationes
1029 5293 1089 5350 titio
1103 5294 1251 5351 humanum
1263 5311 1349 5368 genus
1364 5296 1499 5370 siguificat
1511 5314 1559 5370 per
1572 5298 1715 5355 Domitium
1729 5297 1824 5355 iesum

186 5381 293 5437 illicitus
317 5384 466 5453 pcrtmbit;
485 5391 513 5438 et
525 5381 677 5438 dummude
693 5398 741 5439 ure
753 5382 813 5454 ejus
827 5385 976 5457 egreditur,
1029 5383 1167 5441 Christum
1194 5401 1209 5440 a
1232 5395 1361 5457 perpetuu
1390 5389 1576 5445 eurnbustiune
1606 5403 1636 5446 se
1666 5390 1694 5445 in
1718 5387 1824 5459 justum

185 5475 246 5543 quia
257 5474 386 5544 quidquid
398 5490 447 5545 per
457 5486 496 5540 se,
506 5474 635 5545 quidquid
650 5491 699 5545 per
710 5476 901 5546 predicatores
912 5493 977 5534 snus
1030 5475 1212 5551 [semiustum]
1228 5478 1408 5546 ubstruetum,
1422 5490 1454 5536 ut
1476 5481 1503 5536 in
1520 5481 1653 5537 Zuehuris
1670 5499 1677 5536 :
1693 5480 1824 5552 Nunquiri

186 5564 316 5635 loquitur,
331 5568 401 5636 ignis
410 5577 462 5632 est,
478 5585 532 5633 quo
544 5585 597 5625 nun
609 5585 704 5624 uturum
719 5584 806 5639 neque
824 5585 872 5643 urg
881 5578 975 5635 mittin,
1029 5584 1082 5622 uon
1096 5570 1144 5625 iste
1157 5571 1335 5626 torriserutur
1348 5580 1386 5626 ert
1399 5571 1431 5626 de
1440 5570 1621 5644 ipueillucir.
1635 5571 1689 5643 ιιι.)
1701 5571 1825 5629 'sitiones

187 5656 234 5713 scd
248 5656 361 5729 lignium,
379 5660 484 5720 lenum,
499 5659 597 5732 stiprin
609 5672 807 5718 concremetur.
1030 5658 1082 5713 duo
1096 5667 1244 5729 potestates
1257 5660 1350 5717 saeculi
1373 5659 1455 5729 bnjus
1479 5671 1562 5733 utque
1583 5662 1703 5719 buretici
1719 5677 1753 5718 cx
1768 5678 1824 5719 utro

1029 5763 1162 5807 consensu
1175 5751 1318 5809 ecclesium
1335 5763 1541 5825 persequentes,
1556 5762 1586 5810 ut
1606 5755 1633 5811 iu
1647 5754 1738 5812 isnin:
1757 5756 1823 5813 Noli
