4042 6200
268 260 336 317 tata
586 256 618 312 B.
638 251 767 311 nabadi
785 251 896 310 dibni
914 247 1073 307 suculae.
1092 248 1248 307 bodoni.
1266 248 1410 310 mandit
1424 246 1514 305 PARS
1532 247 1575 304 ΙΙΙ.
1839 247 1908 304 liat

262 378 394 448 disperse
413 384 478 432 sunt
495 389 561 433 oves
581 391 660 440 mea,
686 387 720 429 eo
743 369 815 442 quoti
839 382 894 424 noa
924 374 997 423 esset
1013 380 1058 437 pa·
1071 363 1096 424 Α
1110 372 1245 420 monstrat
1261 363 1372 420 dicens:
1387 383 1397 415 ι
1411 362 1463 418 litt
1477 360 1607 426 bominis,
1628 363 1832 433 speciosiorem
1848 362 1910 420 defi

263 480 338 536 ator,
357 477 386 526 et
408 468 487 525 lactu
513 475 577 524 sunt
593 467 620 522 in
642 462 846 521 devorationem
870 457 991 514 omnium
1010 456 1057 513 be
1107 466 1136 514 te
1149 456 1240 513 domui
1253 455 1348 523 lsrael,
1362 464 1391 511 et
1403 455 1498 511 audies
1510 456 1545 511 de
1566 467 1614 510 ore
1629 454 1802 520 meovema,
1820 462 1851 509 et
1863 468 1913 509 aa·

263 561 377 619 stiarum
400 561 467 632 agri,
493 568 520 616 et
539 559 669 629 dispersae
687 563 797 622 sunt‚›
825 562 878 610 etc.
903 552 957 609 Sed
985 550 1058 624 quod
1106 547 1246 603 nuntiabis
1257 547 1298 604 eis
1307 562 1342 603 ex
1353 561 1407 603 me.
1424 545 1453 602 Si
1464 542 1672 601 doeotemead
1682 543 1813 615 impium,
1823 541 1912 600 som

264 651 326 709 talis
338 651 410 707 actio
425 652 492 706 iram
506 649 614 705 Domini
630 657 752 703 meretur
763 645 887 717 sequitur
905 658 913 698 ι
1102 638 1246 703 morieris,
1257 653 1311 694 non
1325 636 1531 693 annuntiaveris
1545 635 1583 702 ei,
1592 633 1802 706 nequelccatus
1815 634 1911 701 lucris,

300 742 382 813 copi.
406 761 416 793 ι
432 741 584 811 Complevit
598 739 728 795 {lominus
743 736 862 792 lurorem
882 747 974 798 suum,
989 729 1057 788 elio·
1107 738 1287 785 utavertatur
1300 729 1372 784 avia
1387 743 1437 785 sua
1450 727 1533 798 impia
1546 734 1576 782 et
1587 727 1672 793 vivat,
1693 728 1754 798 ipse
1768 726 1910 798 ιιιιιίιιιίι

266 855 277 890 ι
293 836 332 891 dit
343 836 412 890 iram
426 832 621 905 indignationis
643 846 710 895 suae,
725 837 753 885 et
767 825 908 884 succendit
925 826 1016 897 ignem
1028 823 1057 879 in
1105 820 1250 891 iniquitate
1270 835 1318 877 sua
1335 820 1478 887 morietur,
1501 817 1663 890 saugmmm
1682 825 1779 876 aulem
1805 817 1912 888 ejusde

267 944 276 978 s
292 924 369 988 Sion,
384 933 412 978 et
432 922 573 978 devoravit
595 920 771 976 fundamenta
792 918 863 989 ejus.
879 935 889 970 ι
904 914 1058 987 Complevlt
1105 928 1187 969 mauu
1201 921 1247 969 tua
1261 913 1411 985 requiram.
1428 910 1458 969 si
1476 919 1570 969 autem
1584 919 1614 967 tn
1628 910 1844 966 maundavems
1863 908 1911 964 ixa-

263 1016 335 1070 enim
351 1013 480 1070 honrinns
501 1011 621 1067 iurarem
645 1024 734 1075 situm,
750 1017 778 1064 et
796 1006 891 1065 elludit
905 1007 973 1062 iram
986 1004 1058 1061 indi·
1106 1004 1161 1075 pio,
1176 1011 1203 1060 et
1214 1002 1260 1060 ille
1274 1018 1328 1059 nou
1339 1002 1422 1060 luerit
1436 1018 1588 1061 conversus
1601 1003 1636 1059 ab
1650 1002 1799 1073 impietate
1820 1016 1872 1057 maa
1883 1011 1910 1059 et

263 1105 397 1176 gnationis
411 1119 466 1159 suae
489 1103 641 1175 ingentem
664 1101 855 1173 peccatricem,
875 1099 983 1170 quando
1002 1113 1056 1153 non
1105 1096 1151 1151 via
1164 1095 1320 1166 suaimpia,
1335 1095 1515 1167 ipsequidom
1527 1094 1556 1150 in
1575 1094 1724 1166 iniquitate
1737 1108 1792 1150 sua
1812 1093 1911 1150 morie
1996 1137 1997 1150 ,

263 1196 348 1251 solum
364 1195 491 1266 populum
513 1194 714 1258 exterminavit,
729 1190 777 1248 sed
795 1191 878 1247 etiam
900 1189 1056 1246 habitacula
1106 1196 1170 1255 tor,
1196 1195 1226 1242 ιιι
1252 1195 1343 1243 autem
1366 1189 1485 1243 animam
1514 1194 1588 1242 tuam
1617 1186 1752 1242 libmsti.
1781 1184 1839 1241 Sed
1861 1186 1910 1242 etsi

264 1301 312 1355 per
326 1286 419 1340 hostes
431 1300 526 1340 eorum
539 1284 668 1355 usquead
682 1281 859 1339 fundamenta
871 1282 1016 1347 destruxit,
1030 1291 1058 1337 et
1106 1298 1255 1339 conversus
1262 1282 1343 1338 luerit
1348 1281 1439 1352 justus
1449 1280 1578 1352 ajustitia
1586 1289 1682 1347 sua,ct
1692 1280 1799 1336 lecerit
1812 1280 1910 1350 iniqui·

264 1379 393 1449 templum
404 1387 485 1448 atque
498 1378 591 1434 urbem
603 1378 728 1433 incendio
742 1375 920 1448 consumpsit.
932 1374 1056 1446 &implet
1106 1380 1201 1436 tatem
1215 1389 1316 1445 ponam
1332 1373 1524 1431 offendiculum
1550 1387 1642 1428 corana
1655 1386 1690 1428 eo
1708 1388 1716 1425 ι
1733 1372 1799 1443 ipse
1813 1371 1910 1427 morie·
1996 1371 1997 1406 l

263 1471 345 1527 etiam
360 1478 388 1526 et
402 1471 428 1525 in
445 1469 523 1525 malis
535 1469 691 1526 doctoribus
706 1467 825 1527 iurarem
843 1482 935 1532 suum,
948 1467 1056 1537 quando
1107 1474 1162 1533 tur,
1175 1464 1240 1535 quia
1253 1479 1309 1520 non
1330 1463 1497 1521 annuntiasti
1511 1462 1535 1518 ei
1547 1479 1555 1530 3
1569 1463 1596 1518 in
1610 1469 1727 1533 peccato
1741 1477 1798 1518 suo
1812 1462 1910 1519 morio·

262 1577 312 1634 pro
329 1560 490 1633 negligentia
512 1568 541 1615 et
562 1557 664 1615 desidia
687 1574 735 1615 sua
751 1557 877 1614 incendio
901 1572 950 1613 eos
967 1556 1057 1612 tradet
1107 1568 1161 1628 tur,
1175 1569 1204 1615 et
1222 1575 1277 1616 uon
1298 1567 1379 1616 erunt
1397 1559 1425 1614 iu
1446 1557 1606 1614 memoriam
1623 1555 1741 1625 justitie
1753 1556 1829 1626 ejas,
1843 1571 1910 1626 qun

262 1661 392 1724 perpetuo
409 1669 415 1705 :
429 1660 456 1705 et
469 1666 522 1707 non
536 1650 622 1706 solum
636 1666 685 1722 pro
698 1650 825 1720 operibus
846 1648 926 1705 malis
941 1663 989 1705 eos
1003 1664 1056 1720 pu·
1107 1650 1174 1706 lecit
1188 1669 1196 1705 ι
1214 1650 1374 1722 sanguinem
1389 1650 1527 1720 veracius
1541 1648 1576 1704 do
1592 1663 1674 1703 mauu
1687 1656 1735 1704 tna
1754 1648 1908 1718 mquiran.

264 1745 315 1810 nit,
334 1744 381 1799 sed
396 1757 483 1813 nsque
497 1742 531 1798 ad
553 1743 728 1799 fundamenta
746 1758 937 1816 perversarum
951 1742 1057 1812 cogita·
1070 1720 1095 1782 B
1107 1742 1137 1800 st
1150 1751 1242 1801 autem
1257 1753 1286 1800 to
1309 1744 1516 1801 annuntiaveris
1534 1741 1620 1815 justo,
1632 1751 1664 1799 ut
1683 1758 1741 1798 nou
1753 1749 1865 1813 peccet,
1883 1749 1911 1798 ot

265 1836 366 1890 tionum
385 1833 572 1904 ejusvindicta
585 1835 719 1906 pervenit.
1107 1832 1153 1890 ille
1173 1848 1227 1890 non
1242 1834 1408 1905 peccaverit,
1432 1834 1527 1890 vivens
1547 1834 1631 1897 vivet,
1647 1832 1714 1904 quia
1737 1833 1909 1888 amandasti

299 1925 408 1978 lamed.
425 1941 449 1975 ἰ
464 1922 522 1978 Non
541 1922 716 1979 crediderunt
736 1938 814 1996 reges
830 1931 920 1990 terra,
944 1931 974 1979 et
996 1922 1057 1978 uni·
1106 1922 1144 1990 ei,
1155 1932 1184 1978 et
1197 1931 1225 1979 tu
1239 1923 1360 1979 animam
1377 1932 1452 1979 tuam
1465 1923 1586 1980 liberasti
1601 1921 1713 1996 (Euris.
1726 1921 1785 1994 ιιι).
1799 1940 1810 1975 ι

266 2031 275 2065 ι
293 2013 364 2068 versi
380 2011 547 2068 habitatores
556 2011 643 2078 orbis,
664 2013 791 2083 quoniam
808 2013 995 2084 ingrederetur
1007 2011 1058 2068 lto·
1142 2011 1218 2068 Nan.
1241 2013 1435 2071 ‹Erraverunt
1453 2014 1519 2070 ceci
1535 2013 1566 2069 ia
1588 2012 1697 2084 plateis,
1726 2012 1829 2084 polluti
1847 2021 1910 2069 suat

262 2103 313 2160 stis
326 2114 353 2158 et
370 2103 497 2159 inimicus
519 2116 569 2173 per
581 2112 675 2174 portas
697 2102 878 2160 Hierusalem.
894 2124 905 2159 ι
918 2103 1055 2177 (iliceos.)
1110 2105 1278 2176 «sanguine.
1295 2103 1482 2177 Cumquenon
1494 2111 1617 2176 possent,
1628 2111 1782 2161 tennerunt
1796 2103 1911 2160 lacinias

262 2195 377 2265 Quando
390 2210 454 2268 ergo
467 2203 554 2252 status
568 2195 643 2268 regui
659 2195 765 2252 Iudaici
788 2198 889 2253 mansit
901 2197 1055 2264 incolumis,
1111 2214 1121 2250 ι
1137 2211 1211 2253 snas.
1227 2215 1237 2249 ι
1254 2193 1390 2269 (Hieron.)
1411 2194 1464 2250 Per
1478 2194 1606 2251 inertiam
1624 2208 1691 2265 ergo
1703 2194 1856 2250 doctorum
1868 2203 1910 2249 te·

262 2290 387 2346 cicuitus
400 2291 446 2345 liei
461 2290 569 2347 lbierat
593 2281 917 2357 celeberrimus,didicile
932 2288 983 2345 luit
1008 2302 1057 2343 na·
1107 2287 1199 2345 nebris
1221 2275 1381 2359 ignorantie
1403 2285 1532 2342 sicema
1557 2292 1724 2341 erraverunt
1749 2284 1780 2340 ia
1811 2284 1910 2356 plateis

263 2379 381 2436 tionibus
392 2381 511 2452 gentium
536 2379 747 2452 circumquaque
768 2380 919 2451 positamm
944 2381 1057 2437 credere
1106 2389 1203 2438 terme
1221 2379 1317 2451 plebis,
1331 2380 1395 2451 quia
1408 2379 1471 2437 dum
1485 2378 1561 2435 sead
1576 2377 1722 2434 illecebras
1731 2376 1908 2434 tradnatvo-
1996 2425 1997 2442 ,

263 2472 335 2543 quod
359 2481 487 2529 extamus
502 2472 589 2529 hostis
603 2471 792 2528 dominaturus
814 2480 887 2529 esset
906 2472 1058 2546 insignissi·
1106 2471 1251 2544 luptatum,
1265 2479 1369 2527 rectam
1379 2469 1476 2526 callem
1490 2484 1545 2526 non
1560 2476 1653 2524 ιιιιιιιιι
1665 2467 1829 2523 divisorum
1840 2483 1911 2538 pm·

262 2575 325 2626 ma,
338 2568 366 2616 et
379 2559 478 2632 templo
500 2558 694 2625 famosissimo,
715 2561 835 2616 maxime
854 2575 917 2616 cum
934 2561 1058 2617 viderent
1105 2571 1256 2633 ceptorum.
1270 2559 1305 2617 Et
1315 2562 1385 2618 bene
1395 2559 1513 2618 dieitur:
1529 2557 1725 2630 «pedaticum
1738 2559 1906 2629 sauguine·
1996 2573 1997 2576 ¹

261 2655 292 2707 et
305 2651 431 2706 audirent
451 2653 486 2707 ab
506 2651 584 2706 initio
597 2661 704 2723 gentem
721 2651 794 2706 illam
810 2652 894 2724 signis
908 2652 1058 2708 clarescen-
1106 2653 1172 2726 quia
1200 2650 1470 2725 sanguinolentorum
1493 2665 1605 2721 operum
1632 2648 1820 2706 contaminati
1845 2659 1910 2705 snat

262 2738 346 2805 tibus,
359 2739 450 2795 divina
469 2755 520 2811 ope
535 2749 715 2797 sustentatam
730 2749 814 2812 atque
825 2749 985 2812 protectam.
1000 2742 1057 2814 lly-
1105 2743 1310 2801 commixtione.
1328 2761 1338 2795 ι
1354 2741 1477 2814 Cumque
1487 2757 1542 2798 aon
1556 2748 1680 2812 possent,
1695 2761 1705 2795 ι
1723 2742 1829 2813 iuquit,
1847 2743 1910 2799 ab

261 2829 330 2884 stice
351 2837 442 2885 autem
465 2845 527 2886 cum
550 2831 668 2886 animam
694 2831 839 2904 cujuslibet
854 2831 942 2889 tidelis
956 2832 1057 2890 videri·
1105 2834 1227 2902 auditur,
1250 2841 1325 2891 neoto
1345 2833 1456 2890 mamito
1485 2832 1622 2897 incedere,
1644 2840 1799 2889 tenuemus
1816 2832 1907 2905 lacry-

261 2933 323 2974 mns
342 2919 458 2991 spiritali
480 2920 594 2976 amentia
615 2929 698 2993 atque
719 2923 841 2979 omnium
859 2923 991 2981 vimulum
1009 2924 1057 2980 de·
1106 2943 1166 2985 mas
1180 2925 1314 3001 [bunius]
1337 2926 1480 2993 suasione
1495 2935 1548 2994 cst,
1567 2925 1682 2982 adoram
1704 2926 1842 2983 damtuna
1861 2941 1908 2983 es·

261 3021 326 3064 core
339 3010 510 3077 adornatam,
522 3010 567 3064 vix
582 3010 695 3067 medem
716 3026 862 3083 possumus
875 3021 932 3068 tam
952 3013 1055 3070 subita-
1106 3021 1244 3093 parabant,
1259 3026 1290 3075 ur
1302 3033 1397 3076 sorum
1412 3026 1521 3075 actuum
1540 3017 1682 3089 exemplis,
1698 3018 1781 3088 quasi
1795 3018 1909 3089 mribus·

260 3114 313 3156 neo
326 3115 392 3157 casu
406 3117 467 3157 eam
487 3117 628 3170 corruere,
652 3111 682 3158 ut
695 3118 756 3174 que
768 3105 885 3175 quodam
903 3104 1090 3175 imperabatc
1105 3110 1168 3167 dom
1187 3109 1295 3166 laciniis
1321 3108 1412 3175 traco,
1435 3122 1558 3180 gressum
1579 3107 1722 3169 imitentur
1743 3108 1908 3178 praeceden—

260 3192 427 3262 spiritalibus
441 3192 569 3259 inimicis,
594 3200 623 3248 et
640 3208 688 3250 eos
707 3194 742 3249 ab
754 3194 873 3251 olscssis
892 3196 1053 3265 corporibus
1103 3202 1182 3259 tium
1196 3200 1250 3259 Sed
1264 3201 1327 3273 quia
1349 3201 1506 3271 frequenter
1522 3198 1561 3255 illi
1577 3199 1624 3269 qui
1643 3207 1781 3270 brueorm
1803 3208 1834 3255 et
1856 3197 1908 3255 ire·

262 3284 346 3340 verbo
358 3283 491 3340 orationis
511 3282 647 3353 ejiciebat,
671 3285 911 3341 nnnceorumdem
933 3286 1052 3343 hostium
1104 3302 1221 3367 questos
1249 3310 1278 3351 so
1305 3292 1389 3351 sorbo
1416 3293 1568 3359 doctriua,
1600 3300 1630 3347 et
1656 3291 1739 3348 bouis
1771 3292 1908 3365 umagdb

259 3373 352 3446 praeda
371 3373 429 3440 dat,
444 3381 472 3429 et
490 3381 548 3430 tota
562 3373 669 3430 illorum
692 3374 865 3445 nequissime
888 3377 1054 3435 subditavo-
1103 3388 1205 3444 ouoere
1217 3385 1378 3452 dobooront,
1402 3384 1476 3456 ipsos
1488 3390 1629 3443 secutores
1648 3397 1714 3439 suos
1727 3398 1781 3454 pet
1804 3382 1904 3439 lemtim

263 3463 371 3520 luomti.
387 3463 442 3521 Sed
456 3464 527 3520 unde
543 3464 602 3520 baec
620 3465 700 3520 ruina
714 3465 832 3521 maxima
847 3468 996 3537 proveniat,
1011 3483 1055 3525 se·
1104 3478 1238 3550 superbis
1248 3483 1409 3547 spernentes
1429 3475 1458 3531 in
1471 3473 1691 3545 desperationem
1709 3475 1840 3533 mittant.
1858 3472 1905 3531 Se-

260 3570 348 3625 quens
366 3569 457 3611 sermo
470 3557 612 3627 prophete
634 3556 812 3613 demonstrat
830 3557 975 3633 (Mauros.)
988 3559 1054 3618 Pro-
1104 3569 1216 3640 quitur:

260 3656 322 3718 pter
333 3655 446 3719 peccata
460 3647 533 3703 enim
554 3647 704 3704 scribamm
728 3658 756 3704 et
769 3647 979 3716 Pharisaeorum,
990 3665 1055 3708 nec·
1141 3656 1263 3715 semesa
1285 3655 1445 3728 ‹giieoedite
1459 3654 1565 3727 polluti,
1576 3653 1767 3711 clamaverunt
1780 3652 1825 3709 eis
1835 3667 1847 3708 a
1859 3665 1905 3707 ra·

261 3752 316 3794 Μ
328 3746 356 3794 ⁰²
368 3735 699 3810 ifflfflssumhdfflfflffls
710 3738 756 3810 qni
772 3739 931 3812 ”libum
947 3742 1055 3798 Mem·
1107 3770 1118 3803 ι
1133 3750 1233 3817 cedite,
1251 3749 1337 3817 abito,
1358 3748 1443 3805 nolite
1456 3754 1576 3820 tangere.
1593 3745 1699 3818 iurgati
1713 3745 1819 3818 quippe
1826 3754 1904 3813 aaut,

260 3826 348 3899 ptoris
367 3836 395 3883 et
412 3829 606 3899 prophetarum
620 3835 702 3900 atque
726 3829 910 3900 apostolorum
934 3830 992 3901 ejas
1010 3832 1053 3889 el·
1107 3857 1117 3892 ι
1134 3847 1163 3896 et
1175 3839 1304 3897 commoti
1317 3838 1443 3896 dixerunt
1456 3838 1527 3893 iuter
1539 3846 1644 3908 gentes,
1658 3834 1718 3893 Non
1732 3836 1903 3895 addetultra

261 3916 407 3985 ludenrot,
432 3918 577 3989 captivites
602 3917 772 3976 Hierusalem
799 3929 881 3991 atque
903 3922 1054 3980 devasutio
1108 3930 1306 3987 ‹utinhabitet
1321 3929 1432 3986 ineis.»

260 4009 490 4067 maximoetenil·
1140 4020 1208 4078 Plio.
1230 4020 1350 4078 «Fames
1368 4018 1476 4077 Domini
1495 4017 1587 4076 divisit
1607 4032 1664 4086 eos,
1692 4033 1749 4076 nou
1771 4019 1858 4079 addet
1876 4032 1905 4077 at

296 4106 379 4162 Mem.
412 4107 549 4178 «Propter
572 4116 685 4178 peccata
713 4110 908 4181 prophetarum
935 4110 1004 4180 eius,
1025 4121 1054 4168 et
1107 4116 1233 4190 «eripiat
1257 4113 1409 4191 [respiciat]
1431 4129 1489 4171 eos.
1519 4112 1615 4171 Facies
1641 4112 1819 4170 sacerdotum
1849 4130 1903 4170 nou
1996 4152 1997 4167 ι

263 4196 449 4268 «iniquitates
461 4197 633 4253 sacerdotum
646 4197 716 4268 ejus,
729 4199 774 4270 qui
789 4188 942 4257 effuderunt
955 4201 982 4258 ia
996 4217 1055 4259 mo-
1106 4209 1313 4275 «erubuerunt,
1332 4220 1422 4279 neque
1444 4219 1542 4263 ιιιιιιιιι
1563 4204 1669 4261 miserti
1695 4212 1772 4260 suut.
1788 4224 1799 4258 ι
1813 4202 1902 4276 (Usu-
1996 4210 1997 4219 ¹

264 4306 275 4338 ι
294 4289 338 4344 dio
350 4286 409 4356 ejus
430 4289 591 4359 sanguinem
605 4288 776 4362 justorum.»
795 4290 927 4349 Similiter
939 4302 967 4350 et
980 4308 1053 4350 nunc
1103 4300 1177 4373 aus.)
1198 4298 1272 4356 Talis
1292 4306 1333 4355 est
1356 4313 1410 4355 vox
1429 4298 1608 4371 superborum
1629 4297 1840 4367 magistrorum,
1857 4294 1902 4366 qai

260 4376 288 4433 iu
303 4378 436 4445 Ecclesia,
449 4386 560 4451 propter
572 4390 682 4451 peccata
695 4381 888 4454 prophetaram
902 4393 932 4440 et
950 4384 1051 4456 iniqui·
1103 4404 1187 4460 pocus
1201 4388 1273 4458 quod
1287 4402 1409 4444 crassum
1422 4394 1465 4443 est
1477 4385 1512 4441 de
1524 4400 1606 4457 grege
1618 4393 1773 4451 assumunt,
1785 4392 1814 4441 et
1829 4387 1902 4457 qood

261 4477 332 4525 tates
345 4470 517 4525 sacerdotum
531 4469 601 4541 ejus,
620 4480 760 4544 portarum
775 4473 906 4544 spiritalis
923 4473 1053 4532 llierusa-
1105 4478 1193 4537 debile
1206 4475 1363 4551 projiciunt,
1380 4477 1453 4550 quod
1479 4475 1617 4535 murnum
1637 4490 1692 4531 nou
1713 4475 1902 4539 consolidant,

261 4559 315 4616 lem
325 4568 399 4630 patet
420 4561 555 4616 introitus.
578 4560 691 4630 Quando
704 4574 815 4636 propter
836 4566 971 4638 ignaviam
984 4583 1054 4639 praa-
1104 4580 1133 4626 et
1157 4570 1229 4641 quod
1249 4578 1381 4643 aegrotum
1409 4582 1462 4624 ιιοιι
1484 4574 1592 4625 sanant
1622 4566 1788 4634 «Recedite,
1811 4567 1901 4630 aiunt,

261 4651 424 4719 dicatorum,
436 4660 464 4708 et
477 4653 668 4725 negligentiam
682 4656 852 4712 sacerdotum
865 4658 924 4726 liei,
938 4659 985 4729 qui
999 4674 1053 4717 non
1104 4661 1211 4734 polluti,
1232 4661 1361 4728 recedite,
1383 4659 1466 4727 abite,
1480 4658 1565 4715 nolite
1581 4673 1632 4715 nos
1652 4667 1776 4730 tangere,
1791 4680 1801 4713 ι
1816 4661 1903 4715 nolite

261 4750 360 4799 curant
372 4741 471 4813 populo
485 4744 648 4801 annuntiare
663 4746 735 4802 viam
758 4748 875 4816 bomini,
898 4763 927 4807 et
942 4765 1053 4823 compo-
1105 4754 1133 4811 in
1148 4753 1238 4825 aliquo
1250 4753 1329 4810 nobis
1347 4750 1550 4808 communicare
1562 4766 1570 4807 r
1582 4750 1741 4806 insanabilia
1763 4761 1832 4808 sunt
1845 4752 1902 4807 sul·

261 4850 339 4891 scere
357 4850 419 4890 eum
439 4849 456 4889 a
478 4836 607 4906 pcccatis,
631 4837 718 4894 bostis
732 4839 867 4912 malignus
887 4856 938 4911 per
957 4857 1054 4900 sensus
1105 4860 1172 4905 nera
1194 4851 1338 4911 vostrast
1357 4841 1520 4900 incurabiles
1536 4841 1642 4913 plaga:
1658 4856 1712 4898 noa
1735 4843 1806 4898 mtis
1825 4844 1901 4917 digni

259 4927 411 4984 exteriores
422 4927 524 4983 aditum
539 4928 695 4985 intrandiin
707 4932 825 4987 animam
838 4932 951 5001 invenit,
964 4941 1051 4992 etoo-
1105 4937 1294 4994 cosnmuuionc
1312 4935 1477 5003 Christiana,
1500 4943 1530 4990 ut
1544 4934 1616 4990 ultra
1631 4933 1658 4989 in
1672 4934 1750 4990 vobis
1764 4933 1902 4992 inhabitet
1996 4958 1997 4977 1

260 5019 398 5075 casioncm
413 5019 493 5076 babet
505 5033 554 5090 per
566 5019 688 5076 diuersas
698 5021 808 5079 fraudes
820 5039 881 5079 eam
894 5026 1050 5083 seducendi.
1105 5029 1223 5100 Spiritus
1242 5036 1368 5086 sanetus:
1390 5024 1591 5083 taciesbomini
1608 5024 1704 5081 dividit
1727 5041 1778 5081 nos
1797 5041 1831 5082 ac
1855 5044 1900 5085 rc·

262 5109 339 5166 Unde
354 5110 483 5182 scriptum
498 5119 559 5166 est:
575 5130 585 5162 ι
599 5110 686 5169 Causa
700 5115 785 5169 ruina
796 5114 888 5186 populi
898 5117 1052 5175 sacerdotes
1104 5124 1187 5196 spuit,
1201 5139 1253 5181 nec
1263 5121 1345 5179 addet
1360 5120 1431 5179 ultra
1449 5128 1480 5177 ut
1494 5120 1619 5191 recipiat,
1630 5118 1693 5190 quia
1707 5117 1794 5176 iacies
1808 5136 1903 5178 sacer·

261 5202 325 5256 mali
348 5200 457 5274 (liures.
477 5202 518 5275 ιι).
536 5221 546 5255 ι
563 5201 615 5270 Qui
637 5204 736 5260 merito
763 5205 890 5262 dicuntur
913 5206 1052 5267 eiiundere
1104 5218 1197 5274 dotum
1222 5224 1374 5271 vestrorum
1395 5229 1449 5270 non
1468 5210 1624 5277 emtbuistis,
1649 5224 1736 5284 necque
1756 5213 1903 5270 seniorum

262 5292 420 5363 sanguinem
444 5290 590 5361 justorum,
614 5294 677 5364 quia
707 5296 771 5352 dum
798 5298 977 5369 simplicibus,
1001 5302 1049 5375 qai
1104 5314 1258 5365 vestrorum
1273 5303 1481 5361 admonitionem
1495 5312 1636 5358 mansuete
1657 5303 1825 5373 suscepistis.
1843 5303 1903 5360 ‘ia-

262 5381 333 5437 lorte
346 5397 395 5453 per
408 5385 666 5456 innocentiamjosti
685 5400 747 5443 esse
770 5397 880 5459 possam
899 5389 922 5445 si
937 5391 1050 5448 rectitu-
1105 5398 1140 5455 lis
1158 5396 1230 5454 enim
1251 5393 1357 5465 loquela
1383 5408 1435 5451 nou
1460 5393 1594 5451 illuminat
1609 5409 1721 5458 cacum
1739 5409 1794 5450 nou
1818 5406 1903 5450 sanat

263 5471 354 5525 ιιὶιιιιι
370 5474 476 5529 viarum
496 5475 603 5531 Domini
625 5478 736 5545 scirent,
758 5479 922 5538 subtrahunt
940 5484 1052 5541 verbum
1104 5498 1247 5559 agrotum,
1267 5500 1321 5542 aon
1336 5494 1415 5541 curat
1437 5483 1586 5548 infirmum,
1611 5483 1660 5539 sed
1679 5483 1766 5555 magis
1784 5484 1900 5549 occidit,

264 5559 364 5624 solatii,
389 5564 428 5617 rei
456 5564 581 5622 dicuntur
605 5583 667 5624 esse
692 5572 834 5643 sanguinis
858 5573 946 5631 edum.
975 5575 1052 5644 Quod
1104 5591 1186 5652 atque
1205 5581 1232 5635 in
1258 5580 1475 5650 desperationem
1496 5578 1694 5649 periclitantem
1716 5578 1809 5634 mittit.
1827 5578 1902 5635 Boni

266 5658 356 5698 sermo
368 5650 473 5705 divinus
485 5654 518 5707 ad
537 5654 703 5713 Ezechielem
716 5664 875 5732 proplietam
891 5666 992 5737 liquide
1002 5670 1050 5725 de-
1104 5670 1176 5726 enirn
1186 5669 1311 5726 doctores
1321 5685 1354 5726 ex
1366 5686 1414 5726 stin
1428 5671 1585 5726 inlirmitate
1597 5670 1710 5727 aliorum
1722 5668 1900 5727 iullrnritates
