4042 6200
240 277 291 334 stt
558 270 589 325 B.
609 269 735 325 nausti
754 269 863 325 nsunt
882 268 1042 325 riiiCliiEP.
1064 269 1218 330 nonunt.
1239 273 1381 332 obstruit
1402 276 1492 333 PARS
1508 278 1541 335 ΙΙ.
1820 285 1875 343 5η

239 392 386 454 masadam,
412 389 486 443 addit
513 386 629 442 dotorem
648 384 747 460 (liceis.
772 386 803 458 1).
827 385 940 457 Lignum
962 401 1029 440 ertit
1045 386 1069 444 Α
1081 386 1199 454 florebit.
1224 388 1290 442 sicut
1307 390 1400 445 cedrus
1424 391 1518 446 Libani
1540 392 1757 463 multiplicatam
1780 394 1874 468 (Psoi.

240 479 342 554 Christi
364 480 391 534 in
404 478 473 534 libro
488 476 631 548 Sapientiae
650 494 656 530 :
673 474 841 529 Benedictnm
862 475 1031 546 iignumpsr
1082 475 1148 546 xci).
1172 476 1207 531 Et
1232 476 1384 533 inCantico
1407 480 1576 536 canticorum
1595 497 1693 552 sponsa
1716 483 1751 538 de
1775 500 1877 554 moneo

239 574 310 645 quod
320 573 349 641 fit
368 572 473 643 justitie
487 568 559 640 (Snp.
574 568 641 641 xiv).
663 567 695 622 Et
709 567 735 622 in
752 568 855 637 psalmo
873 581 881 621 τ
904 568 1030 623 Dominus
1081 566 1146 622 dicit
1161 585 1168 620 τ
1184 568 1515 639 Coniectaneorum
1528 572 1689 641 pulsatorum,
1705 573 1786 643 nigris
1798 578 1876 647 pansi

241 665 356 734 regnauit
369 662 464 732 clipeo
476 658 562 730 (Psoi,
578 658 650 729 xcv).
667 659 751 731 Ligna
765 651 875 729 peccata
890 660 917 713 in
929 659 1029 714 liente-
1081 674 1172 713 coruus
1185 659 1273 731 (Cant.
1288 659 1326 732 ν).
1338 660 1429 717 Comae
1440 671 1556 717 catervae
1568 671 1735 730 satiatorum,
1747 682 1808 734 qnae
1821 666 1877 723 lieo

240 757 363 812 ronomio
374 773 381 808 ε
394 753 491 824 Siquis
505 752 596 807 obierit
611 769 669 807 cnm
684 752 804 822 proriam
817 767 865 805 suo
878 750 1031 819 simpliciter
1081 749 1153 804 tincti
1165 749 1294 806 famulatu
1308 753 1448 808 adbaerent
1460 753 1556 809 telate
1566 753 1661 825 peinis>
1671 767 1782 826 propter
1792 767 1877 828 capuit

238 845 266 901 in
278 844 369 901 siloem
380 844 415 899 nil
423 832 628 911 'lipnncoedendn
640 841 729 913 (Deua
741 841 809 913 xix).
825 841 919 896 locris
928 841 1029 912 lignum
1080 842 1187 897 Domini
1202 857 1209 896 :
1222 845 1305 915 nigrae
1317 853 1428 914 propter
1438 845 1637 915 despectionem
1649 849 1718 918 apud
1730 848 1874 903 boiviines:

239 942 382 1003 adustum,
397 951 477 1008 quem
490 934 586 1008 vitiges
600 933 723 989 titionem
736 933 855 1003 appellat
875 940 1029 988 extractum
1082 931 1125 987 vel
1139 932 1218 988 etatae
1230 934 1265 989 ob
1280 935 1420 990 victoriam
1437 953 1445 989 ε
1459 935 1544 1006 nigrae
1557 935 1593 992 ob
1604 952 1755 1007 pressuras.
1769 938 1877 994 Lannm

239 1030 299 1086 ioco
323 1028 480 1084 semiustum
502 1034 530 1082 et
551 1026 711 1082 extinctum.
738 1023 896 1094 Quisquitiae
922 1024 1030 1095 stipulae
1081 1023 1196 1080 averbo
1214 1024 1299 1082 laudis
1313 1027 1383 1081 dicta
1401 1041 1409 1081 a
1430 1028 1481 1082 bac
1492 1028 1565 1082 enim
1577 1043 1639 1083 ervm
1653 1028 1777 1085 lauilibus
1788 1031 1878 1087 victo—

237 1107 363 1176 immiste
385 1116 502 1173 surculis
520 1114 638 1171 acioliis
658 1115 760 1170 aridis:
776 1122 841 1171 sunt
860 1122 1030 1183 antempur·
1080 1129 1141 1170 rnna
1172 1116 1260 1185 capita
1290 1116 1498 1172 coronabantur.
1527 1117 1603 1186 apud
1628 1119 1755 1188 antiquos
1781 1131 1876 1178 atatem

236 1220 362 1284 gamenta
388 1217 533 1265 terramm.
555 1207 668 1279 ilystice
689 1193 780 1263 autem
802 1208 884 1263 torris
899 1206 941 1262 vei
968 1208 1029 1262 titio
1079 1205 1175 1261 laudea
1202 1206 1392 1262 nominabatur
1416 1226 1422 1261 :
1445 1207 1569 1276 postead
1596 1208 1685 1263 littera
1710 1210 1877 1277 subiata,et

236 1296 371 1367 significat
393 1296 553 1365 sapientiam
576 1309 691 1359 vanam,
716 1308 863 1365 quaeverae
889 1293 1029 1364 sapientiae
1079 1297 1337 1367 submgatasdicta
1351 1308 1393 1355 cst
1417 1299 1510 1355 laurus
1525 1317 1532 1354 :
1548 1307 1578 1354 ut
1603 1299 1630 1355 in
1645 1301 1794 1365 auricmis,
1813 1319 1877 1373 qaum

236 1388 371 1444 contraria
384 1395 424 1441 est
438 1404 445 1440 :
462 1387 533 1441 unde
544 1385 642 1457 iegitur
655 1385 682 1441 in
693 1384 761 1440 lsaia
772 1384 920 1455 propbeta,
934 1384 1026 1440 [iomi-
1078 1386 1109 1442 in
1124 1387 1202 1443 initio
1215 1388 1346 1443 audiculae
1357 1388 1435 1444 dicte
1449 1396 1512 1444 sunt
1527 1406 1535 1443 a
1549 1396 1577 1444 et
1589 1388 1730 1454 medidies,
1742 1391 1789 1461 agari
1803 1407 1877 1447 iurare

237 1493 301 1534 num
330 1463 431 1531 dixisse
456 1478 489 1532 ad
514 1475 601 1547 ipsum
624 1476 785 1548 prophetam
809 1490 817 1529 a
842 1475 974 1546 Egredere
1000 1477 1028 1531 ia
1079 1477 1209 1533 meridies
1220 1478 1328 1533 dicitnr.
1342 1478 1419 1534 Hane
1433 1479 1558 1534 arborem
1569 1478 1655 1536 Greci
1672 1481 1808 1553 dapbnem
1825 1498 1874 1536 vo-

236 1585 371 1625 occursum
383 1567 483 1633 Aelius,
501 1578 541 1633 tu,
553 1577 577 1646 et
590 1567 635 1638 qui
649 1566 788 1623 derelictus
801 1574 839 1622 est
852 1564 937 1621 lesui
955 1566 1027 1635 filius
1079 1575 1144 1623 eant
1162 1585 1169 1620 :
1186 1568 1258 1638 qtrod
1272 1583 1409 1638 nunquam
1422 1568 1540 1639 deponat
1559 1568 1733 1637 viriditatem,
1750 1573 1815 1628 inde
1829 1574 1836 1627 i
1850 1574 1876 1628 ia

235 1669 306 1724 titus,
321 1659 356 1713 nd
370 1669 512 1713 extremum
528 1658 697 1729 eqnaednctus
708 1659 815 1728 piscine
835 1658 977 1728 superioris
999 1658 1027 1714 in
1078 1657 1170 1727 potius
1183 1657 1302 1713 victores
1316 1659 1534 1715 coronabantur:
1553 1658 1610 1715 sola
1625 1675 1733 1731 quoque
1754 1662 1814 1716 baec
1827 1678 1876 1716 ar-

235 1751 275 1806 sin
287 1747 464 1821 agrifullonis,
482 1762 506 1806 et
517 1751 587 1826 dites
598 1751 632 1805 ed
641 1768 700 1805 eum
716 1764 725 1801 .·
741 1749 817 1814 Vide,
829 1749 960 1814 assitens,
972 1750 1027 1804 troii
1044 1729 1064 1789 Β
1078 1748 1129 1803 bor
1146 1746 1251 1818 fulgore
1265 1748 1403 1806 fulminari
1418 1750 1531 1806 minime
1549 1750 1679 1808 creditur.
1705 1752 1768 1808 ttaee
1791 1754 1878 1809 arbor

235 1842 334 1908 sineere,
362 1851 385 1896 ct
409 1857 538 1918 corrasam
565 1859 596 1897 nc
616 1841 738 1912 [nmaidei
763 1859 780 1896 n
808 1841 910 1896 duobus
934 1841 1026 1896 cnadis
1076 1838 1878 1912 benepotestsigniliearemartymmvietbriaseteoronas

233 1933 356 1987 titionum
379 1921 563 2003 instigantium
586 1935 696 1987 istorum
717 1934 745 1987 in
766 1932 809 1985 ira
829 1931 927 2000 [risoris
944 1930 1026 1985 linsin
1076 1922 1333 1985 immarcescibiles:
1349 1930 1449 1985 malum
1462 1946 1477 1985 a
1490 1929 1592 1992 Graecis
1615 1933 1728 1996 dietant,
1748 1935 1821 2004 quod
1837 1936 1881 1990 sit·

234 2023 301 2092 repis
313 2022 410 2092 Spa-in,
423 2033 447 2077 et
458 2022 507 2092 filii
520 2021 652 2086 dometis,
666 2039 695 2077 eo
706 2022 776 2093 quod
788 2021 927 2076 consitium
938 2021 1026 2076 inierit
1075 2020 1180 2078 lructus
1194 2021 1252 2090 ejus
1264 2035 1404 2094 pomorum
1416 2023 1536 2078 omnium
1553 2023 1763 2081 rotundissimus
1777 2044 1785 2080 :
1801 2028 1877 2082 vindo

233 2124 324 2168 contre
336 2125 360 2168 tc
376 2113 455 2185 Sgrio
468 2116 495 2169 ia
510 2115 608 2168 melem
623 2112 748 2185 Epiraim,
760 2125 785 2170 et
800 2115 873 2185 pilius
891 2114 1024 2182 Roiaelicr,
1075 2119 1104 2167 et
1126 2112 1184 2168 baec
1203 2119 1267 2167 sunt
1281 2127 1344 2167 vera
1370 2113 1459 2179 mala,
1484 2128 1544 2183 quae
1563 2115 1739 2171 veliementer
1753 2117 1874 2174 rotunda

233 2207 346 2262 dicentes
361 2227 370 2263 :
390 2208 567 2263 Attendamus
581 2208 616 2262 od
627 2191 728 2262 Iudam
746 2218 771 2263 et
784 2209 940 2264 suscitemus
954 2224 1025 2274 sum,
1076 2200 1384 2256 contumeliosiores
1398 2202 1742 2275 Ιοοο1οα1ῑαιΰῐῑύθβῐῑῑῐδ
1755 2208 1874 2262 adlecta

232 2309 257 2354 et
269 2298 407 2353 evellamus
418 2317 478 2354 esim
501 2298 536 2353 nd
559 2315 606 2353 nos
618 2300 686 2370 (isa.
700 2298 760 2369 riri.
775 2300 847 2355 Duas
860 2309 948 2354 antem
961 2314 1027 2355 can·
1076 2291 1324 2347 suntNammuttee
1335 2293 1446 2347 arbores
1459 2293 1567 2348 nomina
1581 2309 1613 2348 ev
1624 2295 1771 2364 provinciis
1782 2296 1880 2353 reici-

234 2387 283 2443 das
307 2388 421 2442 torrium
444 2387 632 2459 irrnvigantium
651 2388 692 2460 (ut
707 2389 782 2459 prius
796 2388 924 2461 diximus)
948 2396 1027 2445 uocat
1076 2381 1259 2448 viltiibltsssdss
1272 2379 1729 2457 quibusatlnaesuataioeperum.
1742 2386 1879 2459 Virgilius
1918 2461 1924 2470 ⁴

235 2478 395 2548 sapientiam
425 2477 593 2543 secularem,
620 2480 832 2549 haereticumque
855 2493 1024 2544 sermonem,
1076 2474 1246 2540 amantibus,
1257 2475 1323 2545 quid
1336 2485 1370 2531 ex
1382 2475 1454 2531 malo
1464 2475 1549 2544 qriaeri
1562 2476 1649 2531 soleat
1658 2476 1787 2531 ostendit.
1799 2478 1874 2554 itala

235 2581 349 2636 quornm
366 2568 427 2621 linis
441 2566 547 2622 exustio
564 2575 607 2622 cst
626 2584 633 2624 :
649 2568 695 2637 qui
709 2566 809 2623 trustra
824 2568 942 2624 iniemnt
962 2584 1027 2624 cun-
1075 2562 1195 2635 Cydonia
1208 2579 1307 2620 nomen
1327 2573 1500 2636 sumpsemnt
1523 2563 1557 2620 ab
1582 2565 1681 2635 oppido
1702 2582 1762 2636 que
1784 2578 1833 2622 est
1847 2569 1876 2623 in

233 2657 335 2722 silium,
347 2664 377 2710 ut
389 2656 566 2712 ascenderent
579 2665 672 2713 contra
685 2655 793 2723 ludam,
806 2667 835 2712 et
848 2658 924 2727 guasi
942 2657 1026 2728 negli-
1077 2655 1169 2712 insula
1195 2654 1286 2722 Creta,
1311 2657 1345 2713 de
1369 2672 1423 2726 qua
1435 2655 1522 2713 Graeci
1540 2657 1631 2714 dicere
1651 2657 1739 2714 solent
1758 2660 1876 2716 urbium

233 2755 341 2820 gentem
364 2755 391 2803 et
413 2747 592 2819 dormientem
609 2755 750 2819 caperent,
767 2755 801 2804 'et
818 2749 875 2804 suis
887 2746 1026 2802 erroribus
1075 2744 1245 2802 Cretensium
1256 2746 1582 2819 matrem·Cydoniam,e1
1593 2747 1670 2819 cujus
1684 2763 1764 2820 pomo
1779 2747 1874 2820 Cydo-

233 2836 401 2908 coprdarent.
416 2833 509 2893 Caries
526 2836 640 2908 putredo
663 2837 821 2910 lignorum:
845 2838 946 2892 dictum
973 2835 1025 2892 boe
1075 2836 1163 2893 nitum
1176 2836 1329 2894 conficitur.
1351 2837 1397 2894 vn
1415 2853 1567 2909 quoquecx
1582 2853 1615 2894 ea
1634 2849 1662 2895 ct
1678 2831 1790 2903 vinum,
1812 2856 1876 2910 qim

234 2944 342 2994 nomen,
354 2929 425 2999 quod
438 2930 544 2984 eveniat
555 2928 636 3000 lignis
646 2929 746 2984 virttrte
754 2928 917 2983 carentibns.
930 2926 1026 2982 Caries
1075 2927 1260 2999 languentium
1285 2928 1419 2984 desideria
1442 2927 1572 2984 iallrtntur
1598 2947 1605 2985 a
1631 2945 1693 2984 nam
1714 2930 1824 3001 specie,
1844 2940 1873 2986 et

173 3021 175 3023 ’
234 3030 324 3077 autem
349 3022 501 3093 significare
521 3029 611 3091 potest
622 3020 791 3094 putredinem
814 3015 988 3091 peccatorum
1015 3040 1022 3077 ε
1074 3026 1175 3090 gustu,
1198 3029 1227 3076 et
1251 3020 1334 3076 odore
1361 3019 1504 3090 cujuslibet
1519 3021 1573 3077 vini
1597 3022 1697 3078 veteris
1720 3022 1874 3094 imaginem

233 3116 305 3193 eride
334 3116 457 3172 immines
484 3114 609 3170 carnales
634 3114 773 3191 vermibus
800 3115 1024 3185 concupiscentie
1073 3120 1262 3181 repraesentat.
1288 3112 1450 3169 ilelimeium
1474 3130 1489 3168 a
1514 3113 1657 3171 dulcedine
1683 3116 1872 3187 appellatum,

231 3206 306 3262 etesi
319 3191 451 3261 inhabiles
463 3202 739 3287 ediciunturaediilcio
750 3198 864 3275 spiritaii
877 3204 1024 3275 pertinenti
1074 3201 1117 3257 vei
1141 3203 1213 3272 quod
1239 3203 1343 3259 tructus
1366 3203 1425 3274 ejus
1445 3203 1532 3259 mellis
1545 3220 1670 3276 saporem
1688 3206 1800 3273 lrabeat,
1824 3206 1873 3265 vei

233 3295 267 3350 ad
283 3296 419 3352 civitatem
434 3282 493 3351 Dei.
853 3303 855 3309 ’
1073 3297 1145 3367 quod
1170 3298 1198 3353 in
1222 3297 1302 3353 melle
1327 3306 1461 3353 servetur.
1487 3297 1585 3354 narum
1608 3308 1698 3355 antem
1723 3300 1873 3374 allegorice

537 3386 651 3445 meur
671 3387 714 3444 Vi.
1074 3386 1210 3460 significat
1225 3387 1369 3442 1)(111111111111
1384 3386 1522 3444 Christum
1536 3407 1544 3443 :
1559 3388 1630 3446 unde
1642 3405 1740 3461 sponsa
1755 3391 1783 3446 in
1794 3390 1871 3448 san·

391 3479 430 3534 Dc
442 3482 554 3553 propriis
567 3481 715 3537 nominibus
727 3483 861 3538 arboream.
1075 3480 1128 3535 tico
1138 3479 1305 3535 cantieorum
1325 3479 1392 3534 dicit
1405 3497 1414 3536 s
1435 3478 1508 3534 Sicut
1520 3479 1606 3535 ninius
1621 3482 1689 3536 iuter
1701 3481 1870 3552 1191111111-

267 3567 358 3625 Paima
375 3571 457 3635 dieta,
473 3571 534 3641 spatia
559 3586 655 3629 manus
676 3571 795 3627 victricis
815 3582 928 3629 ornatus
953 3580 995 3628 est
1014 3590 1022 3625 ι
1075 3584 1143 3633 rum,
1156 3569 1195 3622 sic
1209 3567 1319 3623 ditentur
1336 3585 1408 3624 inens
1421 3570 1489 3624 inter
1502 3570 1573 3640 filies
1593 3572 1665 3626 :sul
1680 3571 1771 3627 untbrn
1793 3574 1869 3628 iilius

233 3659 275 3714 vei
311 3647 391 3729 quod
409 3666 545 3731 opipansus
566 3660 620 3715 est'
633 3660 716 3716 ramis
740 3646 767 3716 in
793 3662 902 3717 modum
927 3661 1024 3731 palmae
1072 3676 1149 3731 qoem
1161 3659 1340 3714 desiderabam
1349 3660 1426 3714 sedi:
1441 3669 1465 3715 et
1482 3661 1584 3728 {ructus
1597 3663 1655 3735 ejas
1667 3652 1873 3733 ddicis‘gmtssri

232 3748 358 3804 bominis.
377 3747 425 3803 Est
438 3748 512 3804 enim
524 3750 721 3821 arborinsigne
736 3751 870 3814 victoriae,
894 3765 1022 3822 procero·
1072 3766 1129 3804 meo
1143 3747 1232 3820 (Cent-
1246 3749 1289 3819 11);
1303 3750 1355 3805 iioe
1373 3758 1427 3814 est,
1445 3751 1516 3806 sieut
1532 3751 1632 3807 malum
1646 3753 1717 3818 visu,
1739 3755 1824 3808 odore
1840 3764 1871 3811 rt

232 3857 285 3913 que
296 3855 328 3897 ac
342 3842 440 3897 decoro
456 3826 583 3914 virgulto,
601 3842 787 3914 diuturnisque
800 3843 897 3900 vestita
918 3842 1022 3898 irondi·
1072 3849 1151 3914 gustu
1166 3842 1301 3897 antecedit
1324 3840 1396 3913 ligna
1411 3842 1568 3898 silvestria:
1590 3843 1629 3899 sic
1648 3842 1773 3899 Christus
1786 3856 1867 3901 ante·

232 3934 293 3998 bus,
315 3942 342 3989 et
362 3920 424 3990 lolia
437 3951 486 3991 sua
506 3936 566 3990 sine
580 3935 634 3991 ulia
652 3922 823 3992 successione
844 3949 1020 3990 conservans.
1071 3934 1144 3990 cellit
1160 3947 1256 3990 omnies
1276 3941 1407 3999 sanctos,
1433 3932 1479 4003 qui
1504 3932 1552 3988 diii
1568 3933 1614 3988 lici
1640 3934 1791 3989 dicuntur:
1816 3938 1871 3990 seat

235 4023 311 4079 lianc
323 4024 409 4081 Greci
426 4026 582 4082 Phoenicem
597 4027 700 4092 dicunt,
716 4026 787 4098 qnod
801 4026 846 4081 din
867 4026 965 4090 durat,
987 4041 1020 4081 ex
1064 4027 1168 4098 gratia,
1187 4025 1231 4080 illc
1249 4025 1322 4080 solus
1338 4032 1446 4090 natura,
1459 4032 1486 4081 et
1496 4025 1592 4099 eodem
1604 4025 1769 4096 prodeunte,
1782 4041 1869 4095 qttem

233 4114 341 4170 nomine
354 4115 412 4171 avis
427 4115 498 4171 illins
511 4110 647 4180 Arabicae,
658 4130 719 4185 quae
733 4114 824 4169 multis
835 4115 916 4170 annis*
931 4114 1023 4170 vivere
1070 4134 1177 4188 seraper
1189 4117 1284 4173 adesse
1293 4117 1415 4187 quaesivi,
1426 4116 1537 4187 quiesco
1547 4131 1580 4173 ac
1591 4131 1688 4173 secura
1697 4131 1869 4187 permaneo:

232 4205 398 4275 perhibetur.
412 4206 477 4273 Qirre
497 4207 559 4262 (111111
575 4205 601 4261 in
617 4206 708 4262 miritis
727 4193 951 4269 locis'naseatur,
968 4221 1021 4260 non
1071 4208 1133 4279 quia
1148 4206 1242 4279 gratiae
1253 4222 1308 4262 suae
1320 4206 1424 4263 eoeiesti
1439 4205 1580 4277 dulcedine
1595 4220 1637 4261 me
1652 4205 1749 4262 reiicit.
1763 4206 1869 4260 bialum

234 4293 260 4347 in
274 4295 400 4351 omnibns
411 4295 514 4351 lrrtctus
526 4296 631 4364 perlicit
643 4292 828 4351 maturitatem
843 4313 850 4349 ε
864 4293 1022 4364 frequenter
1071 4296 1202 4353 Punicum
1214 4296 1266 4350 ‹liei
1280 4310 1331 4360 eo,
1344 4295 1415 4364 qum
1435 4309 1468 4350 ex
1483 4293 1583 4350 Punica
1598 4294 1709 4364 regione
1730 4293 1766 4348 sit
1778 4309 1871 4364 genus

234 4395 323 4439 autem
340 4387 365 4441 in
377 4384 494 4457 AEgypto
503 4396 530 4441 et
541 4386 631 4458 Syria,
642 4385 843 4442 imctusautcm
855 4384 913 4453 ejus
922 4384 1021 4456 dactyli
1036 4387 1131 4483 Dejus
1151 4386 1310 4442 translatum
1325 4401 1332 4439 :
1350 4385 1420 4440 idem
1433 4391 1461 4439 et
1475 4368 1729 4453 malumgranatum,
1743 4398 1776 4437 eo
1790 4383 1867 4452 quod

233 4491 249 4531 a
260 4476 405 4547 digitorum
415 4478 590 4533 similitudine
602 4477 747 4549 nuncupati
759 4485 831 4532 sunt.
844 4475 937 4530 Palma
947 4476 1020 4530 enim
1074 4482 1145 4536 intra
1157 4479 1266 4537 corneis
1273 4477 1463 4533 rotunditatem
1471 4490 1615 4546 granorum
1627 4474 1866 4532 contineatmutu.

234 4568 306 4624 dicta
334 4577 385 4634 est,
409 4571 486 4643 quasi
502 4569 672 4640 pacissima,
686 4584 746 4640 qum
764 4569 905 4638 praemium
927 4578 970 4623 est
992 4569 1020 4623 in
1074 4571 1203 4628 tudinem.
1214 4567 1283 4623 iiaia
1291 4566 1521 4623 PunicaEeciesia
1531 4575 1574 4621 est
1582 4565 1639 4620 sive
1650 4562 1739 4620 unitas
1752 4564 1869 4631 Μῶμε(

234 4675 318 4730 agone
330 4660 509 4725 vincentibus,
521 4661 591 4716 sicut
599 4658 743 4729 Apostolus
755 4660 839 4715 dicit:
854 4658 931 4714 Nunc
942 4661 1021 4714 tendo
1073 4657 1350 4731 pacisconcordia‚ob
1358 4652 1865 4729 cujusilgommisraeliticiexploratn·

233 4749 392 4820 adpeterent
408 4766 527 4821 superne
537 4750 684 4824 *uocodonis
700 4747 848 4821 (1111111).
862 4750 926 4806 ilaec
938 4766 1021 4821 super

234 4842 321 4900 terras
329 4842 490 4913 bispidacst,
498 4848 527 4896 et
537 4839 696 4910 quibusdam
706 4830 1018 4911 tumoribusinequaiis:

233 4936 279 4991 scal
294 4935 338 4990 11111
356 4935 391 4989 ad
404 4948 519 5002 superna
534 4931 710 5003 processerit,
735 4932 949 4988 dulcissimorum
962 4931 1020 4987 inv·

232 5042 324 5087 cauum
334 5030 466 5086 suavitate
475 5028 633 5098 completur,
642 5035 670 5081 et
679 5026 756 5097 qrrasi
767 5025 927 5095 quibusdam
940 5025 1023 5081 radiis

232 5135 327 5181 ornata
342 5122 504 5179 distenditur
520 5142 526 5177 :
543 5122 582 5177 sie
593 5119 726 5189 justorum
739 5118 909 5176 conversatio
926 5118 953 5173 in
968 5117 1022 5173 itoc

232 5214 333 5272 mundo
347 5215 421 5271 duris
441 5224 484 5270 est
504 5212 642 5293 laboribus
655 5212 732 5282 piena
750 5229 756 5267 :
773 5210 820 5267 sed
844 5209 871 5264 in
896 5209 1021 5280 supernis

232 5309 361 5378 probatur
374 5322 434 5361 esse
451 5303 640 5377 pulcherrima.
656 5302 747 5358 Palma
762 5311 852 5358 atatem
867 5298 1021 5374 signiticare

233 5380 320 5460 potest
334 5395 455 5450 bortrincs
470 5395 599 5450 virtutum
613 5394 710 5451 decore
722 5409 828 5464 semper
838 5394 971 5455 virentes,
991 5396 1021 5446 et

234 5487 375 5544 dictoriam
386 5491 419 5545 tie
433 5489 506 5543 vitiis
520 5488 644 5544 om'nibus
657 5486 840 5559 spiritualibus
859 5485 1018 5555 capientes:

235 5578 306 5631 unde
317 5579 455 5647 parentium
469 5594 574 5635 coronae
586 5588 694 5633 aterna
712 5594 726 5631 a
742 5576 854 5631 [tramine
873 5573 1019 5644 accipient,

237 5674 338 5740 dequo
362 5671 388 5724 in
412 5671 514 5742 psaltim
527 5672 654 5741 scriptum
671 5680 712 5727 est
734 5691 740 5725 ε
762 5671 854 5723 irrasus
879 5677 906 5721 ut
932 5666 1021 5739 palute

1074 4752 1151 4807 resin
1161 4749 1347 4806 libroNumeri
1355 4747 1451 4823 (Num.
1459 4747 1518 4825 11111
1526 4748 1637 4804 deterre
1647 4738 1866 4815 repromissionis

1073 4843 1174 4899 maium
1187 4840 1316 4897 Punicum
1328 4854 1388 4895 cum
1400 4839 1479 4895 botro
1491 4837 1592 4910 pariter
1599 4845 1627 4892 et
1637 4835 1695 4890 sicis
1705 4835 1866 4905 portabant.

1074 4935 1107 4989 Et
1115 4934 1141 4987 in
1149 4931 1249 4994 Exodo,
1260 4931 1288 4986 ln
1295 4938 1454 4985 omemento
1464 4927 1614 4984 sacerdotis
1625 4925 1695 4981 mala
1702 4924 1803 4979 Punica
1811 4925 1865 4979 tin-

1075 5022 1221 5079 tinnabulis
1238 5020 1329 5076 aureis
1343 5017 1468 5090 conjungi
1482 5018 1684 5091 praecipiuntur.
1699 5004 1799 5071 bialum
1815 5030 1865 5068 aas·

1074 5124 1126 5170 tem
1140 5112 1267 5183 prinieum
1288 5108 1422 5180 significat
1435 5115 1537 5162 coetum
1550 5115 1706 5162 sanctorum
1717 5116 1746 5160 et
1759 5103 1863 5158 electo-

1074 5220 1134 5259 rum
1147 5205 1266 5258 virorum
1281 5213 1288 5255 ε
1303 5200 1374 5254 unde
1389 5213 1487 5269 sponsa
1505 5197 1539 5252 ad
1553 5198 1682 5265 sponsum
1706 5194 1735 5249 in
1749 5192 1867 5251 Cantieo

1071 5298 1237 5354 canticorum
1249 5292 1329 5350 dicit:
1342 5290 1415 5346 Sicut
1425 5300 1514 5344 cortes
1525 5287 1590 5343 mali
1599 5286 1851 5356 posterganeus

1071 5390 1167 5459 almae
1178 5386 1285 5443 occultis
1301 5386 1352 5439 tuis
1365 5382 1453 5455 (Cant.
1465 5376 1514 5453 vi).
1526 5380 1609 5436 Gente
1622 5384 1722 5433 sanetas
1734 5374 1863 5431 Ecclesrce

1070 5477 1207 5550 spiritales
1217 5485 1279 5533 sunt
1292 5484 1384 5546 patres
1399 5490 1406 5527 :
1419 5472 1464 5542 qui
1482 5470 1627 5553 virtutibus
1638 5475 1701 5522 saint
1712 5464 1865 5527 mirabiles,

1070 5579 1100 5626 et
1117 5568 1239 5624 moribus
1259 5563 1437 5629 venerabiies,
1457 5571 1485 5618 ct
1505 5562 1532 5616 in
1543 5574 1625 5615 cruce
1637 5556 1738 5613 Christi
1751 5553 1862 5627 gloriari

1071 5675 1125 5717 non
1147 5660 1347 5715 erubescentes.
1363 5655 1396 5710 Et
1409 5656 1466 5710 itare
1486 5667 1581 5722 magon
1602 5656 1665 5709 sunt
1687 5646 1785 5711 vaide,
1802 5657 1862 5715 quim
