4042 6200
172 298 226 355 ιιι
656 299 704 365 ιιι]
724 295 898 367 uniuerso
917 310 1007 366 stunt
1026 311 1108 369 rut.
1128 343 1164 355 -
1182 313 1247 370 utu.
1267 313 1333 372 rut
1762 325 1816 385 ero

173 408 340 479 spiritalium
355 425 477 481 seusam,
492 415 591 487 quihus
616 417 644 472 iu
666 418 746 476 bouis
764 421 870 478 actibus
889 420 974 493 proil-
987 434 1014 492 Α
1027 438 1089 479 eum
1105 425 1160 480 rim
1176 441 1253 482 sunm
1276 427 1414 494 transfert,
1430 428 1543 501 decepta
1558 433 1714 505 corripitur.
1736 439 1822 510 lietu,

173 501 364 572 eerernleaut,
379 505 527 578 inquirunt.
546 508 645 581 Vulpes
657 512 739 582 dicta,
755 516 832 586 quasi
847 516 968 589 volupes.
1020 514 1063 570 rel
1078 515 1150 587 quod
1166 516 1202 572 sit
1216 517 1411 574 rotundissimo
1428 520 1562 588 menibro,
1585 523 1627 578 rel
1653 527 1725 596 quod
1742 527 1817 587 iares

174 589 225 646 Est
248 593 322 649 enirn
338 595 501 654 volubilibus
524 601 658 670 pedibus,
682 613 710 659 et
727 621 864 678 nunquam
889 609 970 663 rectis
1020 611 1109 673 belai,
1137 612 1165 662 θῑ
1183 606 1291 663 assidue
1311 607 1391 662 melh
1416 617 1516 678 calisti·
1543 607 1629 668 M⁰⁸l⁰
1654 616 1815 687 libellam·

174 680 392 749 itineribus,sed
407 688 536 744 tortuosis
554 689 721 748 intrantibus
735 695 822 750 currit
839 715 846 751 z
862 696 971 752 lraudu-
1020 696 1092 766 quod
1115 697 1239 753 muribus
1260 697 1375 754 iniestus
1397 702 1443 756 sit.
1475 697 1552 759 Uunc
1571 705 1668 776 vulqus
1694 721 1775 767 caum
1799 727 1816 768 t

173 770 277 828 butum
292 774 394 830 animal
410 777 568 849 insidiisque
581 778 729 853 decipiens.
743 782 811 839 h'nnr
829 785 892 841 dum
914 801 969 840 non
1020 794 1130 855 captum
1153 796 1241 843 vocnt.
1258 787 1312 843 Alii
1332 790 1442 856 dicunt,
1462 791 1535 862 qnod
1550 801 1634 862 catat,
1654 795 1684 851 i'd
1708 807 1761 863 est,
1779 814 1822 854 rt-

173 862 302 919 hnhnerit
312 879 404 921 eseam
419 867 642 940 ingilnenem,
657 874 751 944 sieque
772 875 969 933 descendentes

172 955 252 1026 quasi
270 956 304 1011 ad
316 958 433 1024 cadauer
446 975 510 1016 ares
523 962 592 1033 rapit
605 970 632 1018 et
647 963 768 1020 devorat.
784 965 883 1037 Vulpes
896 968 969 1022 euim

172 1047 291 1117 mystice
315 1047 451 1104 diabolum
475 1051 618 1120 dolosum,
643 1054 685 1110 rel
712 1057 869 1113 haereticum
894 1060 970 1114 culli·

172 1136 247 1200 dum,
264 1138 322 1193 sire
336 1149 507 1209 peecatorem
523 1142 661 1200 hominem
678 1143 821 1218 signifieat.
843 1148 921 1205 Unde
936 1152 968 1206 dc

172 1223 279 1283 ilerntle
290 1231 422 1287 Dominus
434 1232 473 1286 ait
488 1234 514 1287 iu
528 1233 674 1306 Evangelio
689 1252 696 1290 :
717 1236 775 1304 lte,
797 1238 877 1293 dicite
897 1240 968 1311 vulpi

170 1318 212 1374 ilii
231 1318 307 1392 (hue.
332 1322 402 1394 riri).
417 1323 451 1378 Et
464 1324 526 1380 nlssti
546 1343 552 1379 :
572 1325 678 1398 Vulpes,
696 1330 798 1401 inquit,
813 1332 901 1402 feneus
920 1334 969 1386 liu-

170 1411 250 1466 beeut
264 1429 273 1466 .·
286 1422 311 1468 et
328 1412 445 1469 uolucres
456 1415 513 1470 curli
523 1417 599 1472 uidua
616 1417 724 1489 (liutto.
736 1420 812 1492 vitt);
830 1421 857 1476 in
882 1422 968 1493 vulpi-

169 1502 224 1557 bus
240 1502 393 1568 hereticos,
409 1506 477 1561 etin
496 1506 650 1564 volueribus
675 1509 736 1564 eoeli
760 1510 891 1580 malignos
910 1512 967 1581 spi·

1020 878 1091 933 dent.
1111 878 1179 934 Nam
1211 887 1267 934 tam
1292 889 1372 937 acute
1395 884 1499 949 cernit,
1522 893 1556 939 -ut
1576 883 1681 957 fulgore
1703 888 1815 950 luminis

1019 977 1108 1024 noctis
1130 971 1255 1026 tenebras
1270 982 1388 1041 superet.
1404 970 1481 1029 Unde
1498 973 1620 1033 aGreeeo
1634 978 1707 1033 venit
1726 988 1815 1048 catus,

1020 1058 1107 1123 idest,
1122 1060 1288 1128 ingeniosus.
1302 1062 1421 1117 Venator
1444 1062 1571 1121 Christus
1588 1075 1639 1131 est,
1653 1076 1684 1122 ut
1703 1067 1731 1125 in
1745 1069 1814 1126 isaia

1019 1152 1166 1206 secuudum
1184 1151 1255 1206 lxx
1270 1168 1277 1206 :
1294 1152 1362 1207 Eece
1381 1154 1600 1224 quemadmodum
1615 1157 1655 1212 leo
1670 1170 1717 1213 eut
1741 1171 1816 1216 eutu-

1019 1242 1060 1298 lue
1075 1243 1157 1298 leonis
1175 1244 1202 1298 in
1222 1245 1359 1300 uenatione
1379 1263 1458 1315 quum
1481 1250 1550 1318 eupit
1573 1248 1642 1320 (lea.
1671 1250 1762 1323 rrxt);
1778 1251 1816 1305 ito

1019 1333 1109 1388 ueniet.
1123 1334 1283 1400 Vertntores,
1297 1334 1419 1404 Apostoli
1434 1335 1476 1391 rel
1491 1338 1583 1392 ueteri
1609 1339 1813 1408 predicatores,

1019 1433 1049 1479 ut
1069 1424 1096 1479 in
1110 1424 1227 1480 lerentia
1248 1444 1254 1480 :
1277 1425 1382 1480 liitturn
1407 1426 1444 1482 eir
1461 1439 1613 1496 ornatores,
1636 1440 1659 1486 et
1682 1433 1816 1488 tenebun-

1019 1525 1063 1569 tur
1084 1531 1127 1571 eor
1154 1517 1186 1570 de
1209 1518 1280 1571 omui
1308 1526 1396 1571 monte
1424 1516 1497 1590 (ier.
1520 1518 1595 1591 xm).
1614 1519 1734 1577 Venator
1758 1522 1816 1577 dia·

170 1596 242 1650 ritus
254 1596 419 1667 exprimens,
435 1597 481 1668 qui
494 1598 521 1652 in
532 1601 688 1671 pectoribus
699 1602 825 1659 humanis
838 1603 889 1660 sibi
903 1603 968 1659 lati·
1020 1606 1105 1672 bolus,
1127 1608 1153 1661 iu
1174 1606 1252 1676 cuijus
1278 1608 1364 1679 ligura
1391 1608 1509 1664 Nemrod
1534 1610 1579 1665 ille
1606 1612 1681 1683 gigas
1702 1625 1816 1669 uenator

169 1687 235 1743 bula
247 1699 380 1760 querunt,
393 1693 438 1747 uhi
450 1693 636 1765 suggestiones
647 1709 710 1749 sitas
727 1711 870 1766 perversas
882 1695 968 1751 inter-
1020 1714 1113 1755 coram
1127 1698 1258 1763 Domino,
1277 1708 1308 1753 ut
1331 1699 1357 1754 in
1386 1698 1484 1755 Genesi
1509 1698 1649 1772 (Cen.xJ;
1671 1712 1817 1760 venatores

169 1789 276 1848 serant,
296 1792 324 1838 et
344 1784 498 1841 voluntates
518 1801 582 1842 suas
594 1787 726 1858 pessimas
747 1787 882 1858 expleant.
898 1788 965 1843 item
982 1783 1003 1843 it
1018 1789 1095 1860 pravi
1119 1789 1255 1854 homines,
1275 1798 1304 1844 ut
1323 1789 1350 1843 in
1365 1790 1498 1861 propheta
1515 1807 1522 1844 r
1542 1788 1670 1846 Venuutee
1693 1805 1815 1864 ceperunt

169 1877 267 1949 vulpes
291 1877 415 1934 diabolus
437 1878 479 1934 rei
496 1879 643 1945 demones,
655 1891 685 1934 ut
699 1881 727 1935 in
754 1880 880 1950 psalmo:
901 1879 922 1934 Τ
924 1898 967 1935 ro·
1019 1897 1070 1946 nie,
1081 1881 1158 1953 prinei
1174 1897 1256 1945 noem,
1273 1880 1375 1935 iuimiei
1387 1882 1526 1952 meiprutie
1542 1879 1815 1955 (Tirenmrihnmia

168 1971 268 2023 deutur
282 1972 309 2023 iu
325 1986 419 2025 mames
442 1970 534 2042 pionii,
557 1981 646 2040 parter
659 1970 775 2041 arripiam
789 1981 865 2026 erunt
879 1965 965 2043 (Paul.
1019 1973 1143 2030 diabolus
1162 1972 1206 2028 vel
1226 1973 1373 2039 daemones,
1386 1979 1416 2027 ut
1431 1974 1458 2028 in
1479 1972 1596 2030 ieremin
1611 1974 1684 2031 :Sed
1698 1987 1722 2031 et
1734 1976 1817 2032 iemiu

170 2060 250 2132 turi).
266 2061 300 2115 tu
313 2061 340 2116 in
360 2058 478 2118 loremia
502 2076 510 2116 ι
535 2060 646 2132 Propter
672 2073 785 2118 montem
813 2061 879 2117 Sion
905 2063 968 2134 quin
1019 2063 1127 2118 predavit
1139 2060 1296 2126 mamillam,
1310 2072 1333 2117 et
1346 2061 1815 2136 inetueitcatulosillueunriltum

169 2151 306 2223 disperiit(
311 2153 538 2224 intensivum
552 2153 750 2209 ambulaverunt
764 2155 838 2208 ineo.
857 2151 965 2223 l'ulpes,
1020 2153 1112 2218 lauria,
1127 2152 1273 2208 haereticus
1285 2152 1326 2206 rel
1340 2152 1454 2222 quilibet
1467 2154 1620 2225 hypocrita,
1635 2162 1665 2209 ut
1674 2153 1758 2211 lsaias
1772 2156 1814 2211 di·

170 2244 293 2299 haeretici
306 2244 334 2299 in
350 2244 471 2301 (nauticis
488 2244 656 2299 cantieorum
670 2264 676 2299 :
689 2245 781 2315 Cupite
794 2245 868 2301 nobie
879 2244 967 2314 uitlpee
1019 2244 1057 2301 eit
1067 2263 1074 2298 :
1083 2241 1192 2299 Gubouit
1206 2240 1329 2309 luminat
1344 2243 1441 2298 iuuerit
1455 2243 1504 2297 ribi
1516 2243 1698 2318 requiemiltu.
1707 2244 1814 2317 xxxin).

168 2335 282 2405 pusillus
295 2335 498 2390 exterminantes
513 2336 599 2389 uincor
611 2332 700 2407 (Ceut.
712 2334 791 2406 n),id
806 2341 864 2399 est,
875 2333 967 2404 plebes
1334 2353 1449 2411 cpppp
1470 2354 1503 2411 ῃο

169 2427 301 2482 fidelium.
311 2426 381 2482 siin
394 2425 464 2482 libro
476 2424 600 2482 iudicum
613 2425 647 2482 tle
660 2425 774 2482 Samson
789 2426 903 2481 dicitur:
915 2426 967 2497 iip-
1243 2425 1283 2481 lie
1295 2427 1402 2480 minutis
1413 2426 1580 2482 animalibus.

167 2518 308 2590 prehendit
322 2528 451 2573 trecentae
465 2518 564 2588 uulpes,
577 2528 604 2576 et,
612 2517 702 2590 liquuit
711 2515 815 2587 incultu
829 2518 857 2571 iu
874 2516 967 2573 caudis
1054 2515 1113 2573 blus
1132 2516 1259 2587 pusillum
1284 2515 1401 2583 animal,
1428 2514 1553 2573 Grtecuru
1578 2513 1617 2574 illi
1634 2531 1732 2576 nomen
1747 2530 1789 2578 est
1803 2540 1812 2580 ι

168 2626 260 2663 eorum
274 2607 351 2681 (lud.
365 2607 422 2681 xv).
440 2607 531 2664 Simiae
542 2607 666 2664 Grecum
681 2622 780 2663 nomen
798 2615 849 2674 est,
865 2607 892 2664 id
913 2617 964 2672 est,
1017 2607 1148 2680 quidquid
1162 2624 1228 2666 reru
1241 2624 1275 2666 ex
1290 2624 1323 2664 eo
1339 2608 1473 2677 trahitur,
1487 2609 1612 2666 Latinum
1627 2611 1687 2667 luit.
1701 2611 1755 2667 Alii
1767 2612 1811 2668 di-

166 2701 273 2775 pressis
284 2700 407 2756 naribus.
423 2699 500 2757 Unde
514 2709 543 2757 et
560 2701 654 2757 simias
669 2699 795 2765 dicimus,
811 2702 883 2771 quod
903 2715 967 2771 sup·
1017 2712 1083 2757 cunt
1098 2717 1200 2765 mures,
1216 2701 1287 2773 quod
1302 2716 1336 2758 ex
1353 2702 1467 2757 humore
1481 2713 1561 2758 terra
1577 2713 1732 2758 irascantur.
1745 2703 1813 2761 Nutu

168 2794 274 2865 pressis
288 2793 402 2849 naribus
422 2795 492 2861 sint,
509 2803 536 2850 et
557 2794 627 2850 incie
641 2793 724 2861 loeda,
752 2798 826 2866 rugis
852 2794 968 2865 turpiter
1018 2809 1080 2849 mus
1093 2802 1186 2858 terra,
1201 2793 1273 2848 unde
1289 2801 1316 2847 et
1328 2792 1436 2848 humus.
1456 2792 1503 2848 ilis
1522 2793 1550 2848 in
1570 2794 1717 2864 plenilunio
1734 2793 1815 2863 jecur

169 2885 355 2942 lollienntibus
368 2902 376 2940 r
387 2886 450 2941 lieet
463 2895 490 2941 ct
503 2886 666 2957 capellarum
682 2887 718 2942 sit
727 2902 852 2957 pressum
866 2887 967 2942 hahere
1018 2882 1128 2948 erescit,
1138 2882 1341 2952 sicutqumdam
1352 2882 1486 2937 maritima
1501 2890 1644 2952 augentur,
1653 2897 1814 2953 quaerutsus

169 2993 277 3032 riasunr.
294 2976 348 3031 Atti
363 2976 456 3032 simias
470 2976 553 3032 lutino
569 2992 693 3032 sermone
704 2986 818 3033 recatus
830 2976 966 3032 arbitrnn·
1017 2973 1156 3028 minuente
1173 2973 1235 3027 luun
1247 2972 1386 3029 deliciunt.
1401 2973 1487 3029 Seuer
1501 2974 1627 3031 Latinum
1639 2984 1681 3031 est
1692 2991 1724 3031 eo
1740 2979 1813 3049 quod

168 3079 214 3125 tur
225 3084 259 3126 eo
281 3069 353 3139 quod
364 3068 448 3124 intrita
459 3069 487 3125 in
501 3068 540 3124 eis
553 3061 700 3125 similitudo
713 3068 826 3124 rationis
840 3068 964 3125 liunianae
1018 3066 1096 3121 rodat
1119 3072 1147 3120 et
1163 3062 1190 3119 in
1206 3065 1315 3120 morium
1342 3079 1425 3121 serre
1442 3065 1581 3137 procidat.
1594 3065 1705 3139 hittiqui
1721 3077 1812 3125 autem

167 3162 286 3217 sentitur
301 3178 308 3215 :
325 3160 372 3216 sed
385 3160 483 3216 laisum
493 3150 545 3217 est.
561 3162 589 3216 lu
601 3161 795 3217 elementorum
809 3130 1000 3233 cognitioneC
1019 3158 1154 3214 sauricem
1166 3155 1301 3223 dicebaut,
1311 3158 1382 3213 sicut
1394 3166 1421 3213 et
1434 3158 1684 3225 clodumelaudum.
1698 3162 1813 3219 blustela

168 3267 307 3324 sagaces:
330 3251 477 3308 noraluna
497 3253 633 3309 exsultant
649 3273 655 3309 :
673 3254 761 3309 medin
782 3263 809 3309 et
832 3262 898 3308 cava
918 3254 966 3309 tri·
1018 3249 1100 3313 dictu,
1118 3248 1195 3319 quasi
1213 3260 1274 3303 mus
1293 3248 1398 3321 longus.
1428 3249 1495 3305 Nam
1519 3250 1814 3324 tetumatongimdino

169 3353 301 3399 stantur:
318 3342 400 3408 letus,
425 3358 493 3414 quus
512 3352 614 3410 amant,
629 3354 692 3399 note
714 3358 744 3400 se
764 3353 871 3415 gestant
889 3359 896 3399 :
921 3342 966 3400 ne-'
1017 3337 1129 3394 dictum.
1142 3336 1205 3393 llere
1221 3338 1327 3410 iugenio
1344 3339 1456 3395 suhdoln
1475 3340 1501 3394 in
1513 3339 1649 3407 domibus,
1662 3340 1707 3396 uhi
1726 3343 1813 3398 nutrit

168 3435 249 3506 plecti
260 3434 337 3491 eirca
352 3442 467 3490 matrem
484 3435 597 3489 haercnt.
612 3434 714 3490 llnrum
725 3451 825 3507 genera
845 3438 966 3509 quinque
1017 3428 1122 3485 catulos
1135 3444 1208 3497 suos,
1226 3428 1355 3485 translert
1377 3437 1516 3501 mutatque
1537 3431 1645 3497 sedem,
1673 3440 1814 3502 serpentes

168 3532 243 3580 sent.
256 3523 296 3579 lix
310 3525 408 3594 qulbus
422 3524 577 3595 circopetici
586 3523 790 3601 [cercopitheci]
803 3531 904 3585 caudas
917 3529 966 3583 ha.
1016 3520 1097 3575 etiam
1113 3529 1141 3575 et
1154 3534 1244 3575 mures
1260 3518 1442 3589 persequitur.
1461 3521 1519 3576 litto
1531 3528 1620 3577 autem
1635 3529 1699 3577 sunt
1713 3538 1812 3594 genera

167 3616 244 3670 pem,
260 3613 346 3670 Simia
358 3615 431 3671 enim
446 3630 507 3670 cum
521 3617 606 3671 cauda
621 3626 672 3684 esu,
684 3634 765 3688 quam
777 3621 886 3693 quiqam
903 3637 965 3676 cm.
1017 3610 1204 3666 mustelarum.
1225 3611 1347 3666 Alterum
1370 3613 1442 3667 enirn
1473 3613 1600 3669 silvestre
1627 3623 1679 3677 est.
1707 3615 1812 3670 distans

169 3722 228 3761 mn,
237 3713 347 3762 popam,
360 3704 469 3778 spingae
480 3705 580 3762 vinosae
591 3717 654 3763 sum
664 3711 965 3783 00n115‚mqmmpsp1·0.
1017 3702 1221 3772 pinguitudine,
1242 3703 1313 3773 qnod
1339 3701 1425 3758 Greci
1441 3702 1536 3759 ictidas
1559 3715 1655 3779 uocant
1672 3724 1678 3758 :
1695 3706 1811 3760 alterum

168 3797 350 3863 mittentibus,
376 3796 478 3853 nocitos
493 3798 527 3854 aa
541 3796 658 3855 terreatis
681 3800 854 3858 nutritionem.
877 3803 965 3875 cyno·
1016 3790 1043 3846 in
1063 3793 1194 3848 daubus·
1211 3792 1350 3847 oberrans·
1375 3790 1455 3848 Falso
1470 3802 1560 3850 eutem
1585 3796 1749 3866 opinantur,
1764 3797 1812 3867 qur

169 3886 277 3957 cephali
288 3895 316 3941 et
336 3885 388 3957 ipsi
401 3885 504 3943 similes
518 3887 619 3953 simiis,
637 3889 686 3943 sed
709 3888 780 3946 incie
806 3892 832 3946 in
854 3894 964 3948 modum

168 3977 256 4041 canis,
269 3977 342 4032 unde
360 3985 390 4032 et
412 3978 569 4048 nuncupati.
584 3977 699 4051 Satyrici
723 3978 792 4037 incic
818 3983 964 4039 admodum

167 4078 270 4138 grata,
295 4077 324 4122 et
351 4068 520 4140 gesticulatis
545 4071 663 4125 motibus
692 4073 816 4142 inquieti.
847 4072 966 4130 Gallitri⁴

170 4175 217 4214 ees
242 4166 300 4213 roto
318 4168 464 4230 aspectus
488 4161 594 4215 emeris
614 4161 724 4217 pisinni,
748 4164 818 4219 sunt
841 4166 913 4221 enim
937 4167 964 4221 jn
1016 4166 1145 4228 perpetua
1165 4159 1292 4212 tienehris.
1310 4159 1358 4213 Est
1373 4158 1444 4213 onim
1459 4160 1562 4229 absque
1575 4160 1660 4216 oculis
1677 4202 1685 4228 ,
1702 4178 1810 4234 seruper

170 4249 239 4306 facie
253 4249 388 4321 producta
414 4251 509 4318 barba,
529 4260 557 4307 ei
579 4252 632 4308 lata
656 4255 752 4309 cauda,
770 4254 862 4310 Simiae
876 4265 964 4312 autem
1018 4258 1118 4301 tertam
1137 4246 1214 4311 lollii,
1230 4248 1381 4301 elhtttnttm
1397 4247 1503 4320 ugerii,
1520 4258 1547 4305 el
1562 4250 1666 4307 radices
1688 4254 1811 4309 subitu-

170 4343 284 4399 ffipqqos
301 4351 447 4410 ffl0„1e‚eq
466 4346 584 4415 peccatis
602 4346 700 4403 pepp),
726 4349 966 4419 qoqpnpssqgnjfi.
1016 4338 1094 4408 gibus
1120 4340 1246 4393 contradit.
1275 4336 1386 4409 Mystico
1414 4349 1503 4394 nutem
1534 4357 1624 4397 mures
1653 4343 1808 4416 significant

171 4444 243 4489 raris
261 4433 313 4501 Qui
332 4434 476 4504 aliquando
489 4451 539 4505 per
561 4438 764 4493 conversionem
782 4447 810 4495 et
832 4440 965 4511 poeniten-
1017 4431 1141 4486 homines
1155 4430 1300 4501 cupiditate
1322 4442 1430 4486 terrena
1454 4432 1588 4491 inhiantes
1603 4446 1631 4491 et
1643 4432 1761 4507 praedam
1775 4439 1810 4494 de

172 4531 235 4585 qm,
249 4530 284 4584 ad
298 4528 441 4601 pacificum
454 4540 576 4588 „mirum
585 4534 799 4600 peducu„pu,‚0p
811 4536 869 4606 ejus
881 4545 965 4608 ³8⁰⁰*
1017 4524 1104 4578 aliena
1117 4524 1267 4579 substantia
1280 4524 1468 4594 surripientes.
1485 4524 1597 4582 ilusteln
1612 4544 1676 4583 vero
1689 4542 1737 4585 eos
1761 4547 1811 4602 per

170 4621 325 4687 seruitium,
341 4621 411 4677 sieut
425 4636 508 4694 supra
530 4622 631 4679 dictum
654 4634 697 4680 est
717 4625 750 4680 de
765 4625 915 4694 elephantis
937 4635 965 4681 et
1017 4615 1130 4687 ligurum
1145 4616 1323 4681 demonstrat,
1335 4617 1381 4686 qui
1395 4616 1533 4688 ingenium
1548 4620 1672 4676 naturale
1685 4621 1735 4677 suh
1748 4623 1810 4678 dolo
1881 4686 1883 4690 Α

172 4713 272 4777 dmiis,
283 4712 331 4783 qui
350 4713 554 4771 adducebantur
569 4716 602 4771 ad
618 4714 800 4772 Salomonem.
823 4716 965 4793 Euhydros
1017 4707 1127 4764 malitie.
1140 4704 1263 4778 polluunt
1277 4718 1305 4764 et
1318 4716 1403 4762 totam
1427 4712 1509 4764 vitam
1524 4724 1600 4764 sunm
1616 4713 1642 4766 in
1657 4710 1762 4768 insidiis
1781 4723 1809 4769 et

1016 3884 1109 3965 dicunt
1123 3885 1266 3940 mustelam
1290 3901 1338 3941 ore
1352 3885 1504 3956 concipere,
1519 3902 1583 3941 aure
1596 3886 1733 3945 effundere
1748 3906 1811 3960 par·

1017 3984 1083 4030 tum.
1099 3974 1211 4031 blustela
1229 3986 1270 4032 est
1286 3974 1351 4031 lurti
1369 3976 1466 4046 ligura,
1478 3986 1508 4031 ut
1523 3979 1549 4031 iu
1564 3976 1684 4033 Levitico
1699 3980 1812 4034 demon-

1016 4076 1127 4121 stratur.
1157 4066 1238 4138 Talpn
1265 4068 1360 4133 dicta,
1383 4068 1454 4139 quod
1479 4069 1515 4122 sit
1539 4069 1666 4124 damnata
1689 4073 1811 4127 caecitate

171 4805 299 4871 bestiola,
312 4821 348 4861 ex
360 4820 394 4861 eo
408 4816 572 4878 nuncupata,
588 4807 660 4876 quod
684 4808 711 4862 in
737 4807 815 4878 aquis
829 4820 964 4876 versetur,

171 4906 198 4952 et
221 4897 339 4952 maxime
362 4897 389 4952 iu
408 4896 479 4953 hilo.
502 4897 567 4965 011ae
591 4898 614 4955 si
632 4898 764 4954 invenerit
786 4900 964 4959 dormientem

171 4987 349 5053 crocodilum,
360 4986 464 5043 volutat
479 5003 508 5045 se
524 4988 550 5044 in
565 4989 620 5044 luto
631 4990 756 5060 primum,
772 4999 800 5045 et
816 4991 900 5046 intrat
916 5006 965 5061 per

172 5098 204 5137 os
223 5081 283 5153 ejus
306 5083 333 5137 lu
358 5091 494 5148 ventrem,
509 5092 538 5137 et
561 5098 679 5153 carpens
706 5084 796 5139 omniu
823 5084 963 5141 interauen

171 5174 241 5244 ejus,
253 5175 293 5230 sic
304 5175 435 5241 moritum
450 5175 610 5230 ichneumon
619 5174 712 5231 Graece
723 5184 833 5233 vocatus
844 5193 878 5232 eo
891 5178 963 5248 quod

171 5267 256 5322 odore
270 5281 319 5322 suo
333 5274 362 5322 et
376 5265 496 5322 salubria
517 5268 638 5322 ciborum
657 5274 685 5322 et
699 5282 832 5323 venenosa
847 5270 965 5338 prodan-

171 5365 225 5413 tur.
248 5358 287 5413 ile
309 5372 365 5430 quo
389 5358 552 5413 Dracontius
570 5359 628 5412 ait:
646 5357 772 5412 Prndicit
790 5359 887 5414 suillus
911 5362 964 5415 uiue

166 5448 351 5519 mesenque
366 5447 465 5503 ueneni.
481 5445 581 5502 Suilios
591 5455 680 5503 autem
694 5463 711 5501 a
724 5448 790 5502 setis
808 5458 849 5503 est
862 5465 965 5506 nuncu·

168 5548 259 5611 patus.
274 5537 325 5593 llic
342 5538 427 5593 etiam
442 5546 583 5607 serpentes
598 5538 760 5608 insequitur.
775 5538 825 5605 Qui
840 5555 902 5595 eum
917 5540 965 5595 nd·

169 5642 264 5685 vtrsus
286 5627 664 5699 supranominatorum
681 5626 774 5697 erigit,
790 5644 874 5698 quam
891 5630 964 5700 aspis

169 5722 286 5779 mulene
298 5719 399 5793 hietpit
408 5716 554 5776 observare
567 5719 643 5789 quasi
659 5721 817 5789 minantem,
832 5721 866 5776 ad
881 5736 963 5792 quam

1016 4800 1157 4855 lraudihus
1169 4800 1280 4855 ducunt.
1297 4799 1379 4871 Talpn
1396 4815 1481 4871 ergo,
1498 4817 1558 4871 queo
1574 4804 1695 4858 caecitate
1712 4818 1809 4875 perpe-

1018 4901 1064 4949 tua
1080 4894 1209 4948 dnmunta
1222 4900 1274 4958 est,
1288 4900 1335 4947 aut
1348 4892 1419 4949 idola
1433 4892 1568 4964 siqniliea‘t
1587 4908 1670 4960 emen,
1682 4894 1764 4950 surda
1778 4904 1807 4950 et

1018 4993 1093 5041 muta
1109 5002 1116 5038 ε
1131 4992 1178 5040 aut
1193 4978 1523 5055 ellanripsosidololntrus,
1538 4984 1583 5052 qui
1598 4980 1756 5053 igriorantioe
1779 4996 1808 5042 et

1017 5076 1140 5133 stultitiae
1153 5075 1272 5130 tenebris
1295 5089 1402 5146 semper
1418 5084 1520 5130 errant.
1536 5066 1574 5129 iic
1588 5075 1687 5144 quihus
1699 5075 1726 5129 in
1738 5076 1809 5135 lsnia

1018 5165 1239 5237 scriptumest:
1262 5158 1295 5216 Ut
1320 5163 1434 5219 moretis
1460 5162 1544 5232 tulput
1562 5172 1587 5216 et
1616 5162 1811 5234 vespertiliones

1019 5255 1087 5327 (ire.
1103 5252 1135 5326 u)
1145 5294 1153 5319 ,
1165 5254 1216 5309 hoe
1223 5259 1278 5319 est,
1293 5252 1357 5308 cneci
1372 5266 1458 5307 ennom
1470 5250 1569 5305 colant.
1583 5248 1621 5306 he
1634 5253 1732 5323 quibus
1743 5255 1808 5312 alibi

1019 5344 1159 5415 Scriptura
1172 5342 1238 5398 dicit
1252 5360 1259 5397 :
1274 5336 1378 5397 Similes
1386 5332 1443 5395 ‘utu
1457 5340 1534 5410 fiunt,
1548 5342 1593 5412 qui
1607 5340 1711 5412 faciunt
1725 5361 1769 5407 en,
1782 5356 1807 5401 et
1826 5335 1828 5339 ⁷

1016 5436 1162 5506 omnesqui
1183 5430 1316 5504 confidunt
1339 5435 1368 5491 iu
1389 5434 1426 5488 eir
1447 5429 1533 5505 (Puni.
1555 5432 1643 5505 extri).
1656 5433 1711 5491 hut
1725 5439 1809 5493 utinm

1016 5537 1159 5594 hereticos
1178 5536 1235 5593 sire
1259 5536 1342 5595 tabes
1364 5535 1535 5593 Christianos
1553 5550 1604 5607 per
1625 5537 1741 5611 ligurum
1761 5543 1810 5599 de·

1015 5635 1150 5685 monstrat
1158 5628 1300 5698 :quoniam
1312 5627 1383 5684 sieut
1396 5626 1470 5698 talpa
1484 5628 1588 5699 absque
1600 5629 1687 5687 oeulis
1701 5646 1809 5705 semper

1016 5731 1118 5779 terram
1141 5719 1224 5790 todtt,
1239 5728 1267 5778 et
1278 5721 1391 5779 humum
1412 5720 1510 5795 egerit,
1523 5726 1552 5783 el
1566 5721 1672 5800 tudites
1685 5725 1736 5782 sub
1748 5723 1807 5780 iru-
