4042 6200
345 318 412 371 latii
662 322 690 376 D.
711 323 835 394 nubant
855 328 963 385 tttdnt
980 332 1139 391 arretino.
1161 337 1313 399 dosunt.
1328 343 1468 403 eruntne
1488 348 1576 408 taus
1596 353 1639 408 lll.
1857 373 1905 431 litt

346 428 354 455 ι
371 422 448 477 paries
469 422 535 462 artem
555 416 581 462 et
598 413 710 480 iunones
728 415 780 469 mei
802 416 957 474 ceciderunt
978 420 1005 476 in
1028 421 1124 492 plauto.
1140 435 1164 491 Α
1180 449 1189 480 ι
1206 429 1322 498 Domini,
1334 436 1379 505 ptri
1390 436 1530 510 effugeret,
1543 452 1572 497 et
1588 444 1782 515 relinqueretur.
1795 456 1907 524 Droseln

345 518 354 546 ι
372 496 530 553 luterlccisti
554 499 580 553 in
603 501 646 557 die
663 501 761 561 luroris
776 508 825 572 tui,
842 512 999 578 percussisti
1015 529 1064 569 nec
1078 516 1127 570 mi·
1181 524 1264 577 «cari
1284 531 1311 577 et
1328 527 1453 591 enutrivi,
1469 530 1594 586 inimicus
1609 548 1684 590 meus
1696 546 1906 614 consumpsimus..

344 596 457 643 «sertus
478 603 540 645 es.»
568 591 663 648 lacent
686 595 713 649 in
737 606 808 652 terra
827 598 893 654 loris
913 616 980 672 puer
993 613 1021 659 et
1032 621 1126 674 senex,
1176 608 1257 676 Quasi
1278 613 1311 669 ad
1328 614 1399 670 diem
1416 617 1559 674 solemnem
1577 622 1667 679 laostcs
1678 630 1758 683 rocati
1769 644 1820 687 sunt
1832 640 1908 695 aalmb

341 693 402 732 eum
423 678 460 733 illi
480 682 526 750 qui
541 682 721 741 innocentiam
738 690 868 759 puerilem
890 693 1063 764 simulabant,
1083 700 1126 754 rel
1177 703 1327 759 versionem
1346 708 1454 776 perfide
1472 710 1602 779 civitatis,
1616 717 1678 786 quia
1691 718 1716 772 id
1733 726 1794 790 qriod
1806 727 1905 788 medera-

341 769 378 822 illi
398 771 444 840 qui
466 772 624 829 videbantur
643 777 754 832 consilio
771 780 874 849 piebem
891 799 999 855 regere,
1012 791 1126 846 terrenis
1173 792 1370 858 bant,Domino
1382 801 1566 868 permittente,
1578 806 1905 879 eveniebatlntcrituneoiu

341 859 480 915 desideriis
502 863 696 929 incumbentes,
719 880 829 937 propter
847 870 1027 931 facinorosam
1041 879 1124 935 sitam
1173 880 1325 941 tuuaeorun
1345 904 1425 961 quem
1438 896 1610 963 appetebant,
1625 901 1773 972 conspicere
1783 923 1904 968 tremerent.

340 949 373 1002 de
396 949 504 1005 civitate
522 953 628 1009 Domini
651 954 738 1023 ejecti,
762 967 839 1015 terrm
851 963 893 1017 cni
906 965 997 1020 animo
1010 967 1125 1024 irtbaase·
1173 971 1267 1039 Aliter,
1282 977 1373 1034 bostes
1382 982 1458 1050 quasi
1472 985 1560 1041 uocati
1576 986 1612 1041 ad
1624 989 1805 1051 solemnitatem
1817 1003 1904 1073 renium,

340 1050 400 1096 ram
414 1045 631 1113 coronabuntur,
647 1048 786 1120 pulvisque
804 1054 908 1124 pulveri
925 1057 1060 1114 reddetur.
1081 1061 1124 1115 Si-
1173 1079 1233 1119 cunr
1254 1067 1363 1140 maligni
1392 1072 1504 1141 spiritus
1529 1076 1555 1131 in
1578 1078 1621 1133 die
1640 1076 1731 1146 judicii
1748 1087 1777 1139 ad
1797 1092 1904 1159 puniendos

340 1133 439 1189 militer
459 1137 551 1206 etqui
576 1140 768 1196 continentiam
797 1145 943 1215 virgineam
964 1149 1124 1207 ridebantur
1172 1166 1328 1223 peccatores
1350 1162 1515 1220 exsultantes
1539 1171 1709 1227 conueniunt.
1733 1172 1838 1234 Gaudent
1856 1185 1902 1238 eain

339 1222 459 1290 liabere,
481 1233 510 1280 et
534 1226 615 1296 robur
637 1229 786 1298 iuventutis
816 1233 843 1288 in
869 1238 1025 1305 operatione
1053 1240 1121 1296 bona
1172 1245 1515 1322 illideruinaanimarum,
1528 1261 1592 1329 quia
1605 1265 1902 1345 nonignorantadsupple·

337 1326 474 1379 exercere,
495 1324 605 1385 propter
627 1319 792 1389 hypocrisin,
815 1340 895 1394 qttaru
923 1343 1014 1384 coram
1037 1331 1122 1387 oculis
1172 1336 1406 1410 tionemsupernae
1421 1345 1902 1426 civitatis‚ondeillicorruerantcrea·

337 1400 472 1457 bominum
499 1418 647 1477 gesserant,
673 1410 760 1479 gladio
777 1397 873 1471 future
886 1416 1065 1476 damnationis
1079 1438 1123 1477 oc·
1172 1437 1228 1484 tum
1246 1446 1305 1487 esse
1321 1448 1405 1504 genus
1428 1439 1587 1510 humanum,
1610 1453 1639 1500 et
1662 1448 1696 1502 ob
1712 1449 1759 1504 boc
1779 1467 1804 1505 se
1820 1454 1901 1523 privatos

336 1490 467 1546 ridentur.
486 1494 623 1552 luterlccit
646 1501 717 1554 enim
742 1503 858 1559 vindicta
879 1506 1004 1565 celesds
1028 1510 1055 1565 in
1077 1510 1120 1566 die
1170 1528 1270 1575 eterna
1291 1510 1418 1581 lelicitate
1436 1532 1645 1600 conspicientes,
1660 1535 1774 1595 homines
1788 1557 1816 1597 ue
1829 1546 1900 1613 parad-

336 1580 434 1636 luroris
455 1581 561 1640 Domini
585 1588 661 1644 lactus
686 1592 867 1659 simulatores,
884 1612 936 1650 uon
953 1612 1120 1657 rerosense·
1170 1624 1229 1664 urm
1257 1611 1372 1669 babeant
1395 1624 1451 1673 toto
1477 1621 1536 1675 nisu
1562 1638 1613 1694 per
1638 1625 1759 1682 inuidiam
1778 1634 1900 1703 precipitare

335 1681 444 1729 oratores
474 1690 611 1733 sacrarum
640 1682 780 1739 uirtutum.
812 1684 888 1743 Unde
913 1690 941 1743 in
972 1691 1119 1764 Evangelio
1169 1699 1306 1760 festinant¹
1329 1706 1385 1765 lloc
1402 1718 1489 1766 tamen
1507 1729 1561 1771 non
1582 1716 1828 1789 sinegrandidolorc
1837 1734 1898 1778 unua

334 1761 440 1833 (Metti.
463 1766 527 1839 aar)
546 1769 665 1842 uirgines
687 1774 775 1829 stultae
794 1776 820 1831 in
837 1779 952 1834 adreutu
973 1785 1063 1851 sponsi
1078 1783 1116 1840 le-
1132 1789 1153 1847 Β
1167 1790 1286 1849 Ecclesia
1308 1798 1432 1864 sustinet,
1453 1817 1515 1857 cum
1538 1802 1611 1861 Dlios
1629 1822 1692 1887 suos
1709 1826 1770 1881 quos
1783 1812 1899 1882 baptimate

331 1862 433 1922 guntur
454 1858 637 1916 mendicantes
658 1871 734 1917 extra
748 1863 858 1934 januam
879 1871 1032 1939 nuptiarum
1050 1872 1116 1931 laris
1168 1887 1271 1957 perluit,
1295 1899 1323 1944 et
1336 1895 1513 1951 sacramentis
1532 1897 1634 1954 divinis
1654 1899 1753 1967 imbuit,
1766 1903 1898 1959 subiuiuioo

331 1948 503 2004 remansisse.
527 1950 559 2006 Et
581 1952 608 2007 iu
634 1954 743 2024 psalmis
768 1958 898 2029 scriptum
923 1969 983 2017 est:
998 1962 1139 2054 iuvenes·
1168 1992 1317 2057 rummanu
1333 1995 1381 2051 per
1396 1982 1502 2039 diversa
1516 1986 1896 2059 sceleraqootidiecadereridet

329 2033 421 2102 ignem
434 2039 592 2106 comedisse,
607 2051 635 2097 et
648 2044 764 2115 viraines
781 2063 874 2104 eorum
887 2051 1047 2110 taruennae
1061 2072 1114 2112 noo
1167 2067 1243 2134 Quod
1260 2068 1435 2142 insequentis
1448 2075 1508 2132 libri
1518 2079 1597 2134 oddo
1610 2082 1675 2137 satis
1688 2082 1897 2141 incidedenusua-

328 2138 391 2180 esse
404 2123 490 2197 (Paul.
502 2132 615 2206 usaria).
1167 2158 1250 2225 bitur,
1272 2164 1398 2230 quoniam
1415 2177 1577 2234 praesentem
1595 2170 1691 2227 librum
1701 2173 1743 2229 bic
1755 2174 1821 2230 ineu
1830 2175 1896 2230 latet

367 2213 451 2271 Toou.
470 2217 601 2277 evocasti
626 2226 703 2294 qrrasi
730 2228 763 2283 ad
789 2229 860 2285 diora
887 2232 1048 2302 solemnem,
1068 2239 1113 2306 qtri
1166 2262 1316 2306 censemus.

332 2323 341 2353 r
357 2312 488 2364 terrerent
503 2325 547 2367 rna
559 2314 593 2368 de
607 2314 730 2382 circuitu,
745 2327 835 2374 etnon
851 2319 901 2376 luit
913 2324 940 2378 in
957 2325 1001 2381 dle
1017 2324 1113 2384 furoris
1257 2400 1273 2434 x

330 2469 1888 2571 Μ

829 2609 976 2686 LIBER
1004 2612 1178 2692 NONUS
1206 2616 1446 2696 DECIMUS.

1020 2797 1252 2812 ——u———Q

363 2885 498 2961 (Hieron.)
524 2889 642 2946 Primam
667 2903 770 2964 partem
798 2894 1012 2956 Larraentatiouis
1035 2900 1110 2957 lere·
1161 2904 1232 2958 enim
1255 2919 1325 2973 supe
1346 2905 1372 2959 in
1389 2903 1535 2976 scripturis
1551 2905 1824 2977 porritnrproplaetre,
1839 2910 1889 2955 otest

327 2980 397 3044 naim,
412 2996 472 3052 quse
491 2981 593 3041 duobus
614 2984 764 3056 alphabetis
783 2991 861 3060 quasi
885 2990 1002 3063 Sapbico
1023 3002 1110 3048 metro
1163 2992 1247 3047 illud.
1263 3011 1273 3044 r
1287 2992 1459 3059 Convertere,
1482 2993 1608 3062 Domine,
1632 2994 1816 3092 aliquantulum,
1834 2991 1890 3091 etde
1945 3030 1946 3033 ,

325 3073 425 3143 scriptu
445 3083 561 3142 constat,
580 3076 642 3146 quia
663 3085 718 3134 tres
740 3080 888 3138 uersiculos
910 3082 957 3152 uui
980 3082 1031 3139 sibi
1045 3096 1110 3138 con·
1160 3097 1273 3154 precare
1298 3099 1488 3156 supersumus
1508 3092 1572 3142 titos
1596 3083 1680 3159 (Paul.
1702 3082 1820 3187 ¹¹¹¹¹¹i¹
1834 3079 1889 3134 luat
1944 3115 1945 3122 ι

326 3168 388 3221 iacui
399 3177 472 3232 suut,
484 3177 511 3223 et
523 3168 556 3223 ab
567 3185 619 3234 una
635 3170 724 3226 littera
735 3179 826 3230 tamen
846 3155 989 3245 incipiunt,
1007 3174 1109 3231 heroici
1159 3172 1231 3227 enirn
1247 3172 1375 3228 Dominus
1387 3190 1495 3230 manum
1507 3191 1603 3242 saram,
1617 3176 1719 3280 quando
1737 3185 1798 3244 Juste
1814 3189 1834 3227 ru
1850 3185 1888 3225 reu

326 3273 431 3314 comma
442 3258 663 3324 euricludit,sicut
672 3259 728 3329 iarn
739 3277 819 3333 supra
831 3271 967 3318 ostensum
975 3271 1018 3318 est
1028 3278 1109 3333 expo·
1159 3262 1277 3318 debitam
1286 3263 1415 3319 ultionem
1425 3264 1558 3333 immittit,
1567 3275 1594 3322 et
1602 3276 1727 3323 contenit
1735 3280 1823 3368 mariun
1831 3274 1887 3324 soto,

323 3317 421 3403 nendo
439 3350 751 3407 transcurrimusauunc
772 3352 806 3407 ad
827 3353 971 3407 secundam
991 3361 1107 3422 partem,
1159 3353 1888 3459 quandomisericorditeranindictasentennamsuspoo
1943 3417 1944 3426 χ

319 3422 369 3493 ‘ubi
384 3439 490 3493 tertium
503 3439 683 3510 alphabetum,
694 3443 764 3511 quod
776 3443 898 3498 trimetro
909 3443 1041 3515 scriptum
1054 3454 1106 3509 est,
1158 3442 1207 3498 dir.
1223 3442 1359 3514 Scriptum
1380 3453 1423 3499 est
1444 3446 1517 3500 enim
1529 3447 1566 3503 de
1579 3448 1623 3503 illo
1636 3466 1644 3502 a
1659 3448 1774 3547 Donnuos
1786 3440 1886 3540 nomint

323 3536 374 3582 cta
388 3529 472 3582 ternis
484 3529 591 3594 litteris,
600 3530 647 3585 sed
659 3530 772 3597 eisdem,
783 3533 852 3590 terni
860 3548 954 3589 versus
965 3534 1105 3604 incipiunt,
1156 3540 1184 3587 et
1197 3533 1325 3600 vivificat,
1340 3534 1448 3590 deducit
1465 3536 1498 3590 ad
1516 3536 1630 3602 inferos,
1647 3544 1675 3592 et
1684 3537 1783 3635 reducit·
1799 3532 1886 3628 Damno

320 3619 516 3690 explanandam
542 3620 682 3677 veniamus
701 3640 710 3676 r
734 3622 786 3678 boc
808 3623 835 3678 in
865 3624 959 3694 primis
986 3624 1107 3681 solentes
1156 3636 1300 3693 pauperem
1311 3623 1387 3690 iacit,
1400 3632 1429 3680 et
1440 3625 1518 3691 ditat,
1534 3627 1668 3730 humiliat,
1680 3634 1706 3681 et
1718 3619 1885 3723 sublimatbtn

322 3711 384 3767 sciri
397 3712 468 3782 quod
486 3713 543 3768 bec
557 3726 620 3782 pars
633 3713 749 3781 primum
764 3713 944 3770 calamitatem
959 3715 1048 3785 gentis
1061 3715 1108 3771 lu·
1156 3711 1356 3768 Deuteronomii
1373 3715 1480 3771 cantico
1499 3717 1557 3819 ipsc
1572 3718 1638 3773 dicit
1652 3735 1658 3771 ε
1673 3735 1683 3768 r
1697 3716 1746 3788 Ego
1755 3712 1885 3830 occidanct

320 3804 396 3870 rlaeae,
418 3818 465 3859 scu
485 3805 574 3875 potius
596 3804 704 3859 bomani
722 3805 830 3876 generis
850 3804 971 3860 dellendo
986 3819 1106 3875 pronun·
1155 3802 1246 3858 virere
1270 3801 1384 3872 iaciam;
1405 3816 1565 3909 percutiam,
1587 3817 1616 3910 et
1627 3823 1675 3878 ego
1695 3821 1800 3861 sanam:
1814 3809 1835 3855 et
1850 3809 1884 3850 aar

319 3896 381 3960 tiat,
406 3894 502 3951 deiude
524 3905 720 3952 sacramentnm
744 3896 889 3952 Dominicae
911 3896 1106 3952 incarnationis
1155 3894 1256 3963 estqui
1270 3894 1367 3964 eripiat
1380 3895 1413 3951 de
1426 3896 1552 3953 manibus
1565 3915 1632 3952 mers
1642 3896 1728 4002 litem.
1740 3891 1836 3962 rxanlo

321 3988 496 4059 acpassioois
513 3987 654 4043 manilestc
667 3988 802 4062 exprimit,
819 3987 863 4043 ubi
879 3987 1105 4059 lrrdaeorumper-
1189 3986 1264 4041 Delia.
1288 4005 1298 4038 r
1323 3986 1461 4044 vetustam
1483 3987 1548 4044 iecit
1575 3991 1699 4093 Dominus
1722 3985 1803 4056 pellens
1825 3989 1882 4120 oneng

320 4080 464 4135 merrdoet
479 4080 629 4137 innocentis
647 4079 746 4136 Christi
765 4093 845 4150 poena
859 4094 892 4135 ae
911 4079 1102 4135 morsdcscri·
1158 4087 1338 4134 rctcamem
1353 4094 1449 4144 meam,
1466 4082 1596 4137 contrivit
1606 4095 1664 4135 ossa
1676 4093 1739 4178 mea.
1752 4095 1764 4175 r
1777 4072 1835 4172 lupe
1867 4152 1872 4162 .

319 4172 401 4226 bitur,
1154 4181 1236 4222 carne
1249 4168 1383 4224 exteriora
1397 4177 1423 4223 et
1437 4169 1527 4225 mollia
1540 4185 1652 4240 queque
1663 4172 1791 4237 exprimit,
1803 4176 1824 4214 ¹¹¹
1837 4167 1881 4255 Ψ

625 4258 737 4317 CAPUT
755 4259 797 4316 tlt.
1154 4259 1205 4314 laus
1220 4273 1326 4330 quoque
1345 4263 1426 4316 robur
1449 4263 1597 4318 internum.
1624 4261 1752 4317 Vetustam
1774 4267 1825 4324 ergo
1840 4246 1880 4344 '¹¹¹¹

353 4353 444 4424 Aleplr.
464 4353 543 4423 «Epo
566 4353 607 4408 nir
630 4352 724 4408 videns
747 4360 931 4423 paupertatem
952 4367 1050 4418 meam,
1073 4352 1101 4408 in
1154 4347 1283 4404 Dominus
1305 4349 1401 4420 pellem
1427 4350 1581 4455 iudeorum
1600 4361 1631 4456 et·
1644 4363 1754 4450 mureto,
1773 4338 1880 4414 quantun

323 4464 331 4496 r
349 4445 423 4518 rirpa
438 4444 628 4516 indignationis
645 4441 713 4513 ejus.
728 4463 738 4496 ι
757 4441 901 4516 (Daunus.)
920 4443 1101 4514 Conqueritur
1115 4416 1331 4495 ”exterioribus
1345 4441 1426 4496 rebus
1439 4457 1487 4512 per
1504 4443 1675 4514 indigentiam
1691 4434 1879 4562 recidam}

320 4550 384 4605 ergo
405 4534 518 4607 popolus
540 4533 627 4591 lldelis
647 4543 830 4606 paupertatem
848 4551 937 4602 snam,
962 4535 989 4590 in
1010 4551 1101 4592 corre·
1156 4527 1313 4585 «Cortum
1332 4546 1541 4598 essarrorum»
1561 4533 1666 4604 quaudo
1686 4521 1878 4658 ιιιιιιιιιιιιιιιῖῢοὺ

322 4624 416 4694 ptione
436 4623 627 4695 indignationis
649 4624 766 4692 Domini,
780 4626 843 4696 quia
861 4625 990 4695 plurimos
1004 4641 1019 4680 a
1032 4633 1103 4681 statu
1152 4636 1245 4676 corum
1262 4622 1370 4678 minuit.
1386 4623 1487 4695 (Grep.)
1503 4624 1571 4680 lliuc
1583 4638 1686 4696 quoque
1698 4634 1743 4693 pet
1755 4619 1877 4754 muium

320 4721 399 4769 rectae
415 4712 478 4770 ddci
501 4722 528 4770 et
548 4714 635 4771 studio
653 4715 785 4771 bonorum
802 4730 913 4786 operum
933 4718 959 4772 in
979 4718 1104 4773 tenebras
1153 4711 1271 4769 dicitur:
1285 4712 1382 4770 «cous
1391 4730 1449 4771 mea
1464 4716 1602 4788 denigrata
1618 4724 1659 4771 est
1671 4718 1821 4782 superno,¹
1845 4786 1877 4839 Μ

316 4804 418 4861 erroris
431 4812 458 4858 et
470 4803 596 4860 vitiorum
613 4805 769 4861 barathrum
779 4806 867 4861 cernit
877 4805 990 4874 derolri,
1004 4805 1103 4862 «multi
1152 4816 1211 4857 mea
1236 4812 1366 4860 aruerunt
1384 4821 1439 4876 prae
1458 4815 1583 4863 caumate
1596 4805 1660 4908 (toi
1674 4799 1746 4871 nx).
1757 4817 1766 4850 ι
1779 4794 1835 4849 lieno
1868 4896 1876 4910 ο

314 4895 388 4960 earini
403 4902 465 4951 aunt
483 4893 582 4957 uocati,
597 4895 675 4965 pauci
685 4908 750 4951 sero
762 4895 851 4951 electi.
866 4914 876 4948 ι
1153 4901 1251 4948 sauctae
1267 4893 1392 4950 Ecclesia
1405 4897 1516 4953 vocibus
1528 4905 1657 4998 coragrurt,
1668 4907 1723 4994 pue
1734 4887 1876 5020 Mora-„3

353 4984 446 5057 dieplr.
469 4982 533 5038 rlle
555 4983 668 5039 minavit
688 4994 716 5040 et
736 4983 846 5040 adduxit
865 4984 893 5041 in
911 4985 1047 5050 tenebras.
1074 4995 1103 5042 et
1151 4981 1299 5037 secationis
1322 4982 1422 5039 ultimae
1434 4984 1461 5039 in
1475 4985 1589 5040 inlirmrs
1610 4991 1721 5088 praeter
1734 4979 1817 5082 sutili·
1835 5060 1874 5106 m

319 5091 330 5126 ι
347 5089 399 5130 non
413 5074 440 5129 in
454 5072 550 5130 lucem.
565 5093 575 5126 ι
601 5071 658 5130 lloc
679 5082 721 5130 est
743 5073 769 5129 in
793 5071 991 5129 tribulationem
1006 5075 1102 5131 cadere
1151 5088 1203 5143 qtae
1217 5075 1252 5129 ab
1266 5074 1311 5130 illa
1326 5074 1371 5130 alii
1390 5085 1514 5146 pereunt,
1534 5077 1688 5132 valentiores
1697 5070 1872 5201 ,quw‘ffw

316 5166 448 5240 permisit,
463 5173 491 5221 et
505 5181 557 5222 nou
571 5165 597 5220 in
612 5165 819 5236 prosperitatem
835 5164 960 5222 servarit.
1152 5165 1315 5220 cruciantur.
1333 5166 1458 5244 Euterior
1476 5167 1575 5238 quippe
1587 5181 1663 5222 causa
1681 5174 1733 5260 epus
1750 5165 1785 5296 ⁸2¹
1797 5236 1872 5294 nmo

351 5257 442 5328 dieplr.
461 5257 596 5314 «Tantum
610 5257 637 5311 iu
651 5271 694 5311 me
707 5256 798 5322 uertit,
810 5265 836 5312 et
847 5256 980 5313 convertit
992 5272 1102 5312 manum
1150 5254 1330 5322 dispensatio,
1342 5255 1455 5310 interior
1470 5272 1550 5322 reru,
1563 5270 1626 5358 cura
1640 5250 1753 5350 caeleste·
1782 5255 1795 5294 ¹
1808 5311 1872 5378 wi

318 5361 425 5400 usuam
445 5355 500 5403 tota
519 5346 596 5402 dic.»
618 5346 677 5401 lloc
698 5346 771 5402 enim
796 5347 892 5412 sentit,
913 5343 978 5412 justi
1002 5346 1102 5416 judicis
1151 5345 1258 5401 nomine
1280 5344 1379 5401 infirmi
1400 5346 1551 5418 signantur,
1568 5362 1612 5416 qua
1628 5357 1694 5398 nuuc
1709 5355 1733 5394 m
1745 5343 1812 5469 ott¹s
1824 5410 1867 5477 w

315 5437 449 5494 sententia
468 5438 640 5502 decernente,
654 5438 704 5494 sibi
713 5436 790 5507 juata
810 5438 905 5493 merita
921 5453 968 5492 sua
981 5440 1099 5506 evenire,
1151 5434 1259 5488 utilitati
1279 5435 1443 5490 deserviunt.
1469 5435 1593 5540 Peraean
1607 5449 1666 5538 uero
1681 5431 1753 5486 tune
1766 5419 1870 5572 dum*

317 5523 389 5593 paud
413 5539 443 5579 se
464 5525 559 5579 recolit
581 5527 697 5596 propriis
723 5527 827 5581 actibus
849 5528 1007 5597 promereri.
1034 5528 1100 5584 lllud
1151 5525 1201 5579 toti
1215 5533 1287 5587 sunt,
1301 5525 1327 5579 io
1341 5528 1571 5598 quibuscomorn
1587 5523 1805 5628 ¹¹¹¹¹¹⁵,¹⁰¹³⁰⁰¹ip'
1837 5589 1869 5638 w

319 5621 407 5673 tamen
432 5612 655 5667 considerandum
677 5621 719 5669 est
742 5614 815 5683 qatod
835 5615 922 5669 dicit:
937 5613 1052 5671 Tantum
1071 5619 1099 5674 in
1150 5618 1258 5674 lidatur.
1276 5613 1343 5685 Quia
1364 5620 1446 5689 igitur
1467 5630 1513 5675 aut
1535 5625 1666 5691 provocati
1686 5602 1821 5667 munenbtt·

320 5706 363 5764 roe
386 5700 476 5763 uertit,
494 5708 522 5754 et
540 5701 672 5755 eonrcrur
696 5718 804 5756 marium
827 5718 913 5756 sunan.
937 5703 1099 5761 Convertere
1150 5709 1379 5777 persecutionibus
1398 5710 1486 5766 afflicti
1503 5710 1576 5768 multi
1592 5709 1617 5763 in
1630 5721 1659 5761 ea
1675 5701 1774 5758 abstatn
1786 5684 1869 5740 idisti·
