4042 6200
261 255 322 310 l‘dffl
573 258 603 313 u.
625 258 751 314 aausul
769 259 877 315 ututur
895 259 1054 315 auctttuu.
1076 259 1230 318 uotiuut‘.
1248 259 1389 316 OPERUM
1407 258 1497 315 PARS
1515 259 1557 314 tlt.
1808 259 1882 315 l‘l'ii

256 372 431 436 Agnoscimus
453 370 561 439 quidem
596 371 719 424 meritam
749 369 916 441 paupertatis
940 379 1041 424 nostrae
1056 368 1649 441 Aaradiopprobriaeteogitationesoorom
1661 367 1881 422 adsentationes

256 457 442 527 indigentiam,
455 474 515 514 cram
529 461 742 514 necessariarum
756 475 847 515 rerum
863 474 986 529 treuguam
1001 468 1042 512 to·
1093 459 1185 514 Redde
1196 461 1236 514 eis
1249 459 1346 524 tieem,
1363 456 1486 520 botrum,
1499 454 1576 523 iuxta
1585 471 1667 524 opera
1679 471 1883 512 mauuumsua·

256 550 374 606 lerarnus
396 550 546 621 penuriam.
563 550 676 605 l‘elleet
698 551 792 606 labore
816 550 910 619 repleti
936 566 1039 613 sumus,
1094 568 1166 617 rum,
1187 559 1215 605 et
1228 551 1262 605 da
1276 550 1317 605 eis
1337 548 1484 604 secundum
1501 547 1629 602 duritiam
1646 548 1737 602 cordis
1756 547 1801 602 sui
1814 563 1885 603 coa-

253 653 281 698 et
293 643 319 697 in
332 643 592 707 tenebriscollocati,
607 644 684 715 quasi
697 643 795 698 terortui
807 644 926 713 deputati
935 658 1039 698 sumus.
1092 645 1172 716 digna
1187 653 1330 699 tormenta.
1345 641 1485 709 Quomodo
1498 641 1660 696 obscuratus
1673 649 1716 695 est
1728 640 1886 712 ooloropli·

257 733 442 788 l'ociicramus
456 734 489 788 ad
501 733 621 801 indicem
639 743 762 789 nostrum
784 749 828 803 per
846 734 916 788 dictu
938 742 966 788 et
992 748 1041 787 no
1092 750 1152 789 mus
1162 734 1220 789 auri
1233 752 1240 788 :
1253 734 1280 789 in
1290 733 1388 804 plateis
1400 732 1516 803 dispersi
1526 740 1589 786 suut
1600 717 1703 800 lapides
1712 734 1887 787 sanctuarii;

254 832 334 886 elem,
351 823 1039 889 neeesaudit,sedconclndeusriasnostr·as,etsc·
1091 826 1138 882 lilii
1158 825 1223 882 Sion
1249 825 1343 895 inclyti
1373 823 1509 894 quomodo
1530 824 1646 892 reputati
1668 833 1732 878 sunt
1757 824 1787 878 ia
1815 839 1883 879 rasa

255 915 336 969 utilas
350 914 492 969 subuertit.
504 913 604 970 Arcum
619 923 647 969 et
661 924 765 969 scutum
779 922 873 972 ccrrlra
886 928 934 968 nos
947 921 1040 968 exten·
1092 925 1177 988 lestap
1198 913 1288 983 unali?
1301 913 1355 968 Sed
1370 923 1399 968 et
1411 911 1498 967 lamia
1513 911 1647 967 utrdantea
1664 928 1813 967 mammam
1826 913 1885 968 lac»

255 1006 306 1070 dit,
319 1014 346 1061 el
365 1019 416 1060 nos
429 1006 506 1075 qtrasi
521 1007 628 1075 signum
644 1007 678 1062 ad
699 1006 824 1076 sagittam
850 1006 949 1077 posuit,
962 1006 1039 1060 Facti
1091 1011 1215 1058 taverunt
1227 1001 1330 1058 catulos
1342 1015 1416 1066 suos,
1428 1017 1489 1056 cum
1501 1001 1619 1056 haretici
1629 1001 1750 1056 belluina
1765 1002 1883 1064 saevitia.

255 1111 348 1151 santus
364 1096 391 1151 in
407 1097 525 1152 derisum
538 1098 610 1153 omiti
622 1098 720 1168 populo
733 1108 836 1163 nostro,
852 1098 915 1167 quia
934 1098 1041 1168 replens
1090 1110 1185 1150 errore
1198 1095 1289 1160 noxio,
1301 1094 1466 1162 deceperunt
1476 1093 1615 1147 auditores
1627 1107 1701 1147 suos
1716 1091 1800 1158 Quasi
1812 1101 1884 1147 stru

255 1199 305 1242 uos
323 1184 504 1241 amaritudine
523 1186 666 1241 inebriarit
687 1186 832 1250 absinthio,
849 1186 1039 1241 adnumerum
1092 1189 1149 1245 tbio
1158 1198 1252 1245 eontra
1264 1187 1333 1242 lilios
1347 1202 1422 1252 suos,
1436 1187 1476 1241 aic
1485 1196 1573 1242 mater
1585 1201 1721 1257 synanoga
1737 1184 1882 1256 indignata

254 1274 937 1347 deutesnostrosfregit,quiareplensanimasquasi
949 1276 1041 1332 cinere
1091 1289 1135 1335 est
1154 1286 1249 1334 contra
1268 1278 1393 1332 alumnos
1410 1290 1484 1332 aues.
1506 1275 1627 1331 Adhaesit
1646 1275 1738 1346 lingua
1755 1274 1886 1329 lactantis

253 1365 364 1421 cibavit.
388 1365 503 1436 Propter
529 1374 716 1435 paupertatem
744 1374 772 1421 ct
797 1366 1040 1436 transgressionem
1091 1368 1256 1439 etpalatum
1276 1367 1303 1422 in
1318 1366 1376 1430 siti,
1389 1374 1417 1420 et
1434 1363 1534 1420 irustra
1548 1365 1686 1435 petierunt
1700 1379 1801 1434 partem
1816 1379 1882 1433 par-

256 1456 309 1510 rita
335 1464 427 1512 nostra
450 1456 576 1521 tabescit,
603 1456 650 1511 scd
669 1470 731 1526 spes
753 1473 834 1526 quam
859 1457 990 1511 babemus
1013 1457 1041 1511 iu
1091 1460 1282 1532 ratisranpcrc
1295 1459 1358 1515 sibi.
1371 1457 1494 1514 Nazaraei
1508 1457 1594 1512 nostri
1609 1457 1672 1512 nire
1692 1455 1882 1519 eandidiores,

255 1546 367 1602 Derrdrm
380 1560 550 1616 rrequaquam
565 1546 665 1602 deficit.
681 1546 738 1600 Nou
752 1546 824 1601 enim
836 1548 921 1601 nostri
936 1547 1038 1612 rrrcriti,
1091 1552 1174 1607 ebore
1184 1547 1398 1610 rubicundiores,
1410 1547 1538 1618 sapphiro
1547 1546 1727 1617 pulchriores,
1746 1546 1882 1617 deninrmi

255 1637 302 1692 scd
316 1652 418 1708 magnae
430 1637 610 1693 miserationis
623 1646 663 1692 est
674 1637 791 1702 batarini,
807 1638 878 1706 quod
892 1637 1003 1692 omniuo
1014 1646 1042 1692 et
1093 1654 1156 1698 sunt
1167 1658 1249 1712 serpen
1258 1642 1408 1698 exstinctos
1420 1639 1564 1705 carbones,
1575 1647 1604 1692 et
1615 1652 1697 1706 super
1708 1636 1811 1706 lineam
1824 1637 1882 1690 ari-

255 1728 360 1797 perritus
375 1743 426 1782 uon
439 1743 531 1782 sunaus
543 1729 703 1797 consumpti,
724 1728 785 1797 quia
801 1729 887 1783 bouus
899 1737 941 1784 cst
952 1727 1042 1782 unmi-
1058 1725 1080 1784 B
1094 1736 1156 1788 dum
1168 1741 1243 1788 artus
1257 1729 1342 1787 nostri
1353 1729 1417 1784 lereti
1431 1737 1493 1784 stant
1510 1727 1647 1784 sicciores.
1663 1725 1813 1796 Complosit
1824 1725 1882 1780 llo-

256 1833 306 1872 uus
320 1819 492 1888 sperantibus
506 1819 531 1873 in
553 1833 628 1882 euni,
646 1830 673 1873 et
693 1818 770 1872 scalde
792 1817 924 1888 benigrtus
945 1818 1042 1872 auimte
1093 1825 1181 1879 urinas
1194 1823 1221 1877 iu
1240 1821 1318 1877 nobis
1339 1819 1458 1876 iurarem
1475 1832 1564 1883 suum,
1581 1826 1609 1873 et
1625 1815 1767 1871 succendit
1790 1816 1881 1886 iqneau

255 1910 387 1979 qttmrculi
401 1909 484 1964 illum.
506 1911 608 1965 Burrum
626 1920 667 1965 est
689 1927 750 1966 cum
768 1909 874 1966 siicut‘ru
891 1909 1041 1981 praestolari
1092 1916 1282 1989 indignationis
1294 1929 1359 1970 suae.
1374 1912 1404 1970 in
1425 1912 1539 1986 mystica
1561 1911 1624 1967 Sion
1643 1916 1757 1981 propter
1769 1920 1882 1980 peecata

255 2000 373 2055 salutare
389 2000 503 2066 Doutirri,
518 2001 580 2069 quia
605 2016 700 2071 taragna
716 2011 757 2056 est
776 2000 961 2056 irrisericordia
972 2000 1044 2073 judi·
1091 2010 1282 2080 prophetarunt
1295 2005 1365 2075 eins,
1384 2015 1412 2062 et
1432 2004 1589 2075 iniquitates
1605 2002 1781 2059 sacerdotum
1795 2002 1881 2068 ium,

255 2091 294 2145 u's
309 2090 432 2160 nissimi·
454 2090 557 2144 Bonum
577 2099 619 2144 est
633 2106 698 2160 eso
718 2090 742 2145 ci
768 2090 813 2160 qur
837 2098 926 2160 norm
949 2087 1043 2160 iugum
1092 2101 1324 2161 erratenntcaer
1344 2100 1372 2155 n
1387 2098 1484 2170 praere
1503 2097 1596 2168 ipsus,
1616 2096 1699 2150 tacte
1716 2094 1823 2150 nonan
1839 2094 1883 2148 us

256 2179 443 2235 adolescentie
456 2189 486 2233 ut
503 2178 601 2234 sedens
621 2178 759 2234 solitarius
772 2188 849 2233 uacet
862 2178 959 2234 diuina
980 2193 1043 2233 cun·
1092 2193 1155 2249 vnn
1172 2207 1230 2257 ως,
1253 2201 1281 2247 nn
1302 2190 1373 2246 sinn
1397 2189 1536 2259 pinnen-em
1549 2185 1622 2242 eniti
1645 2183 1788 2254 dissiparit
1809 2184 1881 2238 illes.

256 2270 433 2340 templationi,
452 2270 604 2341 despiciens
625 2270 716 2326 runndi
741 2284 876 2341 pompam,
891 2283 994 2339 ponens
1015 2269 1041 2322 in
1091 2281 1303 2336 inprimi-efflui
1320 2278 1431 2349 mugi„
1453 2285 1545 2332 nonina
1561 2276 1588 2330 n.
1607 2274 1714 2335 itinere,
1732 2272 1883 2343 ψρηρῑη.

256 2363 366 2433 puluere
382 2379 414 2419 os
432 2377 521 2428 suurn,
536 2371 564 2418 ct
583 2371 676 2416 contra
700 2359 900 2431 persecutiones
924 2358 1042 2414 hostium
1092 2370 1183 2443 quanin
1196 2370 1258 2425 nnn
1272 2376 1364 2425 nonni·
1377 2368 1403 2423 in
1418 2367 1592 2422 (innotatione,
1606 2364 1773 2432 denttptor
1788 2373 1886 2420 nester

256 2454 403 2527 qmticntem
416 2453 575 2523 seprabeat
586 2460 614 2507 et
634 2449 893 2520 mitissimumque
909 2448 974 2504 licet
989 2447 1044 2504 lio-
1092 2477 1187 2534 panni
1206 2470 1249 2517 en
1263 2475 1313 2529 pm
1330 2458 1449 2529 penning
1473 2456 1584 2520 nostrie,
1607 2464 1635 2509 et
1652 2469 1705 2510 aes
1723 2453 1885 2509 eeenmria

257 2545 348 2600 tatinus
362 2542 548 2614 temporaliter
565 2558 626 2598 eum
643 2541 768 2613 flagellet,
782 2558 836 2598 noo
852 2551 941 2596 tamen
958 2554 1044 2609 usquc
1092 2553 1183 2608 nivem
1193 2549 1324 2617 elegimus
1336 2549 1363 2603 jn
1376 2546 1564 2617 iniquitatibus
1576 2544 1688 2610 nestris,
1701 2543 1763 2599 ideo
1776 2543 1884 2599 redibas

257 2636 284 2691 iu
300 2635 380 2690 [luem
394 2633 467 2687 illum
487 2632 618 2702 abjiciens
632 2632 754 2707 repellet.
768 2632 862 2686 l'euict
878 2631 949 2685 euim
975 2640 1044 2684 tem-
1092 2651 1135 2698 051
1153 2641 1273 2697 epinicia
1294 2640 1374 2696 maiis
1395 2639 1523 2710 opnrjnns
1546 2637 1660 2700 nestris,
1682 2643 1711 2690 et
1733 2641 1885 2705 patuerunt

256 2725 609 2796 11153111111111111111101115,
633 2724 741 2795 quaudo
757 2723 839 2793 11111111
856 2723 946 2794 31151115
966 2720 1043 2790 1111111
1093 2735 1206 2792 crimina
1225 2742 1318 2789 nostra
1331 2731 1488 2788 saevissimis
1506 2728 1633 2783 inimicis.
1645 2726 1816 2791 Recordare,
1831 2726 1885 2782 be·

256 2816 353 2876 merita
367 2831 416 2896 sua
429 2815 523 2871 reddet
534 2814 656 2887 siugulis.
670 2813 736 2881 Quis
750 2824 792 2869 est
804 2815 850 2884 qui
862 2811 964 2882 aliquid
978 2813 1044 2868 dicit
1094 2826 1176 2891 mine,
1189 2823 1254 2894 quin
1277 2823 1356 2879 nonin
1374 2821 1513 2884 accident,
1536 2827 1565 2874 er
1589 2819 1684 2889 ingene
1704 2816 1882 2887 appuliam

257 2908 316 2969 lieri
328 2906 440 2963 Domine
452 2905 601 2974 nesciente,
613 2921 674 2962 eunt
686 2905 752 2961 nihil
765 2905 800 2961 sil
810 2905 838 2960 in
850 2903 960 2968 mundo,
972 2902 1045 2976 quod
1094 2916 1209 2980 pinnen,
1227 2912 1299 2984 qnod
1313 2913 1391 2969 nonin
1404 2910 1503 2968 eventi,
1521 2909 1667 2964 linteones
1686 2916 1784 2962 nestra
1803 2922 1883 2961 rem

258 3015 312 3055 aron
326 2998 372 3055 ilat
393 2998 637 3070 Dominoiubentc,
660 3007 707 3053 aut
723 2996 916 3070 permittente?
931 2994 1043 3050 Semtc·
1096 3016 1139 3064 en
1155 3007 1190 3062 nn
1212 3006 1324 3068 alienon,
1344 3013 1372 3060 01
1394 3004 1471 3059 innon
1489 3012 1583 3058 noster
1606 3000 1718 3070 respicit
1740 2998 1775 3054 ad
1795 3005 1885 3055 extra-

260 3108 321 3155 mur
332 3107 397 3163 ergo
409 3091 467 3146 uias
482 3099 600 3157 nostras,
614 3100 642 3148 ct
659 3096 829 3147 reuertamur
841 3088 875 3145 ad
889 3085 1044 3152 Dominum,
1059 3083 1081 3144 C
1098 3113 1173 3154 itone.
1184 3094 1280 3168 pnpilli
1296 3093 1462 3151 sentinemus
1480 3091 1581 3162 absque
1598 3099 1691 3162 patre,
1706 3097 1812 3145 matres
1835 3104 1884 3143 uo·

259 3181 447 3252 elevemusque
462 3181 542 3237 corda
560 3191 652 3237 nostra
672 3196 734 3237 curu
754 3179 878 3244 manibus
896 3180 923 3233 iu
946 3176 1043 3233 coelom
1096 3196 1158 3243 ειη)
1172 3186 1248 3257 qnasi
1265 3185 1362 3243 vinuae,
1384 3181 1488 3239 Deiecit
1505 3181 1631 3252 partium
1651 3178 1745 3236 cordis
1758 3179 1887 3235 uestriet

259 3274 293 3334 nd
305 3272 401 3328 Deum.
427 3270 482 3329 Nos
495 3273 585 3343 inique
597 3273 701 3344 entium
715 3280 743 3326 et
753 3272 786 3328 ad
800 3268 966 3329 iracundiam
983 3284 1046 3343 pro·
1095 3277 1193 3334 cecinit
1206 3291 1305 3333 corone
1322 3273 1421 3344 eapitis
1437 3272 1533 3328 nostri.
1548 3270 1595 3326 Ver
1611 3270 1691 3325 uobis
1705 3270 1772 3338 quia
1787 3283 1884 3338 perca

259 3362 426 3429 secavimus,
438 3363 498 3420 ideo
510 3362 584 3417 illum
601 3365 699 3423 iratrrm
715 3369 744 3421 et
759 3360 951 3421 inexorabilem
968 3360 1046 3416 nobis
1096 3372 1195 3433 einins,
1207 3369 1267 3424 ideo
1279 3367 1351 3423 enim
1366 3364 1484 3421 inimicis
1502 3363 1604 3418 neuris
1619 3361 1713 3419 moesti
1730 3360 1827 3415 traditi
1841 3376 1886 3415 sa·

259 3470 320 3511 csse
333 3453 473 3510 scutimus.
493 3452 624 3524 Opposuit
648 3452 725 3508 nobis
743 3453 841 3509 nubem
857 3453 990 3524 caliginis,
1010 3470 1045 3509 ne
1096 3476 1167 3519 narn.
1183 3458 1222 3515 Tu
1236 3444 1469 3524 alemanniae,
1482 3454 1509 3509 iu
1522 3462 1653 3509 aeterrmm
1666 3449 1887 3521 permaudtiset

261 3546 390 3605 transiret
407 3545 494 3602 oratio
517 3553 543 3601 et
563 3544 758 3600 deramatratit
775 3544 846 3614 quod
861 3542 936 3613 justa
953 3552 1045 3598 nostra
1097 3548 1165 3604 sntio
1177 3555 1224 3602 tao
1237 3547 1310 3605 omrai
1323 3543 1491 3616 generationi
1504 3557 1620 3613 semper,
1636 3550 1664 3597 et
1682 3541 1783 3610 ubique
1798 3541 1886 3596 toni-

260 3635 473 3707 cssetobieetiu,
486 3635 668 3691 ideodelurit
682 3634 777 3691 oculas
792 3642 885 3689 noster
898 3634 1045 3693 dirisioues
1097 3640 1181 3706 traria,
1205 3653 1290 3708 quare
1312 3637 1339 3695 in
1363 3644 1524 3708 perpetuum
1543 3633 1713 3690 oblivisceris
1733 3633 1843 3695 nostri,
1861 3641 1887 3685 er

261 3742 408 3798 arqrtarum,
435 3736 463 3785 et
487 3725 644 3795 multiplicia
665 3723 809 3795 profundet
826 3722 937 3779 llumina
955 3719 1045 3793 lacry-
1098 3732 1268 3800 derelinques
1280 3745 1330 3785 nos
1344 3729 1371 3785 in
1386 3727 1554 3800 longitudine
1574 3726 1678 3781 dierum
1691 3724 1809 3780 seculi?
1820 3723 1886 3779 Gon

262 3833 376 3883 arrarum,
392 3831 441 3871 nec
459 3815 512 3870 ulla
523 3816 579 3886 iarn
594 3815 671 3873 uobis
683 3816 763 3873 datur
773 3815 890 3884 requies,
904 3814 988 3868 donec
1003 3828 1046 3868 sa·
1099 3828 1243 3884 terrenos,
1254 3818 1375 3883 nomine,
1388 3815 1887 3884 adte,eteonrertemur,inneradies

262 3911 344 3963 intem
358 3907 488 3978 percipiet
503 3922 564 3975 spes
581 3906 658 3961 brrrra
678 3920 709 3960 ac
730 3905 805 3959 tides.
825 3904 981 3961 lnuoeamus
997 3919 1046 3958 uo·
1098 3909 1285 3969 nosnossieut
1296 3924 1311 3965 a
1322 3908 1467 3979 principio,
1477 3916 1505 3962 et
1515 3906 1582 3962 salui
1594 3906 1707 3960 erimus.
1719 3905 1773 3960 Tui
1783 3921 1885 3969 wmos,

262 4013 322 4055 tuen
336 4005 423 4060 tuarn,
438 3996 558 4059 boariae,
573 3996 605 4050 dc
619 3997 678 4050 lacu
694 3995 850 4060 nouissimo,
873 4010 922 4049 uec
937 4004 1046 4050 acerras
1098 4001 1221 4066 bomine,
1241 4001 1276 4055 ad
1297 4007 1323 4054 te
1341 3999 1516 4068 pertinemus,
1538 4005 1567 4051 et
1588 4004 1618 4051 tn
1630 3995 1711 4051 nobis
1728 3997 1886 4052 miseranda

260 4104 353 4145 rtrrrcm
367 4096 441 4143 tuam
455 4087 667 4159 rogoasingultu
682 4096 784 4147 nostro.
800 4085 907 4151 ludica,
920 4086 1044 4150 Drtnrine,
1097 4091 1226 4156 consulis,
1250 4092 1276 4145 in
1297 4098 1425 4145 aternum
1439 4105 1531 4145 curam
1554 4098 1580 4145 te
1595 4088 1727 4143 vivemus.
1747 4087 1820 4153 Fiat,
1836 4088 1885 4143 lie

261 4196 368 4235 emisam
386 4181 482 4235 arrianae
502 4190 613 4247 tenure,
635 4188 742 4234 creator
764 4178 824 4249 pius
842 4186 869 4232 ct
892 4178 1046 4247 rederuptor
1098 4184 1181 4245 irritae,
1195 4198 1276 4252 super
1286 4196 1336 4236 rios
1347 4194 1453 4251 semper
1468 4188 1513 4236 tua
1529 4176 1727 4247 misericordia,
1737 4187 1770 4234 ut
1780 4178 1887 4237 lauden

261 4272 320 4334 nite
338 4281 445 4328 eastra.
461 4271 555 4328 Vidisti
567 4271 685 4328 furorem
696 4270 866 4326 inimicorum
879 4278 971 4325 eorrtra
985 4285 1044 4333 uos,
1098 4282 1171 4326 tuaru
1185 4272 1384 4327 artrruntiemue.
