4042 6200
209 350 261 408 tes
597 345 780 406 Expostulo
798 345 832 402 dt
850 343 1045 403 enormitate
1064 342 1269 403 semitectis
1289 377 1324 386 -
1342 343 1406 400 LlB.
1427 343 1460 401 li.
1785 344 1840 402 'ted

241 469 295 538 Qui
311 484 371 523 rum
388 444 547 537 sapientibus
562 461 683 534 preditus
699 462 803 534 sopiens
818 463 878 526 erit,
896 460 996 514 amiens
1010 461 1036 521 Α
1048 460 1211 519 uersiculum
1235 462 1338 534 antiqui
1361 463 1522 534 interpretes
1546 467 1762 522 transtulerunt:
1782 461 1841 524 Viri

207 566 347 623 stultorum
365 562 475 634 efficitur
490 557 593 615 similis.
622 558 689 614 Cum
709 555 874 627 sapientibus
894 557 935 610 ire
955 560 998 609 est
1042 552 1111 624 iusti
1123 553 1220 609 divitiis
1233 554 1309 610 annis
1320 534 1410 609 multis
1423 554 1553 624 fruentur,
1570 554 1654 626 iniqui
1666 565 1754 612 autem
1765 560 1839 626 peri·

206 656 370 728 sapientium
392 662 469 709 actus
488 649 608 715 imitari,
629 646 779 720 quamlibet
798 660 863 718 ergo
883 645 996 715 simplex
1047 642 1111 697 dunt
1126 643 1244 699 breviter.

206 749 321 819 quisque
333 745 369 802 sit
380 752 408 800 et
420 742 547 807 rusticus,
560 742 606 812 qui
616 756 713 796 arcana
724 738 863 810 sapientiae
875 752 997 807 compre·
1081 735 1175 790 iustus
1189 736 1311 802 comedit,
1324 745 1347 790 et
1364 735 1441 807 replet
1455 737 1571 792 anienem
1584 753 1676 802 suum;
1691 748 1777 793 aeriter
1789 755 1834 792 nu·

205 839 324 895 bendere
343 843 469 907 nequeat,
489 834 511 889 si
529 843 619 888 tamen
641 831 792 902 sapientum
815 827 938 902 exempla
960 827 999 882 vi·
1048 839 1097 883 tem
1111 827 1250 901 impiorum
1263 827 1452 884 insaturabilis.
1478 826 1570 886 iustus
1581 829 1696 900 percipit
1707 829 1784 886 cibos
1797 845 1841 885 sa·

204 933 293 984 residu
305 924 506 994 sectatur‚jure
519 925 590 979 inter
609 923 745 992 sapientes
764 918 996 983 annumerabitur,
1047 923 1166 994 pientiae,
1180 922 1226 993 qui
1243 921 1270 976 iu
1283 921 1424 977 novalibus
1434 921 1556 988 Patmm,
1573 922 1624 979 boc
1640 929 1691 989 est,
1709 921 1736 977 ia
1751 921 1841 992 operi·

206 1022 252 1093 qui
274 1035 341 1075 vero
360 1017 457 1074 stultos
471 1032 522 1072 uon
536 1027 646 1088 propter
661 1024 782 1069 natrrram
798 1012 861 1084 qnia
875 1011 998 1066 homines
1047 1015 1099 1070 bus
1126 1030 1158 1070 ae
1182 1013 1273 1070 verbis
1299 1014 1506 1084 praecedentium
1529 1011 1663 1081 justorum
1690 1012 1841 1083 probantur

206 1123 277 1177 sarit,
292 1111 340 1167 sed
351 1120 463 1182 propter
475 1108 628 1174 stultitiam,
642 1109 705 1179 quia
718 1107 792 1162 mimi
815 1114 878 1161 sunt
899 1103 941 1161 vel
953 1104 997 1159 hi·
1048 1107 1144 1173 exorti,
1153 1112 1181 1162 et
1193 1105 1243 1160 hos
1260 1105 1294 1159 ad
1302 1101 1449 1174 proiectum
1462 1103 1559 1158 animae
1574 1119 1629 1158 suae
1642 1103 1712 1159 hene
1726 1102 1840 1158 vivendo

207 1201 384 1268 striones,rel
403 1199 486 1272 aliqui
506 1200 583 1267 tates,
597 1215 651 1255 nou
666 1208 696 1254 ut
711 1196 867 1253 instruendo
881 1196 999 1267 corrigat
1049 1195 1172 1266 trajicit:
1190 1193 1285 1250 Venter
1303 1204 1390 1250 mrtem
1408 1195 1565 1265 impiorum,
1584 1194 1611 1249 id
1629 1202 1686 1261 est,
1704 1195 1841 1267 capacitas

207 1301 289 1356 amat,
309 1290 356 1346 sed
373 1297 402 1345 ut
417 1288 531 1345 favendo
551 1289 699 1344 deteriores
717 1285 824 1352 efficiat,
839 1285 901 1341 talis
919 1285 998 1340 nimi·
1049 1301 1143 1341 sensus
1155 1285 1344 1341 baereticorum
1360 1283 1550 1351 insaturabilis,
1565 1284 1629 1356 quia
1644 1285 1714 1341 sicut
1726 1285 1840 1357 Aposto-

207 1397 265 1436 mm
276 1381 327 1436 etsi
341 1395 390 1451 per
403 1378 539 1450 ingenium
551 1380 592 1434 vcl
603 1379 752 1434 doctrinam
764 1378 872 1449 sapiens
882 1392 943 1432 esse
956 1378 997 1432 vi·
1048 1378 1091 1435 lus
1117 1379 1155 1433 ait
1172 1396 1178 1432 :
1197 1375 1303 1449 Semper
1329 1377 1476 1443 discentes,
1501 1392 1634 1450 nunquam
1661 1376 1696 1433 sd
1724 1377 1840 1433 veritatis

206 1472 294 1536 detur,
315 1470 458 1525 stultorum
482 1478 545 1525 nota
566 1469 662 1542 dignus
682 1468 762 1524 simul
783 1478 811 1525 ct
824 1467 998 1524 danmatione
1048 1462 1183 1528 seientiam
1201 1470 1351 1542 perueniunt
1364 1467 1407 1542 (il
1420 1467 1487 1524 Tim.
1500 1469 1553 1542 ιιι).
1576 1468 1666 1539 Quare
1686 1477 1778 1527 autem
1798 1486 1840 1527 sa-

207 1563 352 1618 teuebitur.
1048 1564 1134 1619 turari
1150 1563 1262 1619 seientia
1277 1577 1330 1617 non
1346 1572 1493 1627 merentur,
1514 1561 1566 1618 uisi
1585 1561 1649 1634 quia
1668 1577 1838 1634 nequaquam

240 1654 330 1708 Bonas
342 1652 462 1724 relinquit
475 1652 590 1707 heredes
600 1652 670 1722 pilius
684 1663 707 1707 et
720 1661 834 1724 nepotes,
850 1663 873 1707 et
886 1653 998 1707 eustodi-
1048 1652 1141 1709 reiecti
1156 1652 1234 1718 citis,
1246 1659 1367 1723 paternae
1383 1652 1570 1721 iustitutionis
1587 1652 1648 1709 aliis
1660 1653 1709 1709 hos
1725 1669 1838 1726 cougre-

205 1755 248 1798 tur
257 1745 332 1814 jusso
350 1744 497 1798 substantia
515 1743 667 1813 peccatoris.
690 1743 900 1813 sapientoribus
913 1744 997 1798 lienus
1048 1755 1113 1818 gant
1124 1747 1226 1817 absque
1236 1743 1348 1814 judicio.

205 1836 262 1890 sine
278 1835 341 1889 iuliis
354 1835 440 1901 obire,
449 1833 504 1889 imo
527 1833 629 1903 majora
648 1850 663 1889 a
688 1834 801 1891 Dousiuo
817 1836 927 1906 praemia
938 1834 996 1905 pol·
1011 1826 1035 1886 B
1340 1834 1453 1893 eleut
1475 1835 1545 1894 XIV.

205 1926 290 1994 liceri,
308 1927 351 1982 his
367 1927 413 1998 qui
439 1926 553 1982 filiorum
570 1928 750 1997 procreationi
769 1927 930 2000 virginitatis
950 1942 997 1984 ca·
1083 1926 1194 1998 Sapiens
1204 1926 1298 1982 mulier
1311 1926 1425 1996 (edificat
1438 1926 1544 1981 domum
1554 1943 1646 1994 sunm,·
1659 1927 1782 2000 insipiens
1794 1943 1840 1984 ee-

204 2017 360 2072 stimoniasu
374 2026 598 2089 preposuerunt,
613 2017 700 2074 sedet
719 2018 997 2092 substantiamp'usto-
1046 2029 1174 2076 structam
1199 2037 1300 2092 quoque
1322 2019 1435 2076 destruet
1457 2020 1588 2076 titanibus.
1616 2021 1650 2076 Et
1672 2035 1839 2090 unaquaeque

204 2127 264 2165 rusu
280 2111 497 2181 apeccatoribus
513 2110 577 2165 tolli.
602 2110 669 2165 Naar
687 2121 714 2166 ct
730 2111 874 2183 Apostolus
894 2113 996 2184 glutiti-
1048 2111 1138 2166 antima
1158 2109 1245 2166 fidelis
1263 2123 1289 2166 ct
1305 2110 1425 2166 Ecclesia
1448 2124 1496 2181 per
1508 2110 1603 2166 orbem
1616 2109 1746 2166 catholica
1761 2125 1838 2166 maa-

203 2209 248 2255 eat
262 2216 311 2257 eos
326 2201 371 2272 qui
387 2202 508 2271 rapinam
528 2202 659 2256 bonorum
680 2218 790 2258 suorum
813 2219 874 2258 curu
899 2204 997 2276 gaudio
1047 2204 1150 2260 sionem
1165 2202 1217 2258 sibi
1232 2203 1258 2257 iu
1272 2201 1359 2273 patria
1372 2201 1475 2257 coelesti
1490 2200 1569 2257 bonis
1581 2200 1686 2256 actibus
1699 2199 1837 2258 :ediilcatz

202 2300 392 2364 susceperuut,
413 2293 484 2348 unde
511 2293 670 2363 spiritaliter
694 2294 909 2366 intelligendum,
933 2296 996 2365 quia
1047 2301 1076 2348 at
1097 2309 1160 2349 vero
1176 2293 1281 2363 reprobi
1294 2306 1327 2348 ea
1341 2307 1400 2362 qum
1414 2294 1482 2348 bene
1502 2302 1567 2347 sunt
1584 2307 1600 2347 a
1620 2290 1696 2348 bouis
1712 2291 1836 2348 ordinata

201 2384 291 2440 bouus
313 2393 341 2438 ot
358 2383 448 2451 justus
473 2385 601 2440 ilorrrinus
625 2394 686 2452 est,
707 2386 752 2457 qui
774 2402 823 2457 pm·
843 2387 995 2456 passionem
1047 2386 1117 2442 male
1129 2386 1252 2450 vivendo,
1269 2395 1296 2440 et
1315 2385 1459 2456 aliquando
1471 2391 1563 2456 aperte
1576 2382 1749 2454 repugnando
1759 2382 1838 2440 dissi-

201 2489 281 2529 suam
295 2473 445 2528 ascendens
461 2474 488 2528 in
503 2474 601 2530 eoelum
615 2476 725 2546 reliquit
738 2477 859 2533 heredes
874 2494 929 2534 sue
945 2480 995 2535 do·
1045 2487 1122 2551 pant,
1137 2492 1222 2549 quare
1240 2484 1330 2531 autem
1349 2475 1424 2532 stulti
1437 2474 1598 2547 sapientium
1614 2482 1692 2531 actus
1704 2473 1835 2540 lacerent,

201 2564 299 2619 ctrina
317 2561 452 2634 apostotos
467 2572 495 2620 et
515 2581 685 2622 successores
703 2583 808 2632 eorum,
824 2570 857 2625 ad
871 2568 947 2640 cujus
963 2571 994 2625 ti-
1046 2569 1222 2638 sequeutibus
1239 2567 1330 2623 verbis
1344 2565 1495 2621 ostenditur
1510 2579 1572 2621 cum
1586 2562 1695 2619 dieitur.

202 2657 264 2712 dem
283 2671 413 2711 conversa
429 2664 471 2713 est
484 2657 626 2716 multitudo
639 2659 769 2729 genitium,
785 2677 845 2730 quae
859 2671 918 2716 erat
932 2665 996 2718 sub
1082 2658 1226 2715 diabulaus
1244 2668 1314 2714 recto
1330 2657 1422 2712 itinere
1431 2666 1456 2711 et
1468 2656 1561 2711 timens
1582 2653 1667 2710 ileum
1683 2653 1838 2725 despicitur,

203 2749 303 2805 stantia
318 2749 429 2814 diaboli,
445 2749 555 2805 intravit
574 2767 690 2822 naurquc
704 2752 731 2806 iu
748 2754 857 2807 domum
874 2754 994 2824 ejusdem
1046 2750 1078 2805 ab
1093 2768 1122 2805 ro
1136 2752 1181 2823 qui
1193 2749 1288 2821 infami
1304 2749 1425 2821 preditus
1443 2747 1494 2802 uio.
1515 2745 1687 2803 Abominatio
1705 2754 1748 2803 ost
1764 2745 1836 2802 cuitu

203 2838 366 2895 malefortis
381 2842 543 2908 aniversarii,
558 2850 585 2898 ct
597 2858 658 2897 eura
675 2844 770 2916 maiori
790 2847 889 2902 virtute
903 2857 995 2904 coute-
1045 2842 1183 2915 peccatori
1210 2841 1325 2912 religio,
1351 2841 1517 2910 stultumque
1541 2839 1648 2894 videtur
1670 2836 1836 2903 incredulis,

204 2946 277 2995 rens,
302 2932 413 3001 diripuit
434 2947 508 2986 arma
532 2932 590 3002 ejus
614 2934 641 2988 in
669 2935 766 3004 quibus
784 2937 947 3007 confidebat,
967 2948 995 2995 et
1045 2950 1106 2991 cum
1134 2933 1229 2991 fideles
1261 2942 1371 3006 propter
1397 2934 1446 2990 Dei
1473 2934 1618 3000 timorem,
1647 2947 1703 2988 aon
1732 2940 1836 2987 tautum

203 3022 289 3092 spolia
304 3022 450 3089 distribuit,
471 3031 501 3079 ut
522 3024 623 3094 ipsein
646 3025 790 3099 Evangelio
811 3037 934 3097 testatur,
951 3031 995 3088 vel
1045 3024 1175 3096 abiicliffll
1195 3026 1330 3094 ῑῑιιιθιθῐιιι
1355 3026 1402 3082 Sed
1423 3034 1450 3081 θῑ
1470 3031 1603 3081 l⁰f¹¹i⁰¹ll³
1622 3022 1722 3089 rident,
1741 3038 1835 3079 eorum

204 3124 277 3170 certe
290 3115 423 3171 custodita
437 3125 479 3171 est
489 3114 562 3187 justo
575 3118 705 3188 sapientia
716 3122 874 3190 peccatoris,
886 3125 993 3194 quando
1045 3119 1092 3189 qui
1106 3116 1232 3175 decidunt
1247 3131 1356 3188 corpus,
1372 3118 1405 3175 de
1423 3116 1521 3188 «quibus
1538 3116 1628 3173 aditae
1646 3123 1708 3187 apte
1728 3114 1835 3187 subjun-

204 3205 322 3261 ablatum
336 3215 378 3262 est
391 3222 406 3262 a
418 3207 516 3263 iudeis
530 3224 641 3281 reguum
654 3209 711 3278 bet,
726 3219 754 3268 ct
766 3212 858 3269 datum
868 3223 910 3271 est
920 3216 993 3287 genti
1007 3187 1030 3251 C
1045 3212 1126 3282 gitur.

204 3294 314 3351 facienti
330 3295 434 3354 iructus
448 3297 516 3367 ejus.
1078 3301 1095 3357 1
1097 3320 1113 3357 n
1126 3318 1170 3357 ore
1183 3300 1256 3357 stsrlti
1266 3302 1339 3373 oirqo
1352 3301 1489 3374 superbie,
1504 3301 1575 3373 lqbie
1589 3299 1735 3372 sapientam
1747 3310 1835 3357 cismo·

240 3388 319 3445 liniti
331 3389 382 3445 eibi
395 3392 422 3445 in
431 3392 564 3447 neoeiitsss
574 3391 686 3449 Petrum
697 3407 720 3450 et
732 3395 792 3452 eliis
802 3408 994 3470 eosqrepsntur
1043 3393 1118 3449 diunt
1129 3409 1183 3448 eos.
1206 3390 1273 3460 Quia
1290 3392 1365 3448 stulti
1380 3407 1429 3464 per
1441 3391 1625 3464 vaniloquium
1637 3392 1754 3450 humiles
1767 3408 1835 3464 quos

204 3480 301 3551 sisqsm
310 3481 423 3552 judicio.
445 3484 555 3556 Absque
568 3485 670 3556 iudicio
687 3497 760 3545 recto
777 3490 851 3557 iacit,
867 3492 993 3562 quidivi·
1044 3484 1195 3556 desidium
1218 3482 1349 3556 affligunt»
1368 3485 1416 3540 ⁸0d
1434 3484 1515 3540 illim
1535 3484 1651 3541 humil&
1668 3484 1764 3556 Sillim
1786 3500 1836 3556 1²⁰¹

205 3572 250 3627 tiis
260 3574 453 3644 congregandis
472 3576 581 3632 sedulus
594 3578 704 3646 insistit,
723 3588 751 3635 et
766 3583 815 3638 bas
833 3593 993 3656 aggregatas
1044 3577 1196 3634 dowinam
1217 3593 1248 3633 Sti
1269 3576 1409 3647 sitiltssfioe
1427 3593 1462 3633 ¹10
1478 3577 1647 3648 decipiantur
1664 3577 1798 3635 muniunt.

204 3677 258 3715 non
282 3663 341 3733 ipse
364 3679 413 3734 pro
434 3665 617 3736 redemptione
636 3668 733 3725 antina
756 3687 812 3729 strae
829 3675 993 3744 pauperibus
1080 3663 1130 3722 Ubi
1144 3683 1196 3722 8⁰¹¹
1212 3675 1274 3721 serat
1288 3665 1373 3733 ὺθιθι,
1390 3681 1505 3737 Ριωιιρι
1524 3682 1636 3722 vacuum
1651 3676 1707 3733 erit
1721 3667 1765 3721 rbi
1782 3681 1836 3722 sss·

204 3754 418 3823 dispensasset
439 3755 499 3813 aliis
521 3766 581 3828 post
602 3773 632 3814 se
655 3760 833 3830 dispensanda
859 3777 990 3829 reservat,
1043 3765 1095 3812 tem
1107 3755 1228 3827 plurime
1239 3765 1346 3828 repetes,
1360 3756 1396 3811 ttt
1409 3755 1549 3828 manifeste
1562 3766 1599 3812 est
1611 3755 1740 3828 fortitudo
1749 3756 1833 3815 deme.

201 3845 278 3916 justa
292 3848 362 3918 quod
373 3848 400 3903 iu
416 3850 555 3919 superiore
568 3867 647 3907 versu
659 3853 736 3924 juata
748 3854 864 3912 litteram
878 3858 990 3914 dieitur:
1044 3849 1153 3907 lloereni
1173 3851 1231 3905 haec
1250 3847 1450 3919 ὓΰιιθΐῑθῑῑῧιῑθι
1470 3848 1553 3903 limi
1572 3861 1691 3918 Μωιιιῑθ
1708 3848 1834 3905 (¹⁰⁰¹th

205 3935 239 3991 Et
266 3939 412 3993 custoditor
428 3940 502 4009 justo
527 3942 673 3997 subsicicio
699 3947 851 4015 peccatoris.
877 3947 993 4005 Maxime
1043 3940 1200 4005 calh0110⁰si
1220 3951 1341 4010 praesepe
1358 3946 1459 3993 “Dium
1474 3938 1638 4004 ³⁰⁰l¹⁰il¹¹l¹s
1652 3946 1759 4011 ⁸080ss
1768 3939 1835 3997 dicii

203 4045 264 4086 eum
284 4031 336 4086 sibi
355 4032 442 4088 victus
456 4034 583 4099 abundet,
599 4048 631 4088 ex
642 4035 704 4106 jure
719 4045 837 4108 paternae
851 4040 993 4096 lraevedita-
1045 4029 1148 4085 [illilus
1172 4043 1285 4100 operum
1297 4030 1442 4084 mimium·
1462 4028 1600 4085 lssfflffiuffl
1614 4043 1679 4101 “8⁰
1694 4029 1772 4087 5¹¹¹&
1784 4047 1831 4088 ⁸¹¹·

204 4122 248 4186 tis,
264 4136 353 4193 neque
365 4121 417 4177 ulla
431 4124 558 4194 pecunias
570 4125 712 4196 colligendi
728 4131 877 4187 necessitas
889 4132 991 4188 incum-
1016 4120 1161 4193 letibus·
1186 4129 1215 4177 et
1238 4122 1345 4178 indocta
1371 4120 1524 4192 eloquentis
1550 4122 1675 4178 verberit!
1699 4136 1781 4180 ²¹¹?oe
1799 4140 1833 4183 tte

204 4210 258 4276 bat,
272 4213 376 4268 buccst
389 4213 461 4284 quod
476 4215 523 4282 ait,
536 4214 614 4270 liciti
626 4217 713 4272 cibiin
724 4219 857 4275 noualibus
868 4217 990 4280 Parrum.
1043 4213 1125 4273 merda
1138 4211 1330 4282 subjectorum,
1344 4211 1406 4282 quia
1423 4211 1468 4266 ubi
1486 4226 1539 4267 non
1559 4220 1623 4267 sunt
1641 4212 1715 4269 docti
1732 4214 1832 4284 predi-

202 4301 282 4357 Justa
297 4318 406 4357 sermm
421 4319 485 4359 uero
501 4305 648 4375 spiritalem
662 4308 814 4365 multisunt
828 4311 881 4367 cibi
895 4312 990 4371 alimo-
1044 4311 1162 4369 calmes,
1181 4302 1281 4358 stuwi
1305 4301 1339 4357 ad
1358 4301 1519 4357 audiendum
1544 4301 1657 4361 ⁰⁰¹¹&st
1679 4306 1755 4363 ‘still‘
1776 4307 1833 4379 pte-

203 4393 255 4447 niae
268 4391 386 4448 caelestis
400 4393 426 4447 in
446 4394 524 4449 dictis
542 4403 569 4450 et
587 4398 718 4468 eaesnplis
736 4402 927 4458 venerabiiium
944 4420 993 4476 pa·
1044 4400 1144 4455 biorn:
1168 4398 1215 4454 ubi
1240 4406 1330 4453 autem
1356 4395 1480 4467 plurime
1506 4398 1678 4468 operationes
1702 4410 1834 4472 apparent

203 4484 441 4555 immersosque
458 4486 562 4540 ratione
573 4485 647 4551 iacit,
660 4488 706 4557 qui
726 4489 768 4545 bis
786 4488 913 4562 legendis,
934 4510 992 4551 me·
1045 4492 1185 4555 virtutum,
1196 4488 1233 4543 ibi
1247 4486 1416 4558 apertissime
1431 4485 1525 4554 claret,
1541 4488 1605 4559 quia
1618 4506 1672 4547 oon
1688 4491 1833 4549 traretteus

202 4575 328 4638 ditandis,
344 4577 509 4649 exponendis
521 4578 635 4647 instans,
643 4596 696 4636 non
711 4596 765 4637 suae
775 4582 855 4639 saluti
868 4600 915 4655 per
930 4586 991 4653 boe,
1045 4584 1070 4638 in
1092 4597 1191 4637 vanum
1211 4579 1334 4652 garrivit,
1357 4579 1404 4635 sed
1425 4593 1474 4649 pro
1493 4580 1568 4636 verbi
1588 4580 1830 4654 iruqelaborarit:

202 4668 250 4723 sed
261 4666 374 4724 aliomm
388 4669 478 4739 potius
495 4671 589 4737 servit,
603 4670 666 4726 duur
680 4672 736 4743 ipse
750 4673 784 4728 ab
799 4674 841 4729 bis
858 4691 917 4745 qum
930 4675 994 4747 legit
1041 4673 1106 4740 ilie,
1126 4672 1172 4742 qui
1192 4680 1220 4729 et
1241 4672 1328 4744 ipsum
1345 4672 1457 4726 verbum
1476 4679 1553 4728 casto
1571 4686 1619 4729 ore
1637 4674 1788 4741 bominare,
1803 4681 1832 4729 et

202 4757 245 4814 rel
256 4758 362 4815 actibus
373 4760 512 4829 reprobis,
524 4760 566 4816 vel
578 4760 659 4816 etiam
675 4762 812 4832 impietate
825 4779 921 4821 sensus
935 4767 991 4822 lise·
1042 4764 1113 4818 viam
1134 4763 1257 4819 veritatis
1279 4770 1354 4818 recto
1377 4761 1549 4819 discretionis
1570 4765 1639 4834 pede
1652 4773 1744 4821 nosset
1758 4764 1833 4821 lnce

202 4849 280 4906 retici
294 4850 437 4921 discrepat.
466 4849 539 4907 Talis
554 4867 670 4923 namque
683 4853 710 4908 iu
725 4855 876 4922 novalibus,
895 4856 922 4911 id
939 4866 991 4924 est,
1042 4856 1116 4911 dere.
1134 4852 1191 4911 Nee
1203 4853 1355 4909 mirandum
1371 4868 1420 4909 eur
1432 4852 1460 4908 in
1472 4855 1584 4923 praesepi
1598 4854 1735 4910 auditores
1747 4853 1832 4923 sisui·

201 4941 401 5011 operibus,sire
410 4941 580 4999 sermonibus
591 4941 700 4997 Petrum
711 4945 811 5014 optima
823 4946 991 5003 institutione
1042 4948 1118 5004 ticari
1130 4947 1279 5003 dixerimus
1294 4961 1356 5001 eum
1368 4947 1419 5002 bos
1429 4945 1519 5001 alatur
1534 4947 1571 5001 de
1591 4946 1714 5016 precepi,
1734 4945 1831 5002 doctor

201 5031 326 5098 excultis,
347 5046 401 5087 noa
415 5031 478 5098 sibi,
492 5034 538 5087 sed
557 5032 617 5088 aliis
636 5034 785 5090 subsidium
800 5036 926 5107 acquirit,
939 5036 992 5092 illis
1042 5045 1131 5093 autem
1151 5038 1233 5095 verbo
1247 5035 1387 5093 audientes
1405 5036 1491 5093 soleat
1511 5037 1625 5091 nutrire.
1648 5034 1701 5089 Sed
1724 5035 1830 5090 trasum-

201 5121 338 5186 ridelioet,
350 5121 396 5190 qui
411 5128 541 5177 tractatus
554 5122 612 5192 ejus
623 5121 742 5193 legentes
755 5138 865 5190 areana,
880 5140 929 5197 per
944 5140 992 5183 eos
1042 5129 1105 5184 dum
1119 5128 1181 5198 qnia
1196 5138 1224 5183 et
1236 5127 1270 5183 de
1283 5128 1376 5183 labore
1394 5126 1470 5182 bovis
1491 5139 1612 5197 presepe
1633 5124 1777 5194 impletur,
1801 5132 1830 5182 ct

201 5212 332 5284 spiritalis
346 5226 442 5267 sensus
455 5212 552 5282 quibus
567 5213 680 5269 interius
699 5212 902 5284 conspiciuntur
918 5215 992 5272 inre-
1043 5216 1099 5287 ipse
1114 5218 1162 5273 bos
1177 5233 1227 5273 suo
1239 5216 1330 5272 iruetu
1346 5217 1379 5273 de
1391 5215 1505 5287 praesepi
1519 5214 1654 5280 meorum
1670 5214 1734 5284 quia
1745 5213 1828 5270 ulissi-

201 5303 291 5360 uiuut.
320 5299 434 5372 Utrique
456 5308 546 5356 autem
568 5301 659 5357 sensui
683 5303 810 5377 convenit
832 5312 894 5377 apte
919 5306 990 5377 quod
1043 5324 1103 5362 rura
1117 5307 1278 5376 praedicator
1286 5306 1374 5363 lidelis
1385 5316 1413 5362 et
1425 5305 1566 5361 audientes
1581 5305 1666 5362 verbo
1683 5305 1780 5373 reiicit,
1798 5316 1828 5364 ot

201 5394 333 5465 sequitur.
1042 5398 1136 5451 cadem
1153 5395 1299 5452 reiectione
1312 5397 1382 5467 apud
1396 5396 1537 5452 Dominum
1547 5396 1604 5467 ipss
1617 5395 1733 5466 prolicit.
1749 5397 1827 5466 Quod

238 5484 384 5555 Quipsrcit
396 5485 487 5555 sirpe,
501 5484 555 5539 odit
568 5483 654 5553 filium
668 5500 755 5552 susm,
770 5484 815 5555 qui
828 5491 914 5538 autem
929 5482 990 5537 dili·
1044 5489 1070 5541 iu
1096 5502 1178 5556 opere
1204 5484 1335 5558 liguratur
1358 5504 1365 5541 ε
1386 5486 1460 5543 Elias
1479 5486 1526 5557 qni
1548 5488 1620 5556 apud
1649 5486 1825 5558 Sureptauam

142 5564 148 5577 ⁸
201 5578 237 5647 pit
248 5576 324 5632 iilum
335 5576 464 5631 instanter
473 5576 568 5630 emdit.
587 5574 655 5630 Nam
669 5583 697 5631 et
709 5585 785 5646 pater
795 5575 881 5631 bonus
895 5575 988 5642 tilium,
1043 5578 1151 5632 viduam
1162 5591 1242 5646 quam
1256 5579 1353 5647 pascit,
1371 5577 1429 5649 ipse
1444 5580 1508 5635 dum
1520 5580 1652 5650 pascitur.

201 5673 228 5721 ct
252 5666 413 5735 discipulum
434 5667 562 5738 magister
587 5665 737 5722 catholicus
756 5683 791 5723 ue
809 5666 842 5721 ad
859 5666 987 5737 iniquita·
1077 5666 1177 5734 Querit
1193 5667 1293 5723 derisor
1310 5670 1464 5741 sapientiam
1479 5680 1503 5726 rt
1521 5688 1573 5727 nors
1589 5672 1827 5738 irmenit,deetrism

204 5766 256 5813 teto
273 5756 398 5813 deflectat
410 5757 540 5815 sollicitus
554 5758 652 5813 crudit.
679 5757 876 5815 i‘raecedeutem
896 5767 987 5814 auteur
1039 5760 1204 5831 prodentium
1222 5760 1316 5831 [scidis.
1337 5763 1453 5833 Caiplras
1474 5764 1519 5834 qui
1536 5764 1649 5822 Domino
1667 5766 1731 5822 dixit
1748 5785 1756 5819 ι
1771 5764 1822 5816 aa·
