4042 6200
267 278 332 336 istit
582 274 613 329 B.
631 271 759 330 asbsltl
775 271 884 329 litum
903 270 1061 330 sneulbr.
1082 272 1385 332 ausonienbnutt
1403 272 1493 332 PARS
1506 274 1551 332 [il.
1823 277 1893 337 0552

263 396 329 442 testo
340 391 401 440 tritt
412 380 647 453 pretiositates
665 380 705 434 air
719 380 761 434 cai
782 396 833 434 non
852 380 988 451 imputavit
1002 379 1058 434 Do·
1070 388 1094 448 Δ
1107 389 1138 438 nt
1151 384 1259 453 ponitus
1276 385 1403 442 ostendat
1417 401 1471 442 nott
1496 401 1576 458 posse
1592 386 1736 457 jnufflmi
1756 390 1894 450 imp„

262 476 510 543 minaspeccotum.
533 469 675 525 lianiieste
694 469 766 524 beati
786 470 976 539 santonibus
996 470 1055 525 sine
1105 474 1253 547 perlegam
1271 476 1342 546 apud
1360 477 1454 544 pem
1472 481 1894 555 „mmmwb-
1993 487 1994 504 ι

264 564 357 619 labore
371 562 459 631 aliquo
480 560 652 615 remittuntur
671 558 827 628 iniquitates
843 566 871 612 et
888 567 997 627 peecata
1016 569 1055 614 te·
1105 579 1167 635 gem
1181 565 1240 620 lieri
1253 568 1383 636 potuisse.
1398 568 1465 634 lor,
1485 570 1535 636 ait,
1557 571 1626 627 imm
1639 582 1781 641 operum,
1794 573 1831 629 ati
1845 576 1895 631 boe

264 662 374 723 giratur,
388 650 459 706 nulla
472 651 507 704 ab
517 649 560 704 bis
571 648 700 717 roqrrtsita
717 647 884 717 poenitentiae
896 661 989 718 opera,
1002 648 1055 704 nisi
1105 656 1179 711 enim
1199 658 1263 712 osta
1284 667 1327 713 εει
1350 667 1380 714 ut
1398 674 1461 714 reos
1480 659 1582 717 laboret
1595 660 1784 733 delinquentes
1801 680 1810 717 r
1829 663 1896 719 ιιεε

265 754 369 799 tantum
387 751 416 797 ιιι
431 743 551 798 erodant.
568 741 667 794 Beatus
679 740 762 795 etiam
780 740 824 794 liic
836 741 877 793 vir
891 748 931 795 εει
945 741 988 794 cni
1002 755 1055 796 non
1104 755 1195 802 autent
1215 749 1315 806 ιεειιιε
1343 757 1386 805 εει
1408 751 1600 808 misericordias
1620 752 1680 818 boi,
1697 761 1729 809 ιι
1742 769 1794 825 per
1811 754 1896 826 legen

265 833 400 904 imputavit
427 833 554 885 Dominus
575 840 720 901 peccatum.
745 830 893 887 Remittere
912 841 940 886 et
962 841 1055 901 tegete
1104 836 1145 890 rei
1165 835 1240 902 faeti
1260 840 1367 894 reniam
1389 850 1600 911 consequantur.
1626 843 1730 901 loeiroo
1747 846 1817 902 tides
1832 862 1897 919 gatt-

265 932 292 980 et
304 940 357 978 non
369 923 502 991 imputare
513 936 565 975 rina
580 922 650 975 ratio
661 930 689 975 et
702 937 771 976 unus
784 929 827 975 est
840 935 952 987 sensus;
964 920 1055 975 omnia
1104 927 1178 983 ιιιιει
1195 940 1330 998 operatur,
1348 945 1402 986 non
1418 942 1514 989 eontra
1529 931 1614 1005 legem
1631 932 1763 1004 loquitur,
1783 938 1832 991 ooo
1849 953 1897 992 u-

263 1017 336 1071 enim
358 1031 412 1070 uno
434 1014 512 1068 motio
536 1013 691 1068 obtinentur
714 1021 752 1066 ει
767 1013 911 1068 donantur.
942 1011 1056 1067 linietur
1105 1019 1208 1088 toponit
1222 1019 1259 1073 illi
1275 1019 1365 1086 iidem,
1381 1021 1445 1091 quia
1458 1022 1504 1093 qui
1518 1037 1568 1091 per
1582 1022 1668 1092 legem
1681 1023 1750 1080 salvi
1767 1039 1831 1080 esse
1843 1041 1896 1081 non
1993 1069 1994 1082 ,

264 1119 354 1166 autem
371 1108 531 1178 quibusdam
547 1106 682 1175 tripartita
697 1105 765 1159 ratio
782 1105 808 1159 in
824 1105 867 1159 bis
883 1104 973 1167 dietis,
992 1104 1054 1174 quia
1103 1117 1239 1178 poterant,
1259 1110 1346 1181 gratia
1365 1112 1413 1166 liei
1423 1112 1561 1170 saltantur
1575 1128 1624 1184 per
1637 1113 1729 1170 fidem.
1755 1114 1816 1171 Nou
1834 1131 1897 1189 ergo

263 1198 518 1266 diversispropheta
534 1195 622 1249 verbis
640 1210 705 1249 usus
725 1202 776 1258 est,
796 1202 825 1248 et
840 1194 903 1264 qnia
922 1208 937 1248 a
958 1192 1054 1264 piuroii
1104 1196 1148 1253 ier
1161 1198 1202 1254 ira
1217 1201 1329 1267 εειεει
1348 1201 1416 1257 inm
1427 1212 1557 1273 oporatur
1570 1206 1704 1274 peccanti,
1722 1207 1749 1262 io
1767 1216 1823 1271 est,
1838 1223 1895 1278 pm·

263 1302 377 1342 numero
393 1287 425 1340 ad
446 1285 608 1355 singularem
627 1284 780 1349 deseendit;
801 1299 861 1340 eum
884 1283 957 1339 enim
972 1284 1055 1339 rerba
1104 1303 1180 1354 narn,
1198 1289 1261 1344 dum
1277 1306 1331 1346 non
1350 1293 1473 1364 ignoscit,
1487 1294 1533 1349 εει
1553 1295 1680 1351 vindieat.
1704 1295 1799 1368 (inp.)
1815 1297 1894 1353 rom

264 1382 311 1437 liei
327 1383 354 1436 in
368 1381 517 1434 ubertatem
529 1377 633 1448 gratie,
644 1376 817 1446 quiapeeoati
828 1377 936 1432 nomina
948 1376 1055 1431 diversa
1104 1378 1177 1432 enim
1195 1393 1245 1448 per
1268 1379 1336 1434 iram
1362 1391 1516 1452 generatur.
1535 1382 1576 1440 lta
1601 1396 1692 1441 sutem
1716 1388 1842 1443 nuscitur
1863 1405 1895 1443 er

264 1479 338 1536 sunt,
352 1486 402 1540 por
416 1468 573 1523 delictorum
585 1466 713 1522 voeabula
725 1480 884 1521 enumerare
896 1464 964 1531 ruit,
974 1464 1056 1521 latius
1104 1476 1232 1538 peeeato;
1245 1485 1278 1526 ao
1289 1486 1338 1541 per
1351 1472 1403 1528 boe
1416 1472 1531 1543 relinqui
1546 1475 1603 1529 ruit
1612 1474 1707 1548 legem,
1725 1489 1756 1532 nr
1769 1479 1806 1532 an
1818 1477 1895 1536 fiam

264 1562 369 1617 loeutus
384 1571 440 1625 est;
459 1559 539 1613 unius
557 1567 647 1612 tanmn
659 1557 865 1628 significationis
881 1565 945 1612 sunt
959 1557 1053 1623 verbs,
1105 1556 1353 1629 consumataeque
1366 1560 1465 1616 delicta
1480 1563 1635 1634 agnoscitur
1643 1563 1760 1620 solvere.
1770 1564 1896 1621 Βεειωε·

262 1652 326 1721 qnia
340 1658 367 1704 ει
384 1665 445 1704 eum
457 1649 533 1718 tegit,
550 1647 673 1712 remittit,
686 1655 786 1702 etnim
800 1647 923 1709 remittit,
939 1661 992 1702 non
1006 1647 1057 1702 im·
1106 1648 1422 1718 returpromissio,sier
1439 1650 1896 1724 legequisquamiasrnsessensi
1993 1639 1994 1678 ³

263 1749 358 1812 putat,
381 1739 414 1793 ad
427 1740 532 1795 laudem
551 1740 646 1811 gratie
663 1740 709 1794 Dei
729 1739 860 1810 prolixius
880 1732 1292 1809 inquantumcumque
1312 1733 1372 1811 lego
1390 1741 1511 1798 barenes
1526 1751 1601 1808 sunt,
1614 1744 1809 1802 exinanitaest
1821 1747 1894 1813 ides,

262 1833 409 1903 amplificet
419 1832 546 1903 gratiam.
573 1831 641 1886 Tres
652 1830 725 1886 enim
743 1830 843 1902 gradus
856 1829 930 1896 iecit,
947 1838 1058 1901 propter
1108 1838 1288 1885 auaeuotaest
1302 1831 1455 1901 promissio.
1475 1830 1531 1887 Lex
1548 1833 1619 1889 enim
1634 1835 1703 1890 iram
1720 1847 1851 1905 operatur
1863 1838 1897 1893 ad

263 1922 1058 1994 delictorumvarietatem1qnorumprimnsgradasiniqni-
1108 1918 1160 1974 boo
1176 1921 1312 1988 uuqooao
1330 1922 1577 1978 immeradendam
1597 1924 1757 2021 Dei'pntie
1778 1928 1897 1997 requira-

263 2024 305 2070 tas
315 2013 406 2070 estrei
422 2014 545 2084 impietas
555 2029 563 2079 ;
575 2014 637 2066 ium
650 2026 703 2066 non
714 2013 869 2083 agnoscitur
880 2020 995 2068 creator.
1009 2011 1059 2067 Ss-
1109 2014 1163 2063 tur.
1175 2009 1231 2064 Cur
1242 2025 1296 2066 non
1308 2011 1460 2079 attenditis,
1474 2028 1549 2084 rogo,
1563 2012 1624 2069 itleo
1637 2029 1691 2070 uon
1701 2031 1764 2072 esse
1777 2016 1898 2073 ιπειεε

262 2104 366 2159 eunius
374 2103 534 2173 ingratiam
544 2110 717 2173 peccatoram
730 2101 865 2173 operibus.
875 2101 983 2158 Tertius
993 2115 1058 2157 roro
1107 2114 1141 2156 er
1161 2099 1231 2173 lege,
1251 2102 1315 2176 quia
1331 2102 1375 2158 lex
1397 2102 1466 2159 iram
1485 2106 1629 2176 operaturi
1642 2108 1688 2163 ubi
1702 2108 1778 2164 enim
1792 2125 1846 2164 noo
1859 2120 1899 2165 ει

261 2195 360 2256 levium
375 2211 382 2248 :
399 2195 449 2249 lios
467 2203 556 2248 umen
575 2207 671 2250 omnes
689 2193 716 2248 in
730 2193 891 2262 baptismate
907 2192 1055 2248 obliterari.
1107 2189 1161 2259 lex,
1174 2207 1225 2248 nee
1243 2194 1429 2265 prevaricatio
1443 2213 1450 2250 ε
1465 2195 1525 2252 ideo
1543 2205 1633 2254 autem
1652 2214 1688 2253 ex
1708 2199 1897 2270 promissione,

262 2285 359 2342 Tribus
373 2285 417 2341 bis
430 2285 558 2356 gradibus
568 2283 764 2354 totiuspeeeati
776 2298 874 2355 eorpus
884 2281 1055 2354 significauit.
1106 2282 1168 2354 quia
1179 2283 1253 2340 lions
1263 2286 1472 2357 quodproniisit
1482 2286 1540 2356 ipse
1550 2286 1624 2353 iacit,
1642 2290 1689 2359 qui
1709 2289 1784 2344 enim
1800 2307 1900 2361 preto

261 2376 491 2444 Quemadmodum
504 2383 594 2430 autem
608 2375 642 2429 ει
652 2374 840 2446 pertinentium
852 2389 995 2444 pemonam
1008 2387 1057 2444 po-
1106 2372 1232 2444 ptsiepis
1246 2373 1359 2442 implete
1382 2389 1413 2430 se
1438 2383 1525 2446 putat,
1549 2391 1597 2446 per
1623 2375 1767 2432 arbitrium
1793 2381 1900 2451 proprie
1993 2353 1994 2396 ³

261 2475 314 2524 test
320 2467 464 2536 pertinere,
476 2482 537 2522 eum
547 2465 622 2530 dicit,
633 2464 718 2532 Raeti,
728 2480 841 2535 qaorum
851 2473 918 2518 ιεειο
929 2472 990 2518 sunt
999 2479 1058 2535 pse-
1106 2462 1253 2520 uoluntatis
1275 2463 1333 2522 sine
1350 2464 1446 2535 spiritu
1464 2465 1568 2536 gratie,
1591 2480 1668 2528 suam
1686 2467 1825 2538 justiliam
1846 2470 1901 2526 suit

186 2533 197 2554 '
259 2568 336 2623 σιω
350 2574 412 2613 eura
429 2564 535 2613 constet
552 2557 716 2627 ptertiteates
731 2556 823 2611 labore
841 2563 870 2612 et
887 2554 990 2626 potuita
1013 2569 1056 2610 re-
1106 2555 1278 2621 eonstituere,
1290 2571 1346 2614 uon
1355 2555 1489 2626 iustitiam
1499 2556 1548 2612 liei
1558 2572 1676 2613 sumere.
1686 2556 1790 2630 (Orio.)
1802 2561 1899 2617 leun

188 2695 192 2702 .
259 2652 596 2721 missioneatpeeeatoram
609 2648 970 2721 acquiremiautquomorlo
983 2662 1056 2704 mer·
1106 2648 1170 2703 utin
1184 2648 1518 2720 superioribussspsiam
1531 2647 1658 2716 diximus,
1671 2650 1900 2708 diverminbae
1993 2711 1994 2716 ,

260 2744 330 2816 tyrio
343 2743 478 2815 congruit,
490 2743 561 2812 quod
572 2742 638 2797 dieii
653 2760 659 2796 :
673 2741 772 2797 Beatus
781 2741 829 2802 air,
843 2741 887 2794 eati
902 2756 957 2794 non
968 2741 1055 2811 impu·
1104 2741 1224 2811 Epistola
1236 2741 1309 2813 Ιηεε
1320 2740 1463 2812 Apostolus
1472 2740 1629 2808 introducit,
1646 2749 1675 2796 et
1691 2758 1765 2799 nune
1781 2743 1900 2816 ionuitm

258 2838 322 2898 ιαιιι
339 2835 466 2890 metuas
486 2844 631 2906 peccatam,
649 2849 712 2889 eam
726 2833 845 2889 εείειιιεε
858 2832 972 2902 gloriam
981 2848 1054 2888 mar·
1104 2833 1138 2890 tle
1150 2831 1221 2906 Lege
1231 2833 1325 2906 llopsi,
1344 2848 1414 2890 nune
1429 2832 1515 2905 legem
1529 2832 1592 2889 littei
1603 2833 1737 2901 nominat,
1751 2836 1826 2893 sieut
1837 2853 1899 2893 euro

258 2928 321 2998 tyrii
341 2927 512 2997 passionibus
525 2935 554 2981 ει
572 2925 708 2995 pressuris
724 2924 846 2995 anquirit
857 2923 991 2995 Propheta
1005 2940 1055 2980 su·
1104 2924 1169 2982 tlieit
1183 2944 1190 2979 r
1205 2922 1255 2980 titi
1271 2934 1309 2979 est
1325 2940 1386 2995 erpo
1407 2923 1530 2996 pioriatio
1547 2925 1619 2978 troi
1640 2923 1762 2982 Eretum
1777 2937 1828 2983 est.
1847 2927 1899 2986 rer

257 3027 312 3078 tem
325 3028 430 3090 tempus
451 3017 515 3074 ielis
538 3018 690 3089 praevidens
710 3017 738 3072 in
759 3016 909 3074 saltatoris
924 3016 1050 3081 ainerttu,
1103 3030 1184 3086 quom
1195 3014 1297 3085 tepent
1313 3011 1448 3085 Operum?
1460 3012 1532 3080 Non,
1544 3014 1590 3069 εει
1599 3032 1647 3087 per
1658 3014 1743 3087 tepent
1752 3018 1835 3088 lineig
1848 3022 1900 3076 tia·

256 3108 352 3164 beatos
362 3117 509 3178 nuncupet,
520 3108 619 3178 quibus
630 3108 691 3163 sine
702 3107 795 3163 labore
813 3106 856 3164 rei
868 3087 1086 3178 aliquoopereC
1102 3103 1140 3160 eit
1161 3112 1292 3174 preterea
1313 3112 1341 3159 ot
1360 3103 1429 3159 abas
1451 3102 1524 3175 leges
1541 3104 1574 3161 de
1596 3105 1694 3175 quibus
1712 3108 1804 3165 dicit:
1833 3110 1901 3169 Cea-

255 3212 306 3268 per
317 3198 454 3254 lavacrum
469 3200 658 3265 remittuntur;
671 3207 699 3255 et
710 3208 847 3271 teguntur,
860 3210 888 3256 et
897 3216 951 3256 non
963 3201 1051 3270 impu·
1102 3191 1215 3253 tetrior
1224 3194 1292 3249 ertt'm
1310 3191 1359 3263 ieri
1378 3191 1426 3247 Dei
1441 3194 1581 3249 mundum
1592 3196 1743 3252 iuueniorem
1756 3199 1897 3268 ionium,

256 3297 351 3345 tantur
368 3300 488 3360 peccata.
503 3291 648 3361 Apostolus
669 3300 758 3347 omen
772 3300 883 3362 propter
903 3292 1049 3361 pioniensi-
1101 3285 1274 3341 misenatem
1289 3284 1369 3339 aliern
1384 3284 1506 3356 lepontiis
1524 3287 1646 3342 membris
1664 3291 1730 3345 ateis
1748 3308 1899 3364 repugna·

256 3394 319 3434 uem
330 3387 499 3450 temporum,
520 3388 549 3435 et
566 3381 628 3450 quia
641 3380 702 3449 plus
714 3382 808 3452 gratiae
820 3381 848 3436 in
867 3382 996 3450 apostolis
1008 3391 1051 3439 est
1100 3384 1152 3429 tem
1166 3374 1216 3446 leni
1228 3375 1320 3430 meotis
1334 3391 1408 3440 mete,
1428 3384 1453 3429 et
1470 3377 1600 3446 captiuum
1613 3394 1653 3432 me
1664 3378 1806 3437 dueatur
1821 3384 1850 3438 ia
1859 3384 1898 3439 ie-

255 3483 337 3539 nuam
357 3466 408 3522 init
430 3469 457 3522 in
479 3469 633 3540 prophetis,
652 3470 1050 3542 majorsprotensturqusex
1100 3481 1130 3536 ιε
1142 3465 1241 3536 peremi
1252 3464 1341 3538 (liora.
1357 3467 1463 3539 nr);et
1480 3468 1519 3522 ita
1529 3469 1562 3525 ιε
1571 3458 1675 3526 υιιεέι
1686 3470 1899 3547 ειεηωιᾳει

254 3559 506 3628 denobaptistuatis
528 3560 728 3631 masapuimur,
749 3561 813 3632 quia
830 3576 883 3617 non
903 3561 989 3621 solum
1006 3580 1050 3623 re·
1100 3556 1212 3621 transit,
1226 3565 1256 3613 ut
1267 3556 1320 3613 nisi
1328 3572 1424 3615 seusus
1437 3558 1550 3629 vigilans
1561 3570 1590 3617 ει
1600 3559 1721 3621 intentus
1735 3564 1785 3633 sit,
1800 3567 1897 3640 εφη-

255 3651 410 3708 utissioneru
429 3661 600 3721 pseeatmm
615 3653 739 3723 recipere
755 3668 815 3718 nos,
838 3653 885 3711 sed
905 3661 936 3709 ει
947 3651 1049 3722 justili-
1099 3648 1217 3711 bendere
1231 3663 1292 3704 eum
1305 3659 1333 3705 et
1344 3651 1419 3720 sequi
1434 3651 1483 3710 rix
1492 3654 1586 3723 possit
1611 3653 1764 3712 Videndum
1776 3668 1822 3714 est
1832 3674 1898 3732 apo

254 3739 490 3807 rarioribosttet
500 3739 558 3797 iteri
568 3741 720 3810 prob'tetnr,
730 3749 761 3795 ut
770 3740 908 3797 beatitudo
918 3743 976 3799 base
986 3758 1049 3813 por·
1098 3752 1134 3797 ue
1146 3736 1216 3795 iente
1230 3738 1278 3795 illa
1290 3739 1335 3795 lex
1352 3755 1414 3811 qua
1430 3752 1474 3798 est
1489 3743 1516 3797 in
1535 3744 1664 3801 amoris
1678 3747 1801 3813 uostrb,
1814 3758 1842 3805 ει
1853 3764 1898 3804 ea-

254 3831 353 3889 ioetaar
371 3833 471 3888 babeat
484 3841 510 3887 ει
530 3833 703 3889 securitatem
716 3842 745 3889 ει
758 3832 880 3905 gloriam.
895 3832 1049 3906 eantqu-
1097 3828 1186 3899 ptiros
1198 3842 1248 3885 nos
1261 3829 1336 3884 ducit
1355 3832 1384 3885 in
1396 3830 1455 3902 lege
1476 3832 1591 3903 peeeati,
1608 3832 1668 3902 ipsa
1684 3834 1722 3891 sit
1745 3833 1791 3891 lex
1813 3852 1896 3909 quarn
1993 3842 1994 3897 l

254 3940 312 3978 rum
326 3925 439 3978 renuisse
457 3933 517 3979 runt
533 3923 694 3994 inantus,
715 3933 740 3979 ει
760 3941 872 3995 psoram
901 3934 970 3981 tecte
984 3935 1047 3983 anot
1096 3916 1241 3990 Apostolus
1259 3918 1329 3974 iram
1350 3919 1414 3977 dicit
1439 3922 1562 3993 operari;
1586 3931 1714 3994 operetur
1737 3925 1815 3982 enim
1837 3929 1897 3993 sine

252 4024 367 4086 parate
386 4013 485 4087 (Gripi
500 4016 629 4085 iniquitas
639 4033 706 4074 sane
721 4033 738 4073 ε
755 4029 867 4089 pooesro
881 4020 952 4075 bane
964 4018 1048 4075 babet
1096 4010 1178 4066 dubio
1194 4010 1263 4067 iram
1283 4011 1319 4076 ei,
1335 4026 1415 4083 quem
1427 4014 1564 4082 captivum
1581 4014 1688 4071 duxerit
1708 4017 1737 4073 in
1755 4018 1819 4092 laps
1833 4036 1896 4093 pao

253 4104 444 4170 differentiam,
459 4106 531 4175 qaod
550 4107 679 4176 iniqnitas
697 4109 724 4163 in
746 4110 789 4165 bis
805 4110 906 4165 ιιιωι
924 4125 985 4180 (μη
1003 4116 1047 4164 ogr
1095 4100 1159 4156 eati.
1175 4100 1226 4157 Ubi
1239 4110 1329 4158 autem
1344 4101 1387 4158 ier
1402 4102 1453 4158 ists
1469 4117 1523 4158 non
1535 4102 1627 4173 inerit,
1641 4116 1748 4165 eertum
1763 4112 1895 4183 estquod

253 4195 306 4251 ista
316 4194 422 4264 justitia
444 4196 517 4260 linei,
537 4196 574 4253 tie
587 4213 641 4266 qna
659 4197 688 4254 in
706 4200 891 4269 superioribus
905 4200 1044 4266 scribitur,
1096 4186 1894 4272 ibinaepraeraricatiuerlt.Quremsubisrategorium,

253 4293 283 4341 ut
297 4287 433 4356 serrolam
448 4286 576 4353 diximus,
589 4288 654 4358 quia
670 4289 781 4344 εκιιιι
793 4290 926 4345 Atratum
938 4290 1005 4356 Deo,
1018 4300 1044 4346 ει
1094 4291 1291 4354 consequenter
1308 4298 1357 4341 nee
1375 4285 1496 4343 baeretles
1515 4297 1604 4342 erunt.
1623 4288 1700 4356 Quot
1712 4295 1765 4348 etsi
1782 4293 1820 4349 ιε
1835 4296 1895 4367 lopo

252 4387 401 4448 reputatum
412 4388 451 4433 ost
471 4377 511 4432 itii
529 4378 563 4433 att
580 4379 725 4449 junilium,
747 4395 799 4437 aee
821 4381 956 4437 immerito
976 4382 1044 4453 legis
1095 4374 1178 4447 Moysi
1198 4375 1403 4433 eorumemorari
1426 4375 1487 4447 quis
1501 4377 1577 4443 velit,
1595 4388 1623 4435 et
1639 4379 1733 4438 disere
1745 4385 1813 4454 quia
1826 4386 1894 4443 iram

251 4469 422 4524 obseruantia
441 4482 548 4537 poenam
569 4470 754 4525 tanutmntodo
772 4468 876 4540 eiiugit,
896 4470 957 4528 tusi
979 4487 1045 4529 roro
1058 4438 1083 4498 Ι)
1095 4478 1233 4538 operatur,
1247 4482 1296 4538 pro
1308 4480 1341 4523 oo
1357 4465 1480 4523 fortassis
1493 4468 1551 4525 solo
1565 4470 1617 4526 boe
1627 4472 1730 4541 poterit
1742 4473 1892 4543 effimisre,

252 4560 379 4615 meritum
401 4575 476 4631 spem
498 4560 715 4631 repromissionis
728 4570 877 4632 exspectat,
900 4572 928 4618 et
944 4579 1046 4634 praeea-
1095 4558 1892 4633 quodpeeesnteminseautinpidorioontinuo,autererueri

251 4660 327 4722 mum
349 4651 436 4705 servis
457 4651 580 4720 ponitur,
603 4650 671 4707 lidos
687 4653 817 4722 qusntnr
834 4653 868 4709 ab
889 4653 994 4709 amieis.
1013 4654 1046 4711 Si
1096 4648 1202 4721 ignibus
1215 4648 1303 4720 iubet,
1316 4648 1360 4707 vel
1373 4650 1396 4705 si
1408 4651 1480 4722 quoti
1491 4652 1564 4707 aliud
1575 4654 1755 4723 peccantibus
1764 4657 1891 4715 deserni·
1993 4648 1994 4713 ἶ

250 4745 319 4801 ιιι
329 4743 374 4815 pari
383 4760 416 4798 es
429 4743 494 4813 teos,
507 4742 535 4829 ιι
548 4752 611 4797 sest
623 4743 748 4801 tomos.
763 4742 915 4816 (imbelli
925 4754 977 4812 est,
992 4746 1015 4801 si
1028 4746 1046 4801 ii
1097 4749 1142 4801 tur
1151 4741 1179 4797 in
1190 4742 1248 4814 lage
1257 4741 1427 4813 supplicium,
1441 4751 1560 4813 utpoena
1572 4746 1701 4817 ipsaque
1710 4752 1840 4819 peeeann
1853 4753 1892 4808 in·

250 4836 297 4906 qni
308 4850 341 4891 et
367 4834 426 4905 lege
439 4833 483 4889 rei
496 4833 547 4888 sub
559 4832 617 4903 lage
625 4842 703 4900 sunt,
719 4834 841 4889 imretles
853 4849 886 4889 er
899 4835 959 4907 lege
971 4844 1045 4902 sunt,
1097 4832 1184 4907 iertor
1195 4847 1228 4887 ex
1238 4830 1308 4901 lege,
1320 4833 1361 4888 ira
1375 4848 1447 4889 nune
1460 4832 1494 4888 ab
1504 4834 1634 4904 Apostolo
1643 4837 1784 4894 nominata
1796 4842 1890 4896 sities·

250 4926 387 4981 Eaacsatn
409 4933 447 4979 est
469 4922 553 4993 fidet,
576 4922 674 4981 ειειιε
694 4933 732 4978 att
756 4922 904 4993 promissio.
928 4922 1042 4979 liaaiie-
1096 4933 1151 4980 tur.
1169 4923 1299 4981 Similiter
1315 4932 1343 4980 et
1360 4926 1646 4996 deprevaricatione,
1664 4937 1764 4986 utnon
1780 4946 1890 4989 onlnem

249 5030 321 5075 stam
339 5028 383 5074 est
404 5018 530 5086 quonum
550 5014 573 5070 si
589 5029 624 5071 ex
640 5013 699 5084 logo
716 5014 876 5081 baereditas,
898 5015 1044 5085 promissio
1094 5013 1891 5096 prevaricationemgeneraliteriaboeioooastrustappel-
1993 5058 1994 5093 ι

249 5124 311 5180 quse
332 5123 365 5163 ex
389 5108 441 5164 ilde
461 5106 531 5163 laeta
552 5113 594 5161 est
612 5102 748 5161 bbrebarn
763 5104 789 5159 in
804 5104 941 5160 interitum
956 5104 1040 5161 senil.
1093 5104 1186 5168 lataut
1199 5105 1372 5177 sedelusqui
1386 5106 1413 5162 in
1427 5105 1812 5181 legepositustieiiquerit,ut
1825 5132 1887 5189 gra-

250 5200 304 5257 Sed
316 5215 369 5257 oou
382 5208 425 5255 ost
436 5213 484 5270 per
495 5198 581 5268 legera
592 5195 664 5255 iacta
675 5196 830 5266 promissio,
846 5196 894 5252 sed
907 5210 954 5265 per
960 5196 1042 5266 justi-
1092 5196 1153 5252 vius
1163 5196 1292 5253 deliettrm
1301 5198 1424 5255 rideatur
1435 5198 1506 5268 ejus,
1515 5200 1562 5269 qui
1572 5215 1622 5273 per
1635 5200 1721 5272 legero
1734 5205 1888 5276 probibitio

250 5296 315 5351 uara
329 5291 561 5358 bodanense
579 5290 698 5347 ostendit
719 5289 794 5346 enim
815 5289 959 5359 Apostolus
974 5288 1040 5360 quid
1091 5296 1201 5358 peceat,
1216 5303 1296 5361 quam
1310 5289 1369 5360 ejus
1382 5290 1512 5360 quinulla
1526 5289 1676 5364 lueritlega
1692 5301 1884 5354 ooromonitss.

249 5386 286 5441 sit
297 5383 360 5441 oali
373 5384 557 5441 nemiuem
569 5395 682 5452 sperare
694 5399 726 5439 ax
738 5382 808 5453 lege.
1126 5376 1177 5434 Ubi
1199 5381 1269 5434 enim
1289 5396 1342 5435 non
1358 5390 1396 5437 εει
1415 5380 1468 5447 ies,
1487 5398 1534 5437 ner
1548 5385 1743 5452 prnoamcstio.
1767 5387 1886 5459 (inibo)

258 5510 262 5518 ·
284 5473 340 5529 iso
361 5474 431 5529 ιιιιι
453 5473 522 5527 irent
542 5482 675 5543 operam
698 5472 776 5540 Quod
800 5480 892 5528 autem
916 5472 971 5537 ait,
996 5472 1040 5529 ier
1089 5470 1147 5529 lloe
1165 5472 1231 5531 dicit
1252 5473 1315 5543 quia
1335 5473 1447 5529 sublatis
1461 5475 1515 5531 reis
1530 5475 1564 5533 ιε
1576 5485 1711 5547 potestate
1722 5479 1803 5551 legis,
1821 5481 1885 5537 data

249 5564 318 5619 uiro
332 5564 555 5634 irratopmtnr,
577 5563 724 5621 risdietam
742 5563 878 5634 s'rnibeat
893 5581 899 5617 :
915 5564 951 5619 ει
963 5563 1038 5619 illurn
1088 5565 1177 5631 uenia,
1193 5566 1382 5637 prevaricatio
1395 5565 1467 5623 nulla
1483 5568 1695 5638 est:Justilieati
1717 5573 1791 5629 enim
1808 5584 1883 5640 sunt,

250 5653 396 5708 monimo
407 5654 519 5723 pradum
527 5654 644 5725 pertinet
656 5670 718 5711 eum
731 5662 773 5711 est
783 5654 896 5725 quboue
906 5656 957 5711 sub
968 5655 1037 5727 loge,
1088 5655 1135 5725 qai
1158 5669 1208 5726 per
1229 5653 1478 5724 prevaricationem
1497 5655 1563 5729 legis
1584 5655 1691 5713 inerant
1713 5670 1881 5733 ρεεεειειεε.

981 5822 998 5861 U
