4042 6200
33 1141 37 1178 Ε
134 1092 212 1145 exirit
232 1092 361 1156 einana,
382 1100 411 1144 at
430 1091 538 1145 uinceret
555 1091 647 1162 (ripae.
662 1092 716 1166 vv);
737 1093 809 1162 quod
825 1093 931 1148 Domini

135 1197 215 1253 snpra
241 1179 392 1236 Ecclesiam
419 1179 515 1235 sedens
540 1180 669 1250 spiritalis
694 1183 930 1238 doctrinmcontra

136 341 187 403 553
607 345 649 399 lli}
669 343 842 401 ostiense
863 342 950 398 ttttttt
972 341 1053 397 xb'll.
1073 370 1108 381 ω
1127 341 1191 394 tut.
1213 339 1272 395 XX.
1606 417 1613 430 ¹
1717 339 1769 397 titt

136 466 197 515 runt
215 471 222 510 ι
239 465 327 514 ιοιιιιιι
362 455 436 508 euim
466 453 539 507 illum
562 456 685 510 diabulus
711 467 739 510 et
764 457 851 528 angeli
871 453 1090 526 cimmerici,
1114 468 1175 508 cum
1190 453 1380 521 amphitheatri
1402 453 1569 518 crudelitate,
1593 457 1770 514 curuatcooi·

137 551 318 620 replererum.
335 547 462 602 Attamen
483 546 510 601 in
526 545 688 619 Apocalypsi
709 549 834 618 legimus,
856 550 928 619 quud
980 549 1036 598 tate
1053 557 1151 607 amnne,
1169 557 1230 600 cum
1243 542 1349 597 luxuria
1364 544 1429 599 ludi.
1445 545 1612 601 Deuntenitu
1624 558 1712 617 nequa
1724 548 1771 619 qui

136 640 293 711 apparuerit
313 635 411 694 loanni
431 653 516 707 equus
528 638 615 703 albus,
630 639 717 708 ruins,
731 641 818 712 niger,
835 650 861 697 et
875 640 929 710 pal·
980 632 1045 690 rata
1058 634 1212 704 praestituit,
1239 633 1301 688 lidei
1324 634 1484 692 Christianae
1498 636 1689 706 praevaricator
1706 635 1772 693 cile-

135 731 205 786 lldus
220 748 227 783 :
245 745 364 799 quorum
379 728 523 784 diuersitas
540 729 688 800 spiritalem
713 733 809 801 querit
833 732 930 786 intelli·
980 733 1040 782 ctus
1054 743 1061 778 ε
1077 719 1160 794 quiid
1174 725 1263 781 denuo
1277 725 1388 796 appetit,
1403 724 1475 794 quod
1488 727 1514 780 in
1528 725 1637 782 lauacro
1646 725 1703 795 inm
1718 730 1774 799 pri·

135 821 265 892 gentiam.
291 819 370 877 Unde
396 833 483 890 equus
509 819 587 875 albus
615 821 750 890 siguificat
780 822 928 878 Ecclesiam
980 817 1041 871 dem
1059 816 1234 882 renuntiavit,
1249 816 1274 871 id
1288 825 1339 880 est,
1358 816 1463 871 (liubolti
1476 834 1536 872 tunt
1549 821 1655 889 pompis
1667 829 1694 874 et
1706 837 1773 892 ope·

135 925 217 980 snper
233 911 327 964 nivem
342 908 428 978 qratia
441 907 593 965 dealbatam
609 927 616 963 :
632 908 718 981 Super
730 928 806 982 quem
825 911 931 967 redebet
981 904 1138 979 filiuseius.

135 1000 249 1070 ille,qui
261 998 373 1054 babebat
395 1015 498 1065 arcum,
520 999 561 1052 cai
584 1009 608 1053 et
634 999 696 1053 data
716 1009 754 1054 cst
778 1011 931 1055 coronaset
1245 1000 1358 1080 CAPUT
1383 1001 1502 1057 ΧΧΧΙΧ.

1299 1133 1336 1188 De
1354 1137 1469 1190 araretur.

136 1271 324 1343 impiosartna
340 1269 430 1324 lereus
446 1269 586 1325 victoriam
607 1271 663 1326 suis
688 1272 811 1343 percipit.
840 1272 931 1342 Equus
1017 1266 1123 1320 butirum
1152 1266 1329 1334 quarumdam
1367 1267 1518 1333 evocanda,
1549 1269 1647 1350 quibus
1672 1271 1777 1341 aliquid

136 1361 326 1430 arrvernrnius,
342 1377 517 1436 superquam
526 1363 764 1435 sedebatille,qui
780 1373 933 1434 sumpserat
982 1355 1146 1419 lubricatur,
1174 1357 1303 1438 ,1111116118
1336 1373 1369 1412 ‘³¹
1398 1367 1475 1427 bille
1503 1360 1620 1415 timenda
1647 1362 1774 1417 decerno-

136 1469 230 1525 pacem
247 1453 281 1508 de
298 1461 369 1509 term
383 1494 391 1519 ‚
407 1452 542 1524 signifieat
564 1454 691 1523 papulum
713 1455 874 1520 sinistrum,
898 1471 931 1510 ex
982 1445 1088 1501 Artifex
1106 1446 1232 1517 generale
1252 1463 1349 1504 nomen
1371 1468 1378 1501 :
1402 1460 1522 1516 vocatus,
1540 1452 1611 1523 quod
1631 1462 1717 1510 artem
1734 1453 1776 1510 la-

30 1605 33 1614 ,
138 1561 246 1601 sessore
269 1560 320 1601 suo
348 1544 453 1600 diabulo
477 1545 733 1617 sanguinolentum,
757 1547 800 1601 cui
825 1561 933 1616 semper
983 1539 1038 1593 1111
1051 1557 1058 1592 2
1073 1539 1144 1594 sicut
1160 1537 1275 1606 aurifex,
1301 1542 1348 1611 uni
1365 1556 1472 1598 aurum.
1489 1543 1562 1604 Furto
1582 1547 1654 1608 euiut
1670 1562 1719 1617 pto
1737 1547 1778 1606 ta-

137 1637 275 1692 discordia
290 1637 389 1709 placet
406 1637 497 1708 Equus
518 1652 584 1692 req-0
597 1638 685 1707 niger
702 1653 932 1709 superquemse.
983 1629 1027 1685 dio
1040 1630 1293 1699 auttqmdtcehaut.
1315 1631 1463 1688 Nartclerus
1484 1636 1608 1691 tionltlllls
1634 1653 1712 1692 tratts
1735 1645 1778 1692 esi

138 1731 227 1795 debat,
242 1730 432 1800 quistateram
451 1729 787 1794 habebatinmanusua‚
802 1730 958 1785 falsarum
983 1721 1152 1792 appellatus:
1168 1723 1206 1777 tta
1218 1724 1290 1792 quod
1302 1740 1378 1780 uavrs
1400 1726 1427 1781 iu
1446 1736 1518 1782 sorte
1532 1743 1590 1797 erus
1613 1729 1659 1784 sit.
1682 1728 1777 1786 Cieros

138 1828 247 1874 caterva
260 1827 302 1873 est
317 1817 455 1874 fratrum:
470 1817 497 1872 bi
512 1826 643 1874 stateram
665 1827 745 1874 reete
757 1817 933 1890 prolessrorus
947 1799 970 1858 B
984 1811 1056 1866 enim
1068 1809 1162 1868 Graece
1172 1827 1232 1870 sors
1245 1814 1352 1870 dieitur
1365 1813 1460 1871 (laeteri
1475 1819 1602 1874 autemin
1616 1819 1715 1874 uaviiu
1728 1836 1778 1892 gu-

138 1909 265 1965 habeut:
290 1916 318 1963 et
344 1910 432 1965 socios
454 1909 554 1964 ludunt
578 1924 728 1982 peropaca
749 1911 931 1966 tenebrarum
984 1900 1777 1982 ternanonequssnmoumrn10‚qntergutemator,

138 1999 202 2055 ptam
220 2014 309 2071 aquus
322 1999 437 2070 pallidus
451 2041 457 2065 ‚
474 1999 501 2054 in
515 2014 569 2070 quo
579 1999 690 2055 sedehat
702 1999 759 2065 tlte,
779 2000 821 2055 cut
836 2015 933 2055 nomen
983 1992 1061 2061 quasi
1073 1993 1276 2060 cohibernator,
1291 1998 1363 2066 quod
1382 1998 1508 2053 cohibeat
1519 2001 1662 2070 prudentia
1676 2018 1725 2058 sua
1735 2004 1778 2060 bi·

137 2103 298 2158 creturus,
315 2101 442 2163 atquem
465 2089 587 2148 infernus
612 2091 787 2162 sequebatur,
814 2092 933 2147 haretici
983 2086 1079 2153 berum
1100 2087 1126 2141 id
1152 2096 1204 2152 est,
1221 2096 1396 2159 tempestates
1408 2091 1502 2145 maris.
1521 2091 1633 2148 Nantua
1654 2109 1722 2150 nave
1737 2094 1779 2152 di-

136 2195 197 2241 suut
212 2203 220 2240 a
235 2177 328 2258 quise
343 2183 390 2258 [si]
405 2186 555 2241 catholicos
572 2184 667 2240 iallunt
689 2194 776 2240 morte
800 2185 935 2241 inhabita·
984 2185 1045 2232 clus
1075 2192 1124 2248 pet
1153 2177 1368 2232 derivationem:
1395 2180 1484 2235 navita
1510 2191 1600 2237 nutem
1624 2199 1673 2253 pro
1694 2194 1779 2240 nauta

137 2280 203 2335 trice
219 2279 308 2348 digni,
328 2277 496 2347 perditorum
511 2286 572 2348 post
590 2293 620 2332 se
640 2277 750 2348 rapiunt
772 2277 932 2332 exercitum.
984 2267 1089 2338 poetice
1099 2268 1219 2323 diciturt
1235 2268 1305 2323 sient
1315 2267 1421 2326 Mavors
1432 2285 1482 2339 pro
1492 2270 1582 2327 llars:
1597 2289 1659 2327 narn
1674 2284 1777 2330 rectum

136 2368 267 2424 Diabolus
279 2369 352 2423 enim
367 2377 395 2423 et
407 2367 524 2423 ministri
536 2367 595 2439 ejus
609 2368 805 2440 metonymicos
819 2382 894 2422 murs
907 2376 936 2422 et
984 2363 1133 2414 113111111ίὲ1
1150 2358 1252 2414 3111181
1268 2367 1389 2426 mettim·
1404 2361 1477 2431 (11¹0d
1500 2377 1602 2417 remum
1625 2364 1695 2435 gerit
1711 2384 1717 2418 ³
1738 2366 1779 2422 sio

137 2458 262 2514 internus
285 2458 349 2514 dicti
362 2466 426 2512 sum
441 2476 447 2511 :
462 2473 495 2511 co
509 2458 581 2528 quod
596 2459 689 2513 multis
702 2472 784 2514 causa
797 2457 894 2515 nrortis
906 2466 935 2512 et
985 2448 1077 2506 autern
1101 2465 1203 2518 remex,
1224 2452 1360 2523 quomodo
1378 2453 1477 2516 tubex,
1501 2453 1599 2510 dieitur
1612 2457 1779 2514 norrtinativo

136 2548 309 2604 infernorum
324 2557 396 2603 sunt.
985 2551 1061 2598 casn.
1076 2541 1191 2612 Epibata
1204 2542 1299 2599 Graeco
1314 2542 1424 2600 nomine
1439 2546 1600 2615 appellatur,
1620 2548 1664 2618 qui
1682 2548 1779 2606 Latine

410 2637 525 2694 CAPUT
545 2637 665 2694 xxxvl.
984 2631 1085 2690 dieitur
1099 2634 1313 2704 superveniens:
1336 2635 1381 2692 hic
1404 2637 1472 2692 nibil
1498 2637 1580 2694 babet
1595 2642 1705 2712 negotii,
1731 2643 1780 2699 scd

451 2728 489 2783 lle
504 2730 608 2784 theatro
985 2723 1066 2782 nauto
1087 2723 1151 2779 dato
1165 2723 1192 2778 iu
1211 2723 1278 2782 alias
1292 2736 1380 2782 terras
1399 2728 1516 2785 transire
1530 2730 1656 2800 disponit.
1684 2731 1781 2789 llarim

169 2820 324 2878 Theatrum
340 2829 392 2887 est,
417 2836 471 2892 quo
484 2835 566 2876 scena
585 2819 750 2887 includitur,
771 2821 935 2878 semicirculi
985 2816 1096 2888 qnidam
1111 2817 1255 2887 perhibent
1278 2818 1389 2885 diuam
1414 2836 1447 2876 eo
1471 2822 1543 2892 quod
1557 2838 1675 2894 gnarum
1689 2834 1779 2882 meto·

136 2915 251 2983 liguram
281 2909 406 2978 habeus,
432 2911 459 2965 in
478 2926 531 2982 quo
546 2919 650 2967 stantes
669 2926 763 2967 omnes
778 2911 934 2985 inspiciunt.
986 2923 1045 2964 rem
1064 2916 1179 2978 quaerat,
1192 2909 1219 2964 id
1242 2918 1293 2973 est,
1309 2911 1435 2979 peritum,
1450 2913 1610 2983 sapientem.
1626 2926 1780 2983 strenuum,

135 3000 219 3072 Cujus
232 3000 324 3055 lorma
337 3000 455 3071 primum
468 3000 584 3055 rotunda
598 3009 658 3056 crat
677 3002 747 3058 sieut
766 3002 937 3072 amphithea·
986 2998 1032 3069 qui
1046 2998 1185 3053 continere
1207 3007 1236 3054 et
1256 3000 1407 3069 gubernare
1421 3002 1498 3058 novit
1510 3015 1621 3076 propter
1643 3009 1781 3068 maritima

136 3101 244 3148 trum:
275 3101 371 3162 postea
397 3109 430 3149 ex
462 3092 552 3148 medio
579 3093 779 3165 amphitheatro
798 3094 934 3150 theatmm
985 3088 1106 3160 pericula
1120 3097 1256 3149 etcasus.
1270 3091 1341 3147 uude
1361 3101 1389 3147 et
1404 3092 1471 3151 illud
1485 3093 1657 3153 Salomonis:
1675 3099 1780 3156 tmettt-

136 3182 251 3239 iactum.
270 3180 420 3239 Theatrum
444 3193 566 3240 autema
590 3185 743 3257 spectaculo
764 3185 933 3242 nominatum
948 3152 971 3217 C
985 3198 1048 3253 uem
1068 3183 1246 3255 palernacaia
1269 3186 1409 3256 penitebit
1436 3185 1527 3261 (Pron.
1547 3189 1579 3261 ι).
1602 3189 1685 3249 Navis
1706 3195 1783 3249 enim

135 3294 185 3348 apo
194 3288 235 3331 tes
250 3276 377 3343 theonas,
391 3276 479 3347 quod
472 3293 498 3331 ιιι
507 3291 540 3332 eo
549 3276 664 3347 populus
675 3286 751 3334 stans
763 3286 934 3350 superatque
985 3277 1100 3349 mystice
1126 3285 1173 3332 aut
1196 3277 1346 3335 Ecclesiam
1371 3279 1525 3351 signifieat,
1553 3290 1641 3340 otest
1665 3284 1760 3343 illud
1753 3300 1782 3342 m

135 3377 267 3439 emeram
291 3366 369 3423 ludos
397 3368 635 3439 contemplaretur.
660 3368 734 3425 idem
763 3384 830 3426 rern
857 3372 935 3427 thea-
985 3365 1154 3458 Evangelio:
1180 3368 1263 3424 Naris
1277 3372 1554 3442 autemjactubatar
1544 3376 1678 3435 rnmdiir
1691 3378 1781 3447 (lucti-

136 3466 220 3523 trum
246 3456 320 3512 idem
344 3466 371 3512 et
397 3459 597 3529 pmstihulum,
625 3474 659 3516 eo
683 3460 755 3530 quud
778 3470 841 3532 post
857 3461 935 3518 ludos
986 3436 1154 3531 heridani.
1169 3458 1245 3533 arv);
1269 3461 1322 3517 et
1314 3461 1478 3532 rapsalmo:
1495 3463 1554 3520 llac
1569 3483 1782 3540 maremapnenr

134 3559 251 3607 exactos
284 3549 444 3605 meretrices
473 3558 637 3621 prostarent
662 3550 735 3607 idem
766 3559 793 3607 et
821 3551 936 3624 lupanar
985 3549 1179 3625 cupariorum,
1202 3559 1274 3617 etc...
1298 3568 1403 3624 usque,
1418 3555 1473 3617 illic
1495 3575 1573 3614 nauca
1587 3562 1783 3631 pertransibant

135 3654 268 3699 uocatum
283 3642 433 3698 abeisdem
454 3642 661 3708 meretricibus,
678 3658 738 3714 quae
754 3642 936 3715 propteruul·
987 3637 1075 3711 (Paul.
1090 3642 1161 3713 citt).
1184 3642 1342 3702 lunaribus
1366 3655 1456 3703 autem
1477 3650 1575 3706 merito
1595 3653 1783 3724 significantur

134 3737 190 3810 pati
205 3735 334 3806 corporis
346 3735 476 3792 uilitatem
488 3734 559 3806 lnpoc
569 3745 768 3809 nuncupantur.
787 3735 853 3791 Nam
868 3735 936 3806 lupa
986 3730 1125 3800 Ecclesiae,
1139 3750 1199 3806 quae
1210 3737 1378 3806 periculosos
1390 3739 1488 3796 lluetus
1507 3744 1600 3799 muudi
1622 3745 1783 3816 perlignnm

135 3828 302 3884 meretrices
317 3836 380 3882 sunt
403 3843 418 3881 a
431 3828 581 3900 rapacitate
600 3836 712 3894 uocatae,
727 3841 760 3883 eo
773 3828 843 3898 quod
857 3826 890 3881 ad
906 3842 936 3885 se
987 3825 1111 3896 gloriosae
1121 3828 1210 3884 erucis
1219 3830 1345 3894 evadunt,
1357 3840 1496 3900 portantes
1508 3835 1631 3906 populos,
1647 3838 1694 3907 qui
1704 3839 1783 3909 sipara

135 3921 250 3992 rapiant
265 3919 393 3985 miseros,
417 3927 445 3974 et
471 3920 684 3991 apprehendant.
697 3917 849 3990 Lupanaria
863 3919 937 3973 euim
987 3915 1051 3973 tidei
1067 3918 1250 3974 crediderunt.
1280 3920 1309 3975 ln
1323 3920 1366 3975 bis
1380 3924 1496 3979 naribus
1508 3925 1613 3980 habitat
1633 3925 1779 3985 Christus:

135 4008 286 4083 apagauis
296 4009 444 4063 constituta
456 4016 529 4071 snut,
545 4015 575 4064 ut
588 4006 676 4079 pudor
690 4007 834 4063 mulierum
847 4005 936 4062 iuieli·
987 4006 1033 4075 qui
1056 4009 1080 4062 si
1102 4023 1119 4061 a
1142 4009 1316 4067 credentibus
1334 4012 1480 4081 escitmur,
1498 4014 1565 4071 dicit
1580 4016 1783 4074 immanissimae

133 4101 211 4157 cium
231 4098 272 4154 ibi
284 4098 481 4169 publicaretur,
497 4106 525 4154 et
535 4097 653 4154 ludibrio
664 4098 832 4154 haberentur
842 4106 897 4152 tam
909 4098 936 4152 hi
988 4098 1141 4167 tempestati
1156 4106 1187 4153 ut
1199 4100 1332 4169 quiescat,
1360 4110 1388 4157 et
1401 4104 1528 4171 quiescit.
1552 4103 1619 4160 ltem
1633 4104 1698 4161 alibi
1710 4108 1781 4163 idem

135 4193 182 4263 qui
199 4190 350 4257 lacerent,
366 4206 447 4260 quam
464 4190 509 4260 qui
524 4198 692 4260 paterentur.
712 4188 826 4262 llystice
845 4197 936 4245 autem
987 4187 1119 4258 propheta
1139 4187 1198 4242 ait:
1228 4187 1263 4243 ln
1284 4190 1379 4259 spirim
1400 4192 1541 4248 uehementi
1559 4204 1674 4250 contem
1703 4212 1782 4252 nausa

134 4286 281 4340 theatrum
307 4293 468 4354 presentem
491 4284 620 4339 mundum
649 4284 802 4355 siguificare
823 4292 934 4354 potest:
988 4276 1196 4350 Tharriaffnal.
1218 4276 1405 4354 ur11);qttia
1428 4283 1782 4359 perspiritussanetlgra-

134 4377 163 4431 in
175 4390 235 4447 quo
245 4374 288 4441 hi,
303 4375 348 4445 qui
367 4374 459 4430 lurum
480 4373 559 4443 huius
574 4376 665 4431 saculi
683 4385 844 4447 sequuntur,
868 4375 938 4432 ludi·
988 4372 1052 4428 tiam
1064 4371 1403 4444 philosophorumdogma,
1416 4375 1500 4444 quiin
1514 4392 1589 4433 utare
1601 4378 1781 4436 istinssoeculi

134 4467 198 4523 brio
214 4467 320 4521 babent
335 4481 428 4523 servm
441 4466 508 4531 liei,
525 4474 659 4524 eteorum
675 4482 770 4538 peenas
789 4470 936 4540 spectando
950 4508 976 4567 D
988 4463 1150 4535 disputando
1166 4464 1340 4528 transiemut,
1354 4480 1404 4535 per
1415 4467 1606 4537 predicatores
1619 4480 1781 4527 evacuatum

133 4560 281 4615 laetantur.
296 4556 374 4613 Unde
385 4558 530 4628 Apostolus
541 4558 607 4615 dicit
622 4578 629 4614 :
645 4559 830 4631 Spectaculum
844 4577 934 4615 ramur
988 4562 1041 4610 est.
1057 4554 1188 4610 murinus
1203 4570 1267 4627 ergo
1286 4556 1363 4611 uaris
1374 4556 1505 4624 ecclesian
1518 4559 1576 4628 litte
1592 4559 1717 4618 Salvator
1730 4574 1781 4627 est,

133 4649 307 4720 [actiinbec
319 4648 837 4722 mnndeanpelr'retlrominiburpropter
852 4652 935 4708 deam
990 4646 1082 4716 quiet
1104 4648 1287 4718 gubernator:
1317 4649 1380 4718 quia
1403 4663 1452 4719 per
1478 4649 1609 4720 Spiritum
1628 4671 1707 4711 suurn
1725 4659 1784 4729 ipse

133 4742 162 4814 (l
176 4740 247 4797 Cer.
264 4739 312 4811 ιι).
486 4728 493 4737 ”
990 4755 1050 4794 eam
1064 4740 1132 4809 repit
1144 4748 1226 4808 utque
1242 4739 1386 4811 gubernat,
1399 4741 1484 4797 donec
1498 4756 1558 4799 eam
1568 4744 1603 4799 sd
1617 4756 1724 4817 portum
1738 4764 1783 4803 sa-

409 4828 524 4888 curor
541 4829 671 4886 xxxvtt.
991 4829 1055 4885 lutis
1070 4838 1178 4885 eterna
1199 4829 1338 4900 perducat.
1363 4828 1431 4887 ltem
1454 4830 1482 4888 in
1496 4832 1577 4889 aliam
1590 4846 1694 4904 partem
1707 4837 1785 4891 navis

391 4924 429 4979 De
443 4923 521 4993 ferali
539 4923 689 4977 certamine.
963 4954 976 4972 .
992 4920 1133 4990 accipitur,
1151 4928 1180 4974 ut
1201 4918 1228 4974 iu
1245 4918 1334 4977 isaia:
1359 4916 1483 4986 ilintate,
1510 4938 1586 4978 naues
1608 4925 1689 4977 marin
1713 4922 1781 4992 (lan.

173 5017 312 5073 Ferarum
325 5030 415 5088 pugna
428 5022 498 5080 erat,
518 5013 634 5069 emissas
653 5013 754 5069 bestias
771 5013 884 5083 juvenes
895 5030 942 5069 er·
992 5008 1092 5083 rxtrr);
1108 5025 1163 5081 qno
1177 5010 1286 5068 nomine
1296 5010 1473 5080 dalmaciae
1488 5013 1651 5082 philosophi,
1672 5014 1712 5066 vel
1727 5014 1783 5067 lra-

131 5112 255 5179 cipere:
272 5107 402 5162 aduersus
426 5121 474 5162 eas
488 5106 612 5161 ultroneo
632 5102 726 5159 iuuere
748 5114 863 5169 certare,
888 5120 941 5159 non
992 5098 1069 5154 retici
1086 5099 1414 5169 inanimaquasunnitus
1427 5101 1594 5156 oberrantes.
1620 5101 1712 5164 Ratae,
1727 5102 1782 5169 pri-

132 5201 269 5264 erimiue‚
287 5201 334 5255 sed
349 5199 450 5255 lurore.
992 5205 1067 5245 mum
1093 5199 1122 5244 et
1145 5189 1361 5259 antiquissimum
1388 5190 1487 5259 navigii
1510 5206 1614 5257 genua,
1636 5191 1781 5267 eructibus

404 5288 518 5345 caput
538 5288 679 5345 xxxvdt.
993 5281 1076 5351 tignis
1095 5280 1286 5349 asseribusque
1307 5290 1484 5336 consertum:
1508 5281 1542 5336 al
1555 5281 1632 5350 cujus
1656 5280 1782 5336 sirnilitu·

306 5382 344 5436 dc
355 5382 449 5436 lteram
463 5383 640 5435 exsecratione
653 5379 784 5435 iaderam.
993 5372 1083 5426 dinem
1097 5371 1234 5426 fabricate
1255 5384 1338 5426 naves
1356 5371 1463 5424 nemrim
1474 5370 1562 5427 dicte.
1585 5369 1662 5424 Nurac
1670 5369 1726 5438 jam
1740 5384 1784 5423 ra·

175 5478 246 5534 ilaec
263 5476 362 5547 quippe
381 5473 533 5545 spectacula
548 5473 733 5538 crudelitatis,
759 5481 787 5527 et
810 5473 941 5543 inspectio
994 5475 1034 5521 tes
1047 5464 1158 5520 abusive
1177 5464 1277 5518 nima:
1296 5476 1357 5517 nam
1368 5461 1476 5531 proprie
1487 5468 1560 5515 rates
1580 5469 1784 5516 srrttteouuexm

133 5570 307 5631 muiracum,
324 5582 377 5621 non
390 5566 477 5621 sutum
490 5565 724 5629 matronatus,
737 5565 783 5620 sat
796 5573 824 5620 ιι
842 5566 941 5620 derna
994 5559 1107 5614 laricem
1120 5556 1219 5611 trebes
1242 5553 1344 5609 'trieris
1358 5552 1437 5625 navis
1457 5567 1564 5624 manna,
1589 5566 1669 5620 utrem
1689 5549 1784 5607 Gracc

134 5675 208 5717 nuru
229 5656 314 5725 jussis
340 5656 462 5709 instituta
475 5663 547 5709 suut.
566 5652 681 5708 Proinde
706 5652 942 5707 nihilessedchet
993 5649 1140 5703 durconem
1154 5654 1262 5710 nocant
1276 5642 1393 5712 dequa
1387 5657 1413 5697 tu
1428 5638 1515 5696 lsara
1534 5639 1596 5694 Neu
1607 5639 1725 5695 tranrrdr
1739 5652 1785 5707 per

136 5750 303 5810 christiano
327 5763 387 5802 curu
411 5745 524 5800 circensi
551 5744 751 5800 insumamus
775 5743 941 5814 impudicitia
993 5754 1051 5794 eant
1071 5735 1157 5790 trieris
1179 5750 1273 5805 muana
1301 5732 1369 5807 (lan.
1396 5731 1502 5804 ιιιιιιιι).
1528 5729 1653 5785 Liburnae
1675 5729 1753 5783 dictae
1769 5742 1784 5779 ·ι

331 5842 466 5903 Parnot.
491 5835 573 5900 ext.
826 5928 828 5932 .
1531 5819 1569 5884 18
