4042 6200
93 317 144 373 lia
596 318 641 376 DE
659 317 834 377 barrense
850 317 939 374 bibbl
958 316 1041 375 tart.
1059 349 1095 361 -
1112 316 1176 373 tiu.
1197 317 1229 372 V.
1677 314 1728 369 tas

92 433 151 487 dem
162 428 290 487 Paradisi
302 428 424 486 domina.
435 427 536 485 liarutn
546 429 635 501 prima
650 431 757 485 Nieaena
767 430 887 502 synodus
900 436 925 493 Α
938 444 1043 484 somma
1054 429 1187 484 brevitate
1205 425 1319 482 nomuit.
1333 425 1445 497 Cyclom
1457 433 1546 482 numm
1559 420 1686 482 roeatunt'
1694 442 1728 482 oo

93 519 380 576 trecentorumdocem
387 528 416 574 et
423 528 486 575 octo
494 519 698 590 Episcoporum,
709 519 886 575 Constantino
935 516 1007 585 quood
1025 516 1053 570 io
1069 515 1135 570 orbe
1148 515 1268 585 digestus
1283 514 1337 579 sit,
1351 515 1465 584 ctqnasi
1478 515 1505 569 in
1519 514 1621 570 circulo
1636 515 1727 584 dispo·

91 609 215 678 bagusta
242 609 403 679 imperante,
419 617 529 679 peracta
552 617 595 663 εει
615 623 623 662 :
643 608 671 663 iu
698 622 751 676 aaa
778 608 886 662 Arianae
934 607 1016 661 sitnm
1031 605 1153 661 ordinem
1175 605 1292 675 complet
1314 621 1447 661 annornm
1469 606 1529 661 sine
1550 605 1681 663 varietata
1699 614 1727 662 et

90 698 213 771 perfidia
240 696 420 754 condemnata
451 695 616 766 blasphemia
645 696 678 752 de
704 695 886 766 inaequalitate
934 695 993 750 sine
1008 695 1062 749 nlla
1077 704 1144 751 arte.
1162 695 1350 751 Undelaetum
1363 703 1422 763 est,
1440 704 1471 751 ut
1488 695 1586 767 cuique
1606 697 1727 753 materian

91 798 192 846 noctae
205 788 360 853 Trinitatis,
376 788 403 844 id
418 795 470 852 est,
485 800 499 829 ι
513 787 593 843 brios
614 788 752 842 asserebat
766 787 884 842 consub-
934 784 1727 859 carmina,simplicilormitateisic)lacta,eyciioavocaren‹

1 891 2 916 ³
91 880 320 938 eanmtcmuoo
339 879 415 935 Patri
438 877 645 942 Deumiilium,
671 878 766 933 eadem
792 887 886 933 sancta
936 884 989 930 tor.
1002 875 1071 931 ilinc
1082 884 1110 932 ει
1121 876 1278 933 laterculum
1291 878 1403 943 dictum,
1414 878 1727 950 quodordincmbabeat

90 970 210 1040 synodus
232 984 284 1040 per
304 966 457 1041 symbolum
471 966 602 1025 delinivit.
622 965 747 1023 &cunia
766 967 886 1039 syrrndus
936 973 1069 1020 tractuum
1084 980 1228 1021 annorum.
1248 965 1313 1021 Post
1331 964 1407 1035 cnjus
1421 968 1601 1038 expletionem
1620 970 1654 1024 ad
1668 971 1727 1040 pri·

90 1066 199 1114 centnm
211 1056 409 1128 quinquaginta
428 1065 533 1125 patrum
547 1056 597 1110 srrb
615 1054 767 1113 Theodosio
780 1057 886 1110 seniore
934 1066 1008 1105 mum
1034 1053 1175 1107 exordium
1200 1055 1399 1110 revertendum.
1425 1056 1580 1125 Antiquitas
1605 1058 1724 1113 Ecclesia

90 1147 354 1219 Comuntinopolim
367 1154 528 1218 congregata
554 1155 606 1209 est,
621 1161 681 1216 qum
700 1146 884 1202 Macedonium
935 1143 1034 1213 pascha
1052 1145 1253 1213 quartadecima
1276 1144 1340 1199 lrtna
1358 1162 1420 1202 enm
1443 1144 1543 1203 iudaeis
1561 1148 1725 1215 celebrabat,

90 1238 267 1308 Episcopum,
280 1244 423 1308 negantem
438 1235 521 1290 ileum
532 1249 591 1291 esse
606 1233 736 1304 Spiritum
748 1242 884 1300 sanctum,
934 1247 1096 1303 quocurrque
1116 1232 1158 1288 dic
1184 1243 1341 1290 oecrtrreret
1355 1251 1362 1288 τ
1378 1250 1459 1305 quem
1477 1236 1558 1291 ritum
1571 1238 1657 1292 sarrcti
1678 1254 1726 1308 pa·

90 1328 250 1383 haereticam
272 1327 467 1389 condemnans,
489 1323 744 1380 consubstantialem
764 1323 837 1379 Patri
857 1335 885 1380 et
934 1331 989 1378 tres
1015 1322 1162 1377 inbicem
1187 1324 1289 1395 synodo
1304 1324 1514 1393 prohibuerunt,
1533 1327 1726 1382 constituentes

89 1416 159 1474 Filio
171 1417 307 1488 Spiritum
323 1426 446 1472 sanctam
462 1415 656 1472 demonstravit
671 1433 678 1470 :
693 1415 760 1471 dans
770 1416 884 1488 symboli
935 1427 988 1467 non
1002 1411 1087 1467 solum
1103 1412 1192 1465 lainam
1205 1413 1360 1483 paschalem
1373 1414 1410 1485 (ει
1425 1414 1487 1469 inde
1501 1411 1623 1485 εεειιίιυε
1636 1415 1724 1486 inqui-

91 1506 217 1570 iormom,
233 1520 315 1577 quaro
326 1514 383 1560 tota
394 1503 550 1561 Graeeonrm
563 1511 592 1559 et
605 1503 761 1560 Latinorum
776 1504 884 1561 moles·
933 1502 1017 1572 rere),
1028 1501 1074 1557 sed
1085 1502 1204 1556 etiamst
1215 1502 1285 1557 diem
1300 1504 1508 1560 resurrectionis
1521 1505 1662 1562 dominicae
1674 1508 1724 1563 ob·

91 1596 172 1652 daia
186 1595 318 1651 Ecclesiis
332 1595 470 1666 praedicat.
492 1592 583 1649 'l'ertia
606 1594 726 1665 synnodus
749 1594 883 1665 Ephesios
933 1606 1042 1648 serrare
1056 1610 1062 1646 :
1076 1602 1104 1649 ει
1128 1593 1162 1649 ob
1185 1594 1237 1649 boc
1257 1595 1358 1665 pascha
1379 1610 1395 1649 a
1415 1596 1509 1665 quinta
1531 1595 1635 1652 decimo
1660 1597 1724 1653 iona

90 1684 372 1757 primaducentorom
393 1680 585 1753 Episcopnrom
610 1682 777 1752 snbjuniore
796 1684 885 1740 Theo-
933 1698 1020 1754 usque
1049 1683 1077 1738 in
1092 1683 1247 1739 vicesimam
1262 1684 1378 1755 primam
1400 1687 1595 1753 extenderunt,
1616 1696 1646 1743 ut
1668 1689 1726 1745 dies

91 1778 167 1833 dosia
178 1776 304 1849 Augusto
316 1776 400 1841 edita,
415 1791 476 1846 qna
496 1773 648 1830 Nestorium
670 1773 738 1831 duas
754 1790 884 1845 personas
899 1777 921 1836 Β
936 1772 1092 1828 Dominions
1105 1788 1156 1828 non
1171 1773 1351 1829 omitteretur.
1373 1773 1476 1830 Pascha
1497 1785 1586 1832 antem
1608 1778 1725 1833 rorabu-

91 1870 116 1924 in
130 1868 244 1925 Christo
257 1875 436 1931 asserentem,
446 1866 520 1937 josto
533 1865 705 1921 anathemate
716 1865 880 1920 condonans·
931 1860 986 1916 inm
1001 1877 1054 1917 nou
1070 1862 1204 1928 Graecum,
1217 1863 1264 1918 sed
1279 1862 1419 1919 lichenum
1432 1874 1475 1921 est
1486 1884 1492 1919 :
1505 1879 1555 1922 nee
1571 1882 1587 1921 a
1599 1867 1725 1938 passione

90 1959 138 2023 rit,
153 1958 303 2013 ostendens
324 1971 435 2012 monere
449 1956 476 2011 in
491 1957 595 2012 dnobus
609 1955 805 2010 naturisnnam
826 1955 880 2012 lio-
932 1952 1070 2024 iqnoniam
1084 1954 1215 2024 pascimin
1228 1952 1664 2030 [Pasebin]Graeeedieiturpati),
1677 1961 1725 2017 sed

91 2048 155 2103 mini
168 2045 236 2104 iesu
246 2047 347 2104 Christi
360 2061 514 2118 personam.
527 2045 627 2115 Quarta
641 2046 759 2118 synodus
769 2045 880 2102 Chalce·
931 2059 947 2099 a
971 2045 1088 2100 transitu
1106 2043 1219 2101 hebraeo
1235 2044 1318 2101 serbo
1341 2048 1441 2116 pascha
1461 2050 1593 2120 appellata
1615 2063 1656 2109 est
1670 2073 1677 2109 :
1691 2069 1726 2109 eo

91 2138 222 2193 doncnms
244 2153 329 2193 ocrxx
354 2137 523 2193 sacerdotnm
546 2136 596 2193 snb
608 2135 744 2192 ilareiano
759 2137 881 2207 principa
931 2137 1002 2207 quod
1016 2146 1080 2191 tarne
1092 2137 1206 2207 popolus
1219 2136 1263 2190 [ιεὶ
1276 2152 1310 2192 cx
1319 2137 1436 2209 ,Egypto
1448 2141 1596 2196 transierit.
1609 2143 1685 2200 Unde
1696 2154 1725 2200 et

91 2229 181 2284 habita
195 2238 249 2295 est,
273 2228 300 2284 iu
323 2245 375 2300 qrra
394 2228 534 2301 Eutychen
555 2229 881 2301 Cortstmtinopoiitaoum
931 2226 959 2282 in
973 2227 1119 2296 Evangelio
1132 2226 1223 2298 (ioan.
1239 2225 1379 2299 xrrr),cunr
1393 2228 1626 2300 addiscet,inquit,
1647 2235 1724 2290 iosus

92 2322 230 2385 abbatem,
245 2320 327 2376 Verbi
343 2321 390 2375 boi
416 2329 443 2377 ct
458 2321 547 2377 carrris
560 2336 642 2376 unam
669 2330 792 2376 nattrram
816 2338 880 2393 pro·
930 2320 993 2391 puio
1004 2321 1071 2374 canit
1084 2320 1150 2374 bora
1162 2320 1230 2389 ejas,
1241 2330 1269 2374 ut
1280 2321 1402 2377 transiret
1412 2322 1444 2377 de
1454 2325 1551 2379 mundo
1565 2326 1599 2379 ad
1608 2322 1723 2383 Patrem.

91 2411 273 2476 nuntiantem,
292 2420 321 2466 et
344 2409 403 2479 eins
416 2410 583 2467 defensorem
606 2412 772 2476 blascorum,
795 2427 881 2482 orion·
930 2410 1013 2479 Curius
1027 2426 1081 2467 uos
1096 2410 1156 2466 ideo
1175 2411 1288 2482 pervigil
1306 2412 1430 2479 ducitur,
1449 2426 1560 2486 propter
1578 2416 1722 2475 adrentum

91 2504 152 2556 dam
165 2502 380 2557 Alexandrinum
393 2501 565 2572 Episcopum,
580 2511 608 2558 et
623 2502 708 2574 ipsum
722 2519 815 2558 rursus
830 2502 882 2559 be-
930 2501 1003 2572 regis
1023 2516 1055 2556 ac
1075 2499 1124 2556 lici
1142 2501 1226 2556 nostri
1239 2519 1246 2556 :
1259 2509 1289 2557 ot
1311 2510 1416 2574 tempus
1437 2506 1645 2563 resurrectionis
1665 2509 1724 2578 cjtrs

90 2592 205 2647 nonum
220 2608 283 2648 cum
297 2592 409 2662 rebquis
423 2594 558 2649 haereticis
572 2609 625 2648 nna
642 2602 749 2666 patrum
774 2605 881 2651 senten·
931 2605 984 2645 non
1003 2605 1054 2646 nos
1068 2589 1243 2657 dormientes,
1259 2591 1307 2646 scd
1328 2592 1473 2663 uigilantes
1495 2593 1625 2650 inueniat.
1641 2594 1724 2666 Cujus

90 2683 129 2736 tia
142 2683 338 2754 praedamaorit
353 2700 361 2738 t
376 2684 526 2754 praedicans
545 2685 640 2741 eadem
654 2686 788 2757 synodus,
803 2685 881 2741 Chri·
930 2683 1019 2739 rroetis
1034 2681 1132 2753 duplex
1145 2682 1213 2737 ratio
1225 2691 1268 2738 est
1280 2700 1287 2730 τ
1301 2684 1358 2740 sive
1371 2685 1443 2754 quod
1457 2684 1484 2741 in
1497 2686 1591 2741 eadem
1604 2693 1668 2742 tuno
1682 2688 1723 2742 vi·

90 2785 162 2829 unm
176 2773 264 2830 lienam
274 2774 315 2830 sic
327 2782 421 2830 natam
434 2776 466 2831 de
481 2773 600 2848 Virgine,
615 2785 645 2831 ut
658 2777 687 2831 in
709 2791 742 2832 eo
756 2779 882 2833 substan·
931 2784 986 2829 tam
997 2774 1109 2845 recepit,
1122 2788 1184 2829 enm
1198 2789 1295 2844 passus
1306 2784 1366 2830 est:
1381 2776 1438 2831 sire
1452 2775 1524 2847 quod
1538 2787 1630 2847 postca
1643 2780 1722 2846 bora,

90 2866 156 2921 tiam
178 2865 280 2921 diuinae
298 2873 326 2921 et
349 2865 473 2921 humanae
497 2866 676 2923 conliteamur
699 2867 881 2924 aelamitae
930 2880 983 2935 quta
1001 2865 1158 2928 resurrexit,
1178 2864 1211 2917 ad
1222 2862 1399 2933 judicandum
1408 2873 1539 2921 tentrrrtts
1549 2876 1600 2922 est.
1613 2868 1651 2922 Eo
1675 2886 1723 2923 au-

90 2961 154 3008 sunt
167 2961 287 3025 quatuor
300 2954 395 3024 synodi
409 2955 570 3025 principales
585 2955 646 3012 iidei
660 2954 810 3011 doctrinam
824 2956 881 3027 plc-
931 2963 984 3010 ten
1001 2952 1080 3009 modo
1093 2953 1198 3024 agimus
1209 2953 1320 3023 pascha,
1335 2962 1365 3008 ut
1379 2970 1432 3008 non
1453 2953 1539 3010 solum
1558 2965 1672 3011 mortem
1693 2967 1721 3012 ει

1 3047 2 3113 3
89 3043 203 3099 nissime
213 3043 402 3113 predicantes.
418 3042 471 3100 Sed
484 3052 512 3101 et
524 3046 546 3101 si
560 3060 613 3116 qrra
635 3054 698 3104 snut
713 3045 766 3102 alia
790 3048 880 3103 conci·
930 3045 1157 3101 resurrectionem
1168 3042 1268 3100 Christi
1280 3044 1306 3100 in
1319 3044 1475 3100 memoriam
1490 3059 1661 3111 revocemus,
1675 3047 1722 3103 scd

90 3134 136 3199 lia,
151 3151 214 3206 qnae
227 3137 314 3192 saecu
332 3135 426 3193 Patres
441 3135 542 3207 spiriru
557 3138 603 3193 liei
617 3139 689 3210 pleni
711 3150 877 3206 sanxerunt,
892 3122 914 3186 C
930 3136 1012 3190 etiam
1031 3143 1146 3200 cetera,
1160 3148 1219 3203 quae
1233 3133 1305 3188 eirca
1325 3147 1386 3187 curn
1405 3141 1567 3187 attestantur
1583 3134 1616 3188 ad
1631 3150 1722 3189 sacra-

90 3234 151 3294 post
173 3226 288 3281 istorum
303 3236 418 3296 quatuor
431 3228 628 3294 auctoritatem,
640 3227 759 3284 omnium
772 3238 882 3283 manent
930 3235 1082 3282 mentorum
1094 3224 1328 3296 significationem,
1341 3223 1523 3293 inspiciamus.
1541 3223 1654 3293 Propter
1666 3224 1720 3278 ini-

91 3315 210 3370 tiabilita
221 3317 333 3388 rigore:
350 3332 462 3387 qaorum
476 3327 551 3390 gesta
565 3318 592 3372 in
606 3319 657 3374 hoc
671 3333 754 3389 opere
773 3321 880 3375 condita
930 3318 996 3374 tium
1014 3317 1087 3372 enim
1106 3332 1181 3372 notae
1198 3316 1276 3380 ritae,
1296 3322 1323 3370 et
1337 3322 1447 3386 propter
1460 3331 1558 3371 novrum
1573 3315 1720 3383 bominem,

1 3474 2 3477 Ἴ
91 3406 276 3461 maneatur.
293 3404 432 3477 synodum
451 3408 573 3463 novimus
589 3421 622 3462 es
635 3405 729 3463 Greeo
749 3407 881 3476 interpre·
929 3422 1009 3478 quiem
1027 3406 1155 3477 jubemur
1175 3406 1303 3472 induere,
1319 3414 1347 3461 ει
1360 3420 1459 3462 exuero
1472 3413 1607 3473 veterem,
1626 3424 1722 3476 capar-

92 3495 143 3550 tari
156 3496 362 3551 comitatumvel
374 3506 478 3551 mum.
493 3496 605 3554 Consilii
619 3513 685 3552 uero
704 3513 802 3554 nomon
822 3507 880 3553 tra·
929 3504 1018 3566 pontes
1037 3504 1109 3549 catos
1127 3494 1298 3565 fermentum,
1320 3504 1348 3548 ut
1363 3495 1445 3549 simus
1464 3511 1529 3550 nona
1548 3498 1720 3566 conspersio:

92 3594 303 3643 ctumexmore
328 3587 460 3644 Romano.
482 3589 615 3660 Tempore
638 3590 880 3660 enimquocnusae
928 3587 1053 3658 arconium
1081 3585 1179 3657 pascito
1209 3595 1327 3640 nostram
1354 3584 1504 3639 immolatos
1530 3595 1568 3639 εει
1598 3583 1718 3641 Christus

0 3716 1 3737 ,
92 3674 252 3746 agebantur,
268 3677 464 3732 mnteniebant
476 3691 570 3732 omnes
585 3678 612 3732 in
636 3693 730 3744 unum,
756 3694 876 3734 commn-
930 3677 955 3750 (i
971 3676 1033 3732 Cor.
1045 3677 1091 3748 rl;
1105 3687 1215 3747 propter
1226 3677 1296 3731 banc
1309 3690 1373 3747 ergo
1383 3676 1445 3729 uitae
1458 3675 1603 3730 noritmem
1615 3675 1719 3746 primos

1 3757 2 3764 '
93 3767 174 3835 rique
196 3765 347 3822 intentione
368 3768 530 3821 tractabant.
555 3766 632 3823 Unde
652 3777 681 3824 et
693 3768 837 3824 concilium
863 3785 878 3824 a
929 3767 1031 3822 mensis
1045 3782 1174 3821 ruovoram
1189 3767 1215 3820 in
1233 3766 1296 3820 anni
1318 3766 1455 3821 mensibus
1470 3765 1642 3822 celebrationi
1659 3782 1719 3836 pas-

92 3851 228 3906 commnni
255 3851 403 3907 intentione
421 3852 534 3918 dicium,
548 3852 625 3927 quasi
647 3854 878 3907 communicilium·
929 3859 1000 3915 eboli
1014 3859 1126 3930 mystice
1137 3859 1282 3913 attributos
1292 3867 1343 3914 cst.
1355 3857 1431 3926 Quod
1443 3873 1506 3912 vero
1520 3855 1606 3913 tertiae
1618 3858 1719 3912 bebdo

92 3943 159 3999 iiam
183 3944 247 3998 cilia
257 3945 395 3999 oculorum
407 3956 480 4000 sont.
496 3944 572 4000 Unde
586 3954 613 3999 et
626 3944 775 4000 considium
788 3946 876 4000 consi·
928 3949 1014 4016 maan
1026 3949 1069 4002 die
1081 3949 1181 4019 pascha
1194 3947 1356 4014 celebratur,
1374 3946 1401 4002 id
1415 3954 1469 4011 est,
1486 3946 1530 4016 qtri
1552 3947 1608 4001 dies
1621 3962 1717 4002 occor-

93 4033 158 4089 iam
182 4034 292 4100 dicitur,
320 4034 348 4091 d.
373 4035 411 4091 in.
427 4035 446 4090 l.
459 4035 576 4091 litteram
601 4044 767 4092 transeunte.
787 4036 880 4094 Goetns
929 4040 964 4093 rit
975 4055 989 4093 a
1000 4040 1093 4109 quinta
1105 4040 1208 4095 decima
1220 4056 1304 4111 usqtro
1315 4041 1341 4094 in
1352 4039 1506 4093 vicesimam
1520 4039 1633 4109 primam
1647 4057 1653 4090 ε
1667 4041 1718 4095 boc

92 4139 157 4180 sero
170 4133 322 4180 conventos
334 4134 376 4181 est
385 4126 427 4180 rel
439 4128 609 4199 congregatio
619 4128 771 4194 acoeonrlo,
787 4128 878 4194 idest,
929 4129 1064 4200 significat
1077 4148 1084 4183 ι
1100 4130 1163 4200 araia
1177 4130 1203 4183 in
1217 4137 1273 4184 toto
1286 4137 1405 4197 temporo
1421 4125 1521 4192 saecoli,
1534 4127 1579 4197 qrri
1591 4135 1718 4196 septena·

92 4215 278 4270 conveniendo
292 4216 319 4271 in
333 4231 427 4271 unum.
440 4216 516 4273 Unde
535 4226 563 4274 et
585 4230 732 4275 conventus
745 4227 788 4276 est
809 4237 879 4276 nnn·
930 4220 970 4273 rio
983 4220 1086 4273 dianam
1102 4234 1214 4273 nrrnrcro
1228 4220 1325 4289 agitor,
1338 4234 1408 4273 ornile
1425 4217 1533 4271 tortium
1549 4228 1653 4288 tempos
1666 4218 1718 4274 boo

91 4314 219 4376 capatus,
233 4306 304 4362 sicot
318 4316 467 4363 movemus
481 4315 567 4365 emtus
583 4309 625 4366 nel
643 4310 786 4368 concilium
804 4327 820 4368 a
834 4328 878 4368 so·
929 4316 1126 4363 sacramentnm
1142 4309 1255 4379 aperuit.
1269 4308 1388 4363 Primum
1401 4309 1473 4363 onim
1489 4316 1593 4380 tempos
1605 4318 1717 4366 estante

91 4394 346 4452 ahiramitarum
360 4397 387 4451 in
399 4412 492 4451 unum.
929 4400 1015 4471 legem
1033 4417 1040 4454 :
1056 4402 1201 4454 secondum
1215 4397 1355 4470 sublege:
1372 4399 1480 4453 tertium
1496 4399 1545 4453 sub
1562 4400 1658 4470 gratia,
1672 4401 1716 4454 uid

388 4488 501 4545 daubi
519 4489 585 4547 vill.
890 4461 918 4522 D
926 4492 982 4562 iam
1002 4490 1202 4547 manifestatum
1217 4499 1258 4547 cst
1272 4499 1470 4546 sacramentum
1484 4492 1558 4562 prius
1581 4493 1716 4549 occultum

71 4650 81 4665 ‚
353 4579 392 4634 De
404 4580 475 4650 ageio
489 4583 619 4652 panciroli.
930 4585 957 4640 in
968 4585 1124 4656 prophetico
1134 4586 1285 4655 moriginate.
1300 4583 1361 4638 ideo
1376 4592 1402 4639 et
1416 4593 1523 4654 propter
1536 4586 1657 4642 bactria
1671 4603 1718 4642 sm·

124 4668 284 4726 Puchaloru
293 4669 398 4740 cyclum
419 4670 577 4742 liippolytns
595 4672 737 4744 episcopos
750 4678 878 4747 tempori·
930 4676 982 4731 call
999 4685 1118 4746 tempora
1133 4676 1295 4730 resurreetio
1310 4674 1415 4729 Domini
1434 4675 1556 4732 triduana
1572 4686 1621 4733 cst.
1640 4677 1718 4746 Qtrnd

92 4759 143 4817 bos
161 4760 307 4815 Alexandri
323 4760 493 4830 imperatoris
511 4762 881 4839 primuseonseripsi11post
930 4782 996 4821 uero
1007 4783 1021 4820 o
1033 4767 1127 4835 quinta
1142 4764 1244 4820 decima
1258 4765 1319 4820 illita
1343 4782 1427 4837 iisqne
1450 4768 1483 4821 ad
1497 4768 1648 4823 vicesimam
1662 4771 1718 4839 pri-

92 4865 174 4920 qoem
193 4849 377 4919 probatissimi
396 4859 520 4905 auctores
540 4851 670 4908 Eusebius
688 4852 878 4923 Caesariensis,
933 4873 1003 4912 mam
1018 4871 1066 4926 per
1080 4857 1138 4911 dics
1151 4865 1252 4926 septem
1269 4856 1404 4927 paschalis
1422 4857 1480 4913 dies
1497 4859 1627 4927 qiuaritor
1642 4857 1714 4931 iili:

93 4938 260 5011 Theophilus
279 4939 487 5005 Abxandrinos,
502 4939 619 5011 Prosper
637 4957 745 5012 quoqm
771 4944 881 5001 natione
930 4948 1138 5017 proptcripsum
1153 4963 1295 5002 numerum
1308 4949 1717 5018 septenariumonounircrsi·

92 5029 246 5100 Aquitanos
268 5039 350 5100 atnoe
372 5029 543 5096 Victorinus,
568 5030 737 5100 amplillcatis
760 5032 880 5101 ejusdem
930 5036 995 5090 tatis
1017 5036 1177 5107 significatio
1199 5050 1269 5105 saepe
1284 5035 1429 5107 ignoratur,
1444 5036 1489 5108 arui
1504 5038 1586 5092 etiam
1601 5038 1650 5107 ipsi
1665 5037 1715 5093 Ee-

93 5119 250 5175 iestiritatis
260 5119 420 5184 rationibus,
432 5119 593 5189 multiplices
602 5120 717 5177 circulos
727 5123 878 5178 ediderunt.
929 5125 1020 5181 closis
1038 5127 1164 5181 tribuitur
1174 5136 1282 5196 propter
1293 5128 1378 5182 instar
1389 5127 1583 5182 universitatis.
1601 5127 1675 5182 Unde
1688 5138 1716 5183 ει

91 5209 174 5279 Caius
185 5210 294 5280 quidem
310 5210 443 5264 rationem
455 5208 752 5283 beatissimusCyriibrs
765 5211 881 5267 blesan-
930 5216 1048 5273 ioannes
1062 5216 1197 5286 apostolus
1211 5216 1238 5270 in
1255 5214 1413 5286 Apocalypsi
1430 5216 1520 5286 (apoc.
1535 5217 1556 5285 r)
1567 5216 1600 5270 od
1612 5224 1714 5285 septem

92 5300 176 5355 drioae
189 5299 266 5355 orbis
290 5297 478 5371 episcopusin
496 5299 640 5370 nonaginta
658 5300 776 5369 unirique
794 5314 879 5356 aranos
931 5306 1040 5376 scripsit
1050 5305 1190 5360 eeclesias.
1207 5303 1325 5359 Ecclesia
1340 5320 1403 5360 rero
1417 5302 1540 5358 adhnein
1552 5303 1714 5359 istamortn·

92 5390 293 5463 perquinqnios
310 5391 405 5448 &cem
425 5392 518 5448 novies
535 5391 681 5454 calculans,
694 5400 775 5461 φιοιο
787 5391 879 5447 italen-
930 5396 1005 5449 litate
1022 5395 1112 5449 carnis
1128 5393 1289 5459 constituta,
1313 5403 1423 5463 propter
1442 5393 1527 5462 ipsam
1550 5392 1715 5448 motabilita-

92 5482 167 5539 dario
180 5483 225 5540 rei
238 5483 302 5539 luna
315 5484 412 5540 debeat
424 5483 559 5552 paschalis
570 5482 727 5539 solemnitas
736 5482 876 5548 celebrari,
932 5495 996 5550 torn,
1014 5485 1083 5539 ianm
1097 5485 1225 5548 nomirte,
1243 5484 1270 5539 in
1291 5484 1431 5554 scriptoris
1444 5483 1617 5554 significator.
1634 5484 1714 5542 Varia

124 5609 138 5638 ¹
150 5595 240 5654 Luem
254 5596 477 5669 coemptissimus
488 5596 529 5652 sic
549 5597 655 5652 ridetur
669 5595 850 5651 restituendus
869 5613 877 5653 :
932 5597 1014 5650 Deoia
1031 5594 1127 5648 Filiam
1143 5609 1152 5646 .·
1169 5597 1244 5666 cuijus
1257 5595 1418 5652 contrariom
1430 5604 1520 5649 sancto
1538 5595 1652 5668 sonorius
1670 5614 1715 5670 pet

1 5666 3 5779 i
93 5669 168 5723 irim
183 5668 317 5724 osseraiat
332 5666 581 5723 consubstantialem
595 5665 650 5722 Deo
669 5664 809 5721 i'atrinon
822 5684 877 5722 esse
931 5664 1076 5736 symbolam
1089 5665 1213 5734 definivit.
