4042 6200
215 243 261 305 titt
531 240 562 302 lt.
583 240 710 307 olnam
728 243 838 301 ttaodt
856 241 1016 299 suediae.
1037 238 1192 299 leGUNT.
1213 234 1355 296 oeendtt
1374 240 1463 295 PARS
1481 240 1514 296 ll.
1788 242 1841 298 tot

210 367 317 415 toeamti
342 354 411 424 Quid
436 354 508 410 enim
533 355 657 427 lacrymae
685 370 717 410 es
740 362 902 423 compuncto
917 349 1252 430 coulegsimplicitutem
1276 357 1357 420 atque
1379 349 1535 421 patientiam
1556 349 1759 420 praclicumium
1786 370 1842 411 suae

206 449 300 506 esum
322 446 428 504 edicere
449 447 565 515 possint,
592 447 710 502 ostendit
735 445 869 515 Propheta
887 445 997 499 dicens:
1051 454 1149 494 manns
1170 437 1268 493 virtute
1283 448 1387 504 teneus,
1403 453 1418 492 a
1437 439 1510 493 titiis
1533 439 1590 495 suis
1612 440 1736 495 carnales
1758 441 1843 498 iuter-

210 539 327 595 Fumant
350 536 549 608 mibilacrpme·
563 533 998 606 rnecepurtcadieocucetell'aal.
1052 528 1127 594 lecit,
1154 536 1181 583 et
1205 528 1315 582 maxilla
1342 529 1369 582 in
1399 538 1498 582 terram
1524 526 1645 599 projecta
1671 531 1842 600 postmodum

208 627 412 701 suspenditur
433 627 494 689 boc,
518 626 564 696 qui
581 626 695 681 Domino
711 624 777 681 dere
789 641 842 681 nou
860 631 1000 695 appetunt,
1052 633 1137 689 aquas
1150 617 1237 672 sedit:
1254 618 1316 688 quia
1332 618 1394 671 data
1409 617 1489 672 morti
1506 619 1714 688 predicatorum
1727 635 1843 691 corpora
1882 663 1887 670 .

206 720 286 791 luges
299 719 433 791 lacrymas
451 733 505 774 non
528 715 657 780 inediam,
675 714 721 770 sed
739 714 893 769 satietatem
911 712 1002 783 potius
1053 724 1149 781 magna
1168 709 1275 779 populis
1289 717 1474 764 monstravere
1493 709 1634 765 miracula.
1655 710 1731 778 Quod
1751 721 1843 768 autem

209 814 341 869 intulisse.
362 812 418 869 lieo
439 809 594 875 immerito;
613 807 676 878 quia
703 805 782 862 llelus
804 805 848 860 ille.
866 804 943 861 cibus
960 812 1002 860 est
1053 802 1080 856 iu
1091 800 1199 856 Psalmo
1213 802 1345 870 scriptum
1359 794 1419 856 est':
1449 801 1537 856 Nolite
1561 801 1622 873 pieri
1648 804 1843 877 sirstepuaset

209 904 372 969 animarum,
386 901 573 958 corroboratio
596 909 737 963 moseum,
759 895 892 951 absolutio
906 908 1002 966 pecca·
1052 888 1150 955 merlus,
1165 890 1193 942 ia
1213 889 1306 960 quibas
1321 905 1372 942 riou
1387 898 1424 943 est
1437 889 1581 945 intellectus
1592 905 1601 942 .·
1612 892 1640 946 in
1659 891 1733 962 freno
1746 903 1771 948 et
1780 895 1844 950 elea·

210 1005 317 1057 torum;
345 992 456 1049 relectio
486 992 628 1055 mentium,
649 988 756 1045 lavacra
770 987 919 1056 culparum.
948 984 1001 1041 Sed
1053 997 1096 1037 mo
1107 980 1231 1036 marilias
1245 998 1336 1036 eorum
1346 983 1494 1053 constringe
1507 980 1593 1053 (Paul.
1606 984 1692 1056 xxxi),
1708 984 1769 1042 idco
1778 1002 1844 1057 ergo

210 1103 260 1158 per
293 1087 343 1142 bas
367 1086 502 1157 lacrymas
528 1081 664 1154 siguificat
688 1078 877 1135 afflictionibus
900 1077 1002 1132 erudiri
1053 1074 1112 1129 istae
1131 1073 1348 1143 comparationes
1375 1082 1438 1127 sunt
1462 1075 1568 1144 positae,
1590 1076 1653 1145 qnia
1678 1091 1764 1147 equus
1786 1079 1845 1134 siue

208 1194 288 1250 posse
301 1177 438 1249 poprdum.
460 1176 536 1232 Diem
557 1171 763 1244 prosperitatem
788 1170 916 1227 debemus
928 1168 1000 1225 acci·
1052 1166 1217 1221 discretione
1237 1165 1352 1221 sessoris
1364 1166 1448 1220 seren
1468 1166 1592 1231 arbitrio,
1615 1177 1669 1222 eta
1683 1183 1845 1239 eumcuuuue

209 1282 283 1338 pere,
305 1277 412 1322 noctem
432 1280 498 1321 sero
529 1262 678 1318 tristitiam.
703 1260 771 1317 Gilia
796 1267 860 1315 sunt
884 1256 1002 1327 tegmina
1052 1256 1283 1321 [ueritasceusus
1297 1257 1426 1312 excurrit.
1448 1255 1535 1312 diulus
1548 1265 1638 1312 autem
1652 1259 1787 1328 patienter
1799 1274 1842 1314 ac·

181 1410 185 1416 ,
209 1358 306 1429 neribus
317 1356 509 1428 cooperiuntur
521 1353 590 1409 oculi
603 1370 610 1405 ι
624 1359 652 1406 ει
664 1351 734 1407 dicta
747 1350 818 1415 cilia,
832 1347 903 1418 qurud
913 1346 1003 1403 celant
1051 1347 1118 1418 cipit
1130 1346 1263 1412 sarcinas,
1289 1348 1387 1417 quibus
1411 1346 1492 1411 luerit
1505 1356 1652 1403 oneratus:
1680 1357 1708 1403 ct
1720 1365 1769 1420 pm
1793 1350 1846 1404 boc

210 1448 312 1514 oeulos,
326 1455 470 1519 tegantque
498 1453 555 1501 tuta
580 1442 712 1500 custodia.
740 1440 889 1513 supercilia
917 1439 1000 1504 dicta,
1052 1441 1160 1511 utrique
1172 1440 1338 1495 intellectum
1359 1454 1413 1494 non
1432 1439 1543 1505 balteut,
1556 1440 1619 1509 quia
1634 1455 1684 1495 uec
1698 1440 1742 1496 ille
1759 1440 1843 1511 eligit,

209 1542 272 1612 quia
288 1539 427 1610 supposita
445 1546 509 1593 stent
531 1535 612 1601 ciliis,
632 1548 693 1606 quae
706 1533 808 1589 idcirco
830 1532 891 1607 pilis
905 1531 1002 1587 vestita
1052 1531 1236 1596 catenesiam
1250 1546 1301 1586 nec
1314 1531 1365 1586 iste
1379 1529 1457 1599 cujus
1475 1532 1605 1587 oneribus
1622 1532 1780 1603 ingravetur
1805 1534 1846 1588 in·

210 1642 284 1698 suut,
300 1639 330 1686 ιιι
343 1629 429 1686 oculis
444 1628 612 1683 munimenta
634 1623 855 1697 praetendisset
876 1621 1001 1677 sudorem
1053 1621 1158 1692 telligit.
1173 1620 1303 1676 Prohibet
1315 1635 1380 1691 ergo
1391 1619 1579 1690 hujuscemodi
1597 1620 1721 1677 boruines
1738 1622 1847 1677 diaboli·

210 1743 225 1783 a
239 1726 327 1797 capite
346 1721 507 1779 defluentem
521 1719 667 1790 depellant.
689 1716 853 1772 lutercilium
871 1729 938 1771 reto
959 1721 1002 1769 est
1016 1722 1039 1782 Β
1053 1711 1093 1768 cis
1106 1710 1246 1766 fraudibus
1264 1711 1389 1777 insideri,
1411 1719 1438 1766 et
1450 1711 1576 1767 uitiorum
1590 1714 1716 1769 oneribus
1729 1730 1847 1786 pregra-

210 1817 328 1872 mcdiuut
341 1812 404 1869 illud
418 1813 490 1868 inter
502 1811 565 1867 cilia
580 1818 607 1866 et
617 1807 773 1879 supercilia,
784 1806 856 1876 qnod
866 1805 926 1860 sine
940 1803 1002 1875 pilis

210 1916 261 1964 est.
275 1906 344 1974 Quid
356 1902 498 1975 supercilia
514 1900 666 1974 siguidcent
688 1899 813 1969 superius
824 1896 926 1952 dictum
940 1902 1000 1949 est:

211 1998 255 2053 tibi
270 2013 319 2067 per
337 1995 518 2067 legislatorem
531 1993 559 2047 iu
573 1991 748 2053 mundatione
769 1988 868 2058 leprosi
889 1987 946 2042 radi
959 1986 1003 2057 ju·

210 2088 308 2144 beatur
333 2084 422 2156 capilli
448 2083 555 2153 capitis,
581 2081 719 2150 barbaque
741 2085 771 2134 et
796 2076 950 2147 supercilia,
975 2082 1005 2130 et

209 2175 298 2233 omnis
323 2174 394 2245 pilus
415 2172 461 2244 qui
476 2173 631 2242 incorpore
645 2177 696 2225 est.
716 2167 799 2225 Gense
817 2175 880 2222 suut
893 2165 1003 2221 inferio-

210 2282 255 2321 res
271 2264 410 2322 oculorum
437 2271 538 2335 partes,
562 2261 634 2316 uredo
659 2260 751 2315 barbe
779 2259 918 2314 inchoant.
935 2256 1003 2311 Nam

209 2356 295 2412 ccccl
308 2355 422 2427 geneion
433 2355 524 2409 barbe
534 2365 542 2407 a
553 2353 615 2409 binc
625 2351 790 2423 genae,quod
801 2350 863 2405 inde
874 2348 1004 2420 incipiant

210 2449 284 2520 gigni
306 2447 405 2503 barbae.
421 2445 450 2501 ln
470 2445 547 2516 genis
560 2458 625 2514 ergo
648 2441 793 2513 aliquando
812 2441 939 2505 virtutes,
955 2439 1005 2494 ali·

210 2538 319 2609 ‹puando
344 2536 482 2608 spiritales
500 2543 590 2603 patres
616 2533 695 2603 lustu
719 2531 877 2603 allegoriam
901 2528 1004 2599 signiti-

209 2625 399 2686 statuellam
422 2625 526 2696 Sponsa
545 2625 579 2680 de
591 2623 697 2695 Spouso
712 2623 739 2678 iu
761 2621 873 2678 Cautico
885 2620 1004 2677 cantieo-

210 2737 271 2777 rum
284 2721 366 2776 dicit:
389 2717 468 2773 Gerre
480 2717 552 2772 illios
570 2717 638 2773 sicut
658 2714 755 2771 creole·
777 2723 925 2770 oromatum
939 2730 1001 2768 coa·

210 2812 294 2866 ritmo
308 2810 488 2882 pigmentariis
503 2806 592 2880 (Cant.
602 2806 641 2880 v).
661 2807 690 2863 ln
704 2806 780 2879 genis
791 2805 941 2861 salvatoris
955 2819 1004 2860 no-

211 2904 272 2969 stri,
289 2894 347 2972 elus
361 2901 502 2965 modestia,
521 2900 620 2971 pietas,
632 2898 712 2955 simui
726 2908 754 2955 et
767 2899 899 2954 seueritas
913 2897 1003 2968 expri-

212 2994 305 3049 mitur.
319 2992 424 3048 drcolae
442 3000 604 3057 aromatum,
619 2989 734 3046 virtutes
747 2997 774 3046 et
785 2989 900 3045 dulcedo
921 2997 950 3044 ει
963 2987 1003 3043 ia·

1054 1802 1123 1868 rari,
1137 1816 1172 1857 ue
1185 1801 1255 1857 male
1267 1801 1417 1858 obediendo
1426 1804 1559 1873 superbire
1571 1806 1658 1875 magis
1668 1808 1789 1877 partibus
1800 1808 1847 1861 ad·

1053 1895 1189 1951 dicantur.
1205 1894 1273 1950 Nam
1292 1894 1364 1965 quod
1379 1895 1427 1961 ait,
1452 1896 1479 1949 t'a
1504 1896 1589 1967 irruo,
1617 1898 1651 1952 ad
1665 1913 1763 1968 ειμιιιιιι
1785 1914 1847 1968 per·

1054 1990 1139 2044 tinet:
1155 1990 1263 2044 trentam
1285 1988 1357 2044 enim
1373 2004 1388 2044 a
1408 1987 1497 2043 lerum
1517 1990 1658 2046 retinendo
1675 1990 1776 2045 dictum
1793 1999 1845 2047 est.

1054 2081 1153 2138 Ferum
1169 2083 1269 2152 quippe
1280 2081 1385 2152 antiqui
1395 2082 1529 2137 caballum
1543 2082 1679 2137 dixerunt.
1694 2081 1727 2138 la
1742 2084 1845 2149 citumo,

1054 2172 1087 2227 ad
1109 2172 1213 2227 rnttlttm
1235 2172 1355 2243 respicit.
1377 2171 1485 2227 Maxilla
1510 2186 1575 2228 tero
1596 2173 1760 2229 adminicula
1784 2183 1847 2230 saint

1054 2261 1212 2317 auitualium
1230 2262 1330 2333 quibus
1356 2277 1418 2318 esca
1434 2263 1581 2327 manditur,
1604 2271 1635 2319 ut
1657 2266 1779 2335 corporis
1791 2267 1847 2322 rita

1053 2361 1224 2423 procuretur.
1251 2351 1326 2423 ipsas
1339 2365 1404 2424 ergo
1419 2353 1543 2407 maxillas
1555 2369 1605 2424 per
1616 2352 1728 2424 figuram
1750 2355 1848 2426 allego·

1055 2444 1138 2500 ticam
1151 2443 1217 2499 dicit
1230 2444 1444 2499 inobedientibus
1459 2445 1558 2499 delere
1576 2443 1737 2515 constringi,
1756 2444 1846 2511 idest,

1054 2536 1146 2605 copias
1164 2534 1295 2590 victuales
1315 2534 1424 2605 parcius
1437 2535 1505 2600 dari,
1521 2542 1552 2588 ut
1569 2533 1732 2605 jejuniorum
1755 2551 1848 2591 ueces-

1054 2626 1133 2681 sitate
1143 2624 1273 2690 conclusi,
1285 2624 1422 2680 creatoris
1433 2626 1582 2680 subdantur
1594 2625 1717 2696 imperio.
1733 2626 1861 2689 &roam

1054 2725 1159 2772 veteres
1169 2724 1345 2781 vocaverunt,
1357 2716 1427 2787 quod
1441 2716 1558 2770 virorum
1569 2716 1615 2779 sit,
1626 2731 1680 2772 uon
1692 2716 1845 2772 muliorum.
1904 2709 1912 2721 ’

1054 2808 1143 2865 Barba
1155 2818 1245 2865 autem
1260 2808 1396 2880 significat
1417 2807 1553 2878 apostolos
1570 2808 1613 2863 vel
1634 2809 1796 2878 apostolicos
1807 2810 1846 2865 si·

1055 2917 1110 2956 roe.
1127 2900 1204 2956 Unde
1216 2909 1258 2955 est
1273 2899 1338 2954 illud
1349 2918 1356 2954 ι
1369 2897 1442 2954 Sicut
1458 2910 1618 2970 unguentum
1632 2901 1763 2970 incapite,
1776 2901 1845 2972 quod

1054 2991 1186 3046 descendit
1201 2991 1228 3045 in
1241 2990 1349 3044 barbam
1373 2990 1474 3055 Aaron,
1498 2989 1568 3059 quod
1587 2988 1719 3044 descendit
1732 2990 1759 3045 tit
1772 3007 1845 3045 orem

213 3099 257 3142 tua
279 3084 370 3157 gloriae
390 3085 449 3156 ejus
478 3082 643 3155 designatur.
659 3080 836 3155 pigmentarii
851 3096 918 3137 sero
939 3095 1002 3152 pro-
1016 3067 1039 3131 C
1054 3083 1197 3138 aestimenti
1209 3081 1266 3150 eius
1280 3078 1366 3152 (eset.
1378 3079 1493 3154 crater).
1507 3079 1622 3135 Barbam
1633 3080 1764 3151 siqttidem
1778 3081 1847 3137 bene

210 3179 298 3248 plecte
312 3185 375 3233 sunt
394 3184 423 3232 et
446 3174 574 3246 apostoli,
595 3182 623 3231 et
636 3174 682 3245 qui
703 3173 794 3229 lutura
809 3172 1004 3229 incarnationis
1055 3176 1170 3232 dicimus
1188 3174 1341 3246 apostolos:
1365 3175 1494 3246 qrtoniam
1505 3175 1563 3230 baec
1577 3176 1770 3232 robustissimae
1780 3176 1846 3231 niri-

209 3267 269 3338 ejus
284 3281 383 3322 areana
408 3264 603 3336 patefecerunt.
626 3262 693 3318 item
717 3262 840 3334 Sponsus
853 3262 886 3317 de
899 3261 1004 3331 Sponsa
1055 3266 1138 3322 litatis
1151 3268 1280 3322 indicium
1304 3275 1357 3332 est,
1380 3275 1408 3320 et
1429 3265 1482 3320 tixa
1496 3266 1547 3320 sub
1567 3281 1616 3321 suo
1634 3268 1733 3337 capite,
1750 3267 1775 3322 id
1792 3276 1844 3331 est,

211 3360 296 3414 llicit:
320 3357 416 3411 Cortex
440 3355 505 3410 moll
528 3354 627 3427 91111111,
651 3362 792 3425 9111111111
809 3352 904 3422 1111111111
919 3349 1004 3405 0111111
1054 3360 1175 3425 Christo,
1189 3357 1457 3430 perseverassetis
1478 3359 1550 3414 euim
1573 3360 1743 3430 passionibus
1755 3360 1846 3415 cliriuu

212 3452 264 3504 tuis
276 3446 364 3521 (Garat.
376 3448 425 3521 tt).
439 3446 522 3503 Geuae
543 3455 645 3502 sanctas
667 3442 801 3514 spiritales
823 3440 1003 3506 suntPatres,
1055 3467 1169 3507 munere
1179 3452 1324 3521 superatis,
1342 3450 1456 3520 apostoli
1476 3449 1549 3505 viros
1563 3466 1593 3505 se
1612 3451 1845 3506 constantissimos

212 3541 257 3612 qui
268 3540 413 3596 virtutibus
427 3537 647 3603 suntmirabiles,
656 3543 684 3592 et
696 3536 816 3591 moribus
826 3533 1003 3598 venerabiles,
1054 3558 1104 3614 per
1123 3543 1169 3598 pet
1192 3542 1305 3614 graciam
1328 3541 1509 3611 promserunt
1523 3555 1532 3594 ς
1545 3552 1684 3596 servantes
1703 3542 1784 3609 sejam
1805 3556 1845 3595 fc.

212 3641 240 3688 ct
254 3631 280 3685 in
300 3646 381 3686 cruce
406 3629 508 3686 Christi
528 3627 637 3700 gloriari
663 3642 717 3682 non
746 3626 949 3680 erubescentes.
972 3623 1005 3677 Et
1055 3633 1140 3705 gulas,
1154 3648 1249 3702 quasa
1267 3631 1382 3686 Domino
1396 3639 1568 3701 acceperunt,
1584 3633 1635 3686 snb
1652 3648 1701 3687 suo
1715 3634 1846 3688 mansisse

212 3722 271 3776 lass
286 3735 382 3791 magua
410 3726 474 3775 suni
495 3719 584 3785 toltit,
599 3732 660 3788 qus
683 3719 827 3783 videntum
855 3717 903 3772 sed
920 3716 1005 3771 11111111)
1055 3724 1144 3795 capite
1159 3731 1386 3778 monstraverunt.
1410 3721 1463 3777 Sed
1485 3738 1518 3777 ne
1534 3723 1603 3777 banc
1624 3721 1735 3776 barbam
1750 3724 1843 3792 cujum--

213 3808 326 3878 ¹¹¹³l0¹⁹³i
339 3821 398 3880 1111111
410 3825 465 3864 111111
483 3809 620 3876 1111111111,
638 3817 666 3864 11
689 3809 716 3863 111
731 3807 849 3863 luterum
864 3822 1005 3862 1111111111·
1055 3830 1162 3885 cunque
1178 3815 1295 3871 bominis
1305 3812 1430 3870 fortassis
1447 3814 1612 3878 adsertores,
1628 3811 1730 3868 adttdu
1743 3813 1844 3876 doecre,

214 3910 258 3956 tur
269 3915 277 3954 ²
289 3917 348 3972 111111
363 3899 454 3955 01111111
465 3914 517 3955 11111
529 3900 603 3966 ”illle
615 3915 662 3955 1111
679 3900 753 3955 1111111
770 3898 882 3965 dulillo
907 3916 953 3954 ¹¹0⁶
977 3900 1005 3954 in
1055 3907 1101 3979 qrti
1114 3906 1215 3963 Cbristi
1231 3905 1348 3975 speciem
1361 3901 1513 3975 profereus,
1528 3902 1585 3971 jam
1599 3903 1684 3972 ipsum
1706 3902 1732 3956 iu
1752 3917 1845 3956 sacer-

212 3994 523 4062 111110111111111111111111,
546 4011 606 4067 llll
622 3985 779 4067 preparate
805 3993 875 4048 91111
898 3992 939 4047 lli
960 3992 1005 4064 qai
1055 4001 1128 4056 dotio
1142 4015 1191 4055 suo
1209 3999 1259 4054 sub
1274 3999 1389 4069 quadam
1413 3996 1530 4068 imagine
1547 3995 1678 4066 gestabat.
1704 3993 1780 4060 Quod
1799 3995 1846 4047 de·

211 4085 327 4157 diligunt
341 4102 400 4141 cum
417 4084 442 4156 (i
458 4083 522 4140 Gor.
535 4083 576 4157 ιι).
600 4084 666 4140 Ιιειιι
688 4082 809 4154 Sponsus
822 4083 856 4138 ad
871 4081 1006 4153 Sponsam
1054 4089 1153 4144 recudit
1168 4089 1195 4142 ia
1213 4103 1287 4141 orum
1304 4087 1447 4141 vestimenti
1460 4087 1528 4156 ejus.
1552 4084 1605 4141 Ora
1623 4086 1778 4140 vestimenti
1792 4085 1844 4139 Dc·

213 4176 295 4231 dicit:
317 4173 439 4230 Pulchre
453 4183 514 4229 aaut
527 4190 599 4246 pene
613 4172 849 4240 inmortalitatis
863 4169 952 4243 (Caut-
963 4170 983 4244 1)
996 4192 1003 4226 :
1056 4173 1123 4233 mini
1136 4176 1285 4232 Saluatoris
1307 4175 1476 4247 significatur
1488 4175 1619 4240 Ecclesia,
1634 4177 1697 4246 tertia
1710 4191 1795 4246 usrgne
1808 4175 1842 4228 ad

213 4267 266 4322 lroe
282 4274 335 4333 est,
351 4273 426 4320 tanta
442 4274 468 4320 te
482 4264 650 4320 verecundiae
664 4263 792 4320 salutaris
807 4264 907 4319 virtute
926 4264 1005 4319 deco
1055 4269 1240 4325 extremitates
1252 4266 1310 4336 ejus
1322 4267 1461 4322 descendit
1476 4266 1592 4337 Spiritus
1605 4274 1724 4330 sauctus,
1737 4267 1844 4336 quarrdo

214 4356 282 4421 rari,
298 4363 330 4411 ut
347 4355 500 4411 castitatem
520 4354 662 4424 promissae
676 4353 742 4408 mihi
766 4353 829 4409 ddei
851 4353 924 4409 nulla
943 4370 1004 4425 pra·
1055 4360 1206 4428 baptizatos
1228 4373 1312 4426 usque
1327 4358 1354 4412 in
1375 4358 1455 4412 linem
1470 4356 1559 4412 seculi
1583 4358 1775 4412 misericordior
1789 4373 1845 4411 sare

214 4460 310 4502 rorum
326 4447 467 4503 doctorum
481 4447 639 4503 seductione
659 4459 827 4518 corrumpas.
850 4446 926 4502 blalae
941 4455 1004 4502 sum
1019 4414 1210 4519 ”eligendam
1228 4447 1390 4503 sanctificat.
1403 4448 1521 4503 duribus
1538 4449 1651 4503 inditum
1664 4465 1759 4504 riomcn
1771 4466 1785 4503 a
1799 4465 1847 4505 ro·

211 4537 364 4592 eminentes
376 4536 427 4592 sub
439 4535 524 4592 oculis
537 4545 629 4607 partes
643 4536 676 4590 ad
696 4536 892 4607 protectionem
909 4550 1003 4590 eorum
1054 4540 1132 4594 cibes
1151 4539 1316 4594 hauriendis.
1338 4538 1415 4595 Unde
1433 4547 1460 4594 et
1475 4538 1620 4609 l'lrgilins:
1641 4539 1784 4612 lucemque
1804 4542 1845 4596 tris

211 4627 373 4698 suppositae3
385 4633 488 4682 rocatse
500 4626 588 4693 malae,
604 4626 660 4681 sire
671 4625 743 4696 meod
756 4624 826 4680 iulra
835 4625 929 4681 oculos
940 4642 1004 4697 pro-

213 4719 316 4774 minent
331 4717 358 4773 iu
372 4717 577 4783 rotunditatem,
602 4732 683 4788 quam
708 4716 796 4773 Graeci
820 4718 891 4773 mela
914 4719 1004 4789 appel·

211 4810 287 4866 lant:
306 4808 363 4864 siue
388 4808 460 4881 quod
484 4807 538 4862 siut
562 4821 644 4878 snpra
671 4806 804 4862 maxillas.
825 4807 939 4863 blasilia
956 4824 1006 4879 per

212 4902 447 4961 dimitrntionema
464 4901 552 4967 malis,
569 4902 640 4958 sient
651 4899 767 4973 paxillus
782 4917 796 4956 a
811 4901 883 4972 palo,
897 4902 1005 4958 taxillus

213 4996 305 5052 atalo.
320 4992 426 5050 Maxilla
441 5008 507 5066 ergo
521 5001 569 5048 aut
590 4993 716 5049 doctores
737 4992 882 5064 significat,
901 5002 948 5048 aut
961 4993 1002 5048 di·

212 5088 354 5157 sciplinam
368 5085 549 5157 corporalem,
565 5096 705 5155 perquam
718 5083 790 5138 bruti
809 5092 837 5138 et
849 5082 1004 5138 inobedien-

212 5189 255 5235 tes
264 5178 496 5250 constringnntur.
512 5176 579 5232 Nam
593 5175 665 5246 quod
678 5175 706 5229 in
720 5174 790 5229 libro
802 5171 927 5229 lodicum
939 5174 1005 5229 scri·

211 5278 286 5342 prtum
308 5278 352 5326 est
375 5268 477 5342 (ludia.
492 5266 539 5341 ιι)
564 5285 572 5322 r
598 5264 715 5323 Samson
739 5267 848 5322 maxilla
873 5266 940 5321 asini
959 5266 1002 5319 tel

211 5360 367 5416 mandibula
389 5361 455 5433 pulli
470 5362 608 5416 asinarum
633 5358 764 5415 delevisse
783 5368 811 5415 et
834 5360 1003 5430 percussisse

210 5449 285 5505 anille
298 5451 382 5517 viros,
396 5453 484 5524 typice
503 5450 631 5522 exprimit
643 5460 734 5523 gestas
746 5450 895 5506 salvatoris
906 5449 1001 5504 nostri.

209 5539 281 5605 erid
295 5539 339 5594 laic
351 5553 400 5610 per
414 5540 550 5595 maxillam
566 5539 647 5604 asini,
664 5540 715 5594 nisi
733 5539 941 5608 praedicatorum
949 5538 1002 5594 Ec-

205 5629 301 5686 mesta
313 5645 437 5703 personae
454 5630 618 5702 signantur?
635 5629 799 5699 Redemptor
812 5629 883 5685 enim
898 5638 1002 5694 noster,

1055 4629 1164 4684 uuribrm
1186 4630 1273 4683 bussi.
1290 4630 1343 4685 dut
1364 4629 1428 4699 quia
1451 4644 1543 4684 vocem
1573 4631 1659 4700 ipsam
1679 4630 1766 4685 Greci
1793 4646 1844 4684 au·

1056 4719 1108 4774 den
1132 4712 1296 4784 vocant,'ab
1320 4720 1412 4774 auditu
1433 4735 1483 4790 per
1507 4720 1721 4776 immutationem
1735 4721 1844 4787 litterae,

1056 4825 1146 4876 aures,
1161 4810 1239 4880 qnasi
1251 4810 1344 4874 audes,
1358 4819 1519 4880 nuncupatae
1543 4817 1615 4864 suut.
1638 4810 1694 4865 i'os
1713 4810 1785 4864 enim
1799 4826 1844 4865 nc-

1056 4917 1182 4971 percussa
1194 4914 1243 4971 per
1256 4900 1394 4955 anfractus
1407 4914 1499 4954 cunum
1514 4915 1609 4954 sonum
1622 4898 1695 4965 lacit,
1715 4914 1769 4969 quo
1783 4915 1846 4954 scu·

1056 5007 1115 5046 snm
1129 4993 1265 5062 excipiant
1278 4990 1413 5046 audiendi.
1430 4990 1482 5044 Per
1495 5007 1576 5046 aures
1593 4991 1664 5045 onim
1678 4997 1718 5059 (ut
1734 4989 1791 5059 jam
1808 4990 1847 5044 di·

1056 5081 1155 5153 ximus)
1169 5083 1281 5152 mystice
1292 5081 1401 5137 auditus
1413 5081 1536 5136 internus
1550 5081 1647 5135 animae
1665 5080 1843 5151 significator,

1056 5172 1275 5227 sireobedieutia
1297 5172 1325 5226 in
1347 5172 1489 5241 praeceptis
1516 5172 1574 5234 liei,
1590 5186 1637 5225 seu
1653 5172 1761 5226 ariditas
1782 5171 1844 5225 delei

1056 5264 1097 5318 rel
1112 5264 1272 5319 intellectus.
1298 5264 1374 5319 Unde
1389 5265 1518 5334 scriptum
1535 5272 1577 5318 est
1598 5263 1705 5334 (Metti.
1716 5263 1776 5334 xr):
1792 5263 1845 5329 Qut

1055 5356 1131 5409 dubet
1144 5371 1220 5409 uteres
1233 5355 1368 5421 audiendi,
1380 5355 1480 5416 audiat,
1493 5355 1545 5409 boc
1559 5363 1599 5409 est
1613 5355 1693 5409 corde
1705 5352 1845 5423 intelligat.

1056 5445 1089 5499 Et
1103 5445 1201 5499 iterum
1217 5446 1243 5500 iu
1255 5446 1353 5500 malam
1365 5452 1470 5515 partem
1484 5462 1490 5498 r
1511 5444 1594 5509 diores
1608 5461 1698 5498 corum
1719 5460 1845 5513 oppress,

1056 5552 1087 5591 ue
1112 5536 1179 5606 sorte
1201 5537 1310 5590 audiant
1333 5534 1402 5607 (lau.
1419 5537 1468 5606 ιι).
1493 5536 1629 5606 Rogamus
1652 5535 1734 5589 ctiam
1761 5533 1846 5588 beum

1056 5629 1185 5685 esaurdirc
1197 5643 1293 5699 preces
1306 5638 1423 5685 nostras.
1448 5627 1526 5683 lludc
1538 5635 1578 5682 est
1596 5624 1660 5681 illud
1674 5624 1845 5681 Psalnristaer
