4042 6200
216 277 269 337 dbb
533 272 563 328 B.
583 268 709 327 alenai
729 268 839 326 habnt
855 266 1015 325 necuter.
1036 266 1190 325 thGUN'l.
1209 265 1352 325 dPeltttlt
1371 264 1461 321 PARS
1480 263 1512 320 11.
1649 318 1654 325 ,
1722 222 1727 229 ·
1790 266 1846 325 m

215 404 279 448 suus
290 387 406 461 periurat
424 387 505 443 molis
525 385 628 441 arthous
646 383 781 439 inimicos.
797 381 830 437 lli
844 381 926 436 etiam
941 396 1002 435 san·
1018 389 1040 443 A
1055 387 1120 436 loto.
1136 380 1261 451 Sortilegi
1276 387 1348 445 sunt,
1363 378 1409 450 qui
1421 375 1591 451 subuenire
1614 376 1685 432 lictae
1707 374 1847 450 religionis

215 481 296 553 guine
317 485 432 535 utuntur
446 486 474 533 et
494 476 623 541 victimis,
645 483 673 530 et
686 489 757 546 stepo
771 474 930 545 contingunt
944 489 1004 529 cor·
1055 491 1104 545 pet·
1118 474 1248 542 quasdam
1263 513 1271 538 ,
1286 487 1354 542 quas
1367 480 1455 526 sortes
1470 477 1623 525 sanctorum
1646 478 1760 534 vocant,
1777 470 1847 525 diri-

215 585 282 643 pora
301 578 480 624 mortuomm.
502 564 685 621 Necromantii
704 572 784 629 sont,
805 577 919 632 quorum
934 577 1003 632 pru-
1055 565 1171 617 uatiouis
1193 562 1334 618 seientiam
1354 560 1527 631 profitentur,
1548 569 1595 613 aut
1619 574 1847 630 quarumcunque

215 661 412 718 odinationibus
432 660 557 714 videntur
582 655 735 711 resuscitati
757 654 855 709 mortui
871 653 1003 717 divinare,
1055 654 1251 723 seripturarum
1266 651 1434 722 inspectione
1448 649 1538 704 lutura
1552 650 1723 720 promittunt.
1746 648 1848 705 Salisu-

216 760 244 807 et
264 752 298 806 ad
323 751 488 820 interrogato
511 747 683 818 respondere.
698 743 800 800 Necros
821 744 892 799 enirn
918 757 1005 816 grece
1056 752 1128 799 tores
1143 744 1231 799 vocati
1246 751 1329 807 sum,
1346 742 1409 812 quia
1428 741 1492 797 dum
1508 741 1548 795 eis
1571 740 1755 795 membromrn
1776 756 1849 810 qute-

216 852 361 906 mortuus,
378 839 497 895 manteia
513 836 642 892 divinatio
666 843 854 904 nuncupatur,
878 833 911 888 ad
939 849 1006 903 quus
1056 850 1162 906 ortuque
1175 846 1268 904 partes
1281 834 1419 900 salierint,
1441 833 1541 903 aliquid
1555 832 1607 887 sibi
1623 832 1721 888 exinde
1734 846 1849 901 prospe·

215 929 386 987 sttseitaudos
401 927 524 984 cadaveri
539 926 648 996 sanguis
668 925 804 995 adjicitur.
825 922 891 978 h'am
913 936 1006 976 amare
1056 942 1116 980 rvun
1132 942 1179 981 seu
1195 925 1272 981 triste
1286 925 1441 995 siguificare
1462 923 1620 994 praedicunt.
1634 923 1675 979 sd
1687 924 1744 979 hnc
1755 926 1848 978 omnia

216 1021 351 1075 tlaenmues
375 1018 532 1091 sarrguiuem
550 1018 642 1072 dicunt
661 1031 669 1071 t
689 1015 802 1085 ideoque
819 1014 944 1084 quotiens
959 1027 1006 1067 ne-
1055 1019 1227 1087 pertinentct
1238 1018 1360 1088 ligaturae
1372 1016 1576 1071 exsecrabilium
1593 1017 1773 1072 remediorum
1786 1032 1850 1072 con·

215 1112 363 1169 crourantia
376 1113 583 1182 lit,cruoraqoa
602 1113 741 1177 miscetur,
753 1119 781 1164 ut
794 1110 884 1164 colore
895 1108 1005 1179 sangui-
1057 1107 1225 1171 teruuemloe,
1246 1108 1303 1163 sive
1320 1107 1346 1161 in
1371 1107 1640 1177 percantationibus,
1652 1108 1708 1162 sive
1730 1107 1757 1162 iu
1781 1109 1848 1162 eha-

218 1205 260 1260 uis
273 1205 378 1260 lucillus
389 1213 577 1275 provocentur.
593 1202 779 1275 llydromautii
791 1203 825 1258 ab
839 1217 908 1271 aqtra
921 1200 1005 1254 dicit:
1057 1199 1223 1271 racteribus,
1249 1197 1291 1252 vul
1315 1199 1341 1253 in
1370 1198 1521 1267 quibusque
1547 1199 1628 1252 rebus
1650 1198 1849 1268 suspendendis

215 1307 258 1352 est
281 1298 352 1352 euim
368 1296 566 1367 hydromantia,
582 1295 608 1349 iu
621 1309 698 1365 aquae
715 1294 882 1363 inspectione
895 1293 1007 1347 uttrluas
1056 1302 1137 1363 atque
1150 1294 1264 1360 ligandis
1278 1311 1285 1347 :
1299 1294 1326 1349 iu
1338 1294 1437 1363 quibus
1447 1293 1574 1349 omnihus
1586 1309 1631 1348 ars
1642 1295 1794 1349 ‹laernonom
1806 1303 1849 1349 cst

217 1388 368 1443 damonum
383 1402 507 1452 evocare,
535 1396 562 1441 et
592 1387 721 1457 itrtagines
745 1385 787 1439 rel
811 1383 1007 1439 ludificationes
1056 1386 1219 1454 exquadam
1243 1384 1370 1454 pestilera
1387 1384 1669 1439 societatebominum
1692 1392 1720 1438 et
1737 1385 1849 1456 angelo-

216 1492 310 1532 eorum
325 1477 426 1541 videre,
442 1476 532 1547 ibique
546 1475 633 1531 abeis
648 1475 738 1547 aliqua
752 1474 857 1538 audire,
869 1473 914 1528 ubi
930 1472 1007 1527 111111-
1058 1490 1118 1529 ruru
1133 1473 1265 1529 rualorutu
1287 1484 1392 1530 exorta.
1416 1474 1494 1531 Unde
1518 1484 1614 1530 cuneta
1628 1475 1736 1529 vitanda
1751 1483 1814 1531 sunt
1830 1490 1847 1529 a

216 1567 273 1622 bito
288 1567 419 1639 sanguiue
429 1567 511 1622 etiam
522 1567 556 1621 ab
567 1566 660 1621 inieris
673 1565 1006 1637 perbibentursciscitari:
1056 1564 1211 1619 Christiano
1220 1565 1670 1634 etomninopenitusersecratione
1680 1566 1848 1635 repudianda

214 1658 286 1726 quod
316 1673 400 1728 genus
426 1657 599 1713 divinationis
623 1672 638 1711 a
658 1656 749 1712 Persis
773 1656 860 1712 fertur
881 1656 1003 1711 rhotum.
1058 1663 1139 1723 atque
1162 1653 1326 1709 damnanda.
1354 1655 1473 1727 Auguria
1498 1655 1588 1709 avium
1625 1653 1746 1727 Phryges
1764 1655 1847 1725 prirui

215 1749 301 1805 Varro
316 1747 380 1802 dicit
403 1745 575 1801 divinationis
594 1753 710 1815 quatuor
732 1760 793 1801 esse
813 1760 911 1817 genera
926 1763 933 1800 :
950 1755 1004 1803 ter·
1017 1727 1041 1786 B
1056 1744 1216 1799 invenerunt
1231 1746 1415 1816 :praestigium
1437 1760 1503 1801 vero
1517 1744 1666 1800 ilereurius
1687 1746 1792 1816 primus
1805 1746 1848 1800 di-

216 1855 286 1904 ram,
300 1854 408 1910 aquam,
421 1853 521 1905 aerem,
540 1847 568 1894 et
586 1838 685 1909 iguem.
711 1836 779 1893 illue
802 1839 1003 1909 geomantiam,
1054 1837 1280 1892 eituriuvenisse.
1297 1837 1402 1891 Dictum
1415 1848 1456 1894 est
1470 1845 1561 1893 autem
1575 1838 1752 1910 praestigium,
1773 1839 1848 1909 quod

219 1928 449 1998 hydromantiam,
462 1928 668 1992 aeromantiam,
680 1927 879 1999 pyromantiam
892 1929 1003 1985 dietam.
1054 1928 1219 2000 prestriugit
1232 1929 1317 1982 aciem
1332 1928 1482 1983 viculorum.
1496 1929 1535 1984 De
1549 1928 1661 1999 magicis
1678 1938 1767 1982 autem
1782 1929 1849 1984 arti·

216 2017 303 2072 Divioi
318 2017 392 2084 dieti,
416 2018 494 2087 quasi
514 2016 569 2071 Deo
592 2016 663 2087 pleni
686 2034 693 2070 ε
716 2017 857 2073 divinitate
878 2019 952 2074 euim
975 2018 1005 2076 se
1055 2022 1106 2074 bus
1123 2028 1206 2090 atque
1227 2020 1455 2077 incantationibus
1466 2029 1495 2075 et
1507 2020 1745 2092 superstitionibus
1755 2021 1848 2075 direr-

217 2108 312 2178 plenos
324 2109 492 2175 assimulant,
507 2121 534 2164 et
547 2118 635 2165 astuta
655 2108 835 2166 fraudulentia
850 2112 1005 2171 hominibus
1055 2107 1104 2173 813,
1116 2123 1186 2178 (1⁰²⁸
1196 2108 1311 2179 slmiles
1325 2117 1352 2163 θῑ
1363 2107 1423 2165 salii
1437 2109 1580 2165 chrislitni
1594 2110 1622 2164 1¹¹
1635 2109 1848 2165 dilissafifflillttss

214 2197 305 2253 littura
327 2200 489 2269 cottjeetant.
517 2201 574 2255 Duo
601 2210 664 2256 suut
683 2216 783 2273 genera
806 2201 1002 2259 divinationis:
1055 2200 1112 2256 suis
1135 2208 1164 2254 et
1182 2199 1418 2255 observationibus
1439 2201 1575 2270 perversis
1596 2201 1672 2270 sequi
1699 2200 1846 2266 ridentur,

215 2305 260 2345 ars
273 2300 301 2345 et
315 2290 400 2346 iuror.
415 2291 601 2347 lncautatores
621 2293 710 2347 vacui
727 2300 809 2359 sont,
829 2294 892 2364 quia
916 2302 1004 2350 artem
1055 2293 1119 2364 quid
1139 2292 1181 2348 les
1206 2292 1296 2348 diviua
1317 2293 1423 2347 sanciat
1446 2291 1497 2346 :iu
1519 2292 1727 2347 securitatibus
1746 2292 1847 2349 veteris

219 2382 306 2436 rerhis
321 2382 481 2452 compleant.
501 2383 585 2438 hrioli
603 2385 711 2451 vocati,
727 2387 919 2455 propterquod
933 2387 1005 2442 cirea
1055 2384 1220 2440 Testamenti
1245 2399 1277 2439 ae
1291 2384 1353 2438 nori
1375 2381 1453 2439 laclle
1468 2390 1510 2437 est
1533 2383 1665 2438 invenire.
1689 2381 1847 2437 Deteststur

217 2483 280 2523 aras
294 2468 424 2525 idolorum
451 2470 568 2526 nefarias
588 2487 683 2541 preces
700 2474 845 2540 emittunt,
857 2483 884 2529 et
898 2477 1005 2531 funesta
1054 2477 1126 2531 euim
1142 2490 1189 2531 eos
1202 2475 1245 2531 lex
1262 2476 1353 2531 diviua
1365 2515 1373 2540 ,
1387 2489 1447 2545 que
1461 2475 1488 2530 io
1514 2475 1585 2531 libro
1604 2474 1690 2530 Exodi
1705 2475 1742 2529 ita
1757 2475 1843 2530 dicit:

217 2557 348 2611 saerillcia
366 2556 492 2624 ollerout,
517 2560 611 2628 hisque
630 2560 832 2617 celebritatibus
853 2563 1004 2619 daernonutn
1056 2567 1189 2637 Doleficos
1202 2568 1230 2622 in
1247 2575 1317 2621 terro
1331 2578 1377 2620 tuo
1392 2583 1424 2621 ne
1435 2567 1546 2637 potiaris
1557 2568 1639 2622 niuem
1652 2565 1751 2637 (lisod,
1762 2568 1844 2640 aru).

217 2658 346 2715 respousa
360 2647 503 2716 accipiunt.
521 2647 667 2718 llruspiees
689 2652 851 2721 nuncupati,
865 2654 942 2722 quasi
957 2655 1006 2709 ho·
1054 2657 1086 2712 lit
1102 2659 1165 2713 item
1181 2674 1188 2712 ε
1204 2656 1256 2723 Qui
1268 2656 1399 2723 imnrolnt,
1411 2658 1461 2722 ait,
1472 2657 1525 2713 diis
1538 2657 1692 2728 pretersoli
1711 2657 1845 2724 Domino,

219 2749 309 2790 rarum
334 2738 597 2808 inspectoressdies
613 2741 819 2798 enimethoras
843 2745 870 2799 in
894 2746 1005 2816 agendis
1054 2750 1186 2804 occidetur
1205 2749 1310 2821 (ibid).
1342 2749 1375 2803 Et
1391 2749 1418 2804 in
1440 2749 1586 2805 Levitico:
1615 2747 1657 2803 Ns
1684 2750 1844 2814 comedetis,

217 2831 333 2902 ucgotiis
356 2832 536 2904 operibusque
560 2835 713 2890 custodiunt
728 2836 851 2906 :etquid
875 2853 924 2908 per
950 2839 1006 2894 sin·
1056 2848 1224 2913 inquierunt
1234 2850 1440 2919 sanquinesnon
1452 2846 1658 2916 auourolinriui.
1671 2841 1849 2894 1110111111-

216 2925 279 2995 grrla
302 2933 423 2997 tempora
443 2927 588 2983 observare
614 2929 710 2984 debeat
733 2930 823 2996 bomo,
841 2928 1003 2985 intendunt:
1057 2941 1290 3001 pitinanatium
1307 2956 1386 3006 super
1404 2948 1538 2992 mortuum
1556 2952 1587 2990 ne
1604 2933 1722 2988 inciditis
1737 2941 1847 2983 caruem

218 3015 245 3069 hi
273 3016 353 3070 etiam
378 3023 440 3071 exta
458 3018 587 3087 pecudum
606 3018 764 3088 inspiciunt,
776 3027 803 3074 et
815 3035 849 3074 ex
861 3021 901 3075 eis
913 3018 1004 3073 lutura
1053 3036 1167 3081 uestram
1187 3041 1267 3092 neque
1286 3024 1387 3094 figures
1400 3032 1426 3077 et
1441 3024 1557 3087 sigarutu
1573 3019 1677 3090 societis
1689 3014 1770 3070 uobis.
1785 3009 1845 3082 Ego

217 3108 375 3178 giraudicant.
400 3109 522 3181 Augures
536 3118 599 3164 suut
611 3110 723 3172 seilicet,
739 3111 785 3180 qui
798 3108 903 3165 volatus
913 3109 1002 3163 avium
1017 3067 1039 3128 C
1056 3120 1184 3173 pominus
1202 3117 1278 3191 (uu,
1294 3119 1363 3186 m),
1380 3117 1410 3171 Er
1425 3096 1564 3171 irenrz'lls
1574 3110 1725 3174 declinetis,
1741 3107 1792 3171 cil,
1807 3104 1846 3158 ad

215 3205 242 3250 ‘³¹
255 3211 336 3252 V⁰oe⁸
350 3195 503 3262 llllessdllssh
517 3197 623 3268 aliaque
642 3199 718 3270 818111
737 3212 839 3264 rerum,
854 3196 1003 3253 101011581-
1054 3228 1155 3278 oropus,
1165 3226 1213 3265 nec
1228 3210 1260 3264 ob
1273 3209 1368 3264 ariolis
1379 3207 1481 3279 oliqttitl
1494 3203 1664 3262 sciscitemini
1676 3210 1703 3255 ut
1718 3214 1771 3255 uon
1784 3195 1848 3266 pul·

215 3286 338 3341 vationes
350 3286 494 3356 improvise
506 3288 660 3344 ltonrinihus
672 3298 846 3344 occurrentes
861 3308 867 3341 :
885 3288 964 3343 iidem
978 3296 1005 3342 et
1054 3297 1165 3352 tuemini
1176 3313 1222 3367 per
1233 3314 1276 3351 ρος
1291 3295 1396 3368 (istm).
1410 3295 1442 3349 Et
1455 3295 1553 3349 iterum
1572 3311 1579 3348 :
1600 3292 1655 3356 Vir,
1671 3292 1758 3362 inquit
1769 3332 1778 3357 ,
1790 3294 1847 3348 siue

219 3380 352 3450 auspices.
370 3378 437 3435 liam
452 3383 570 3453 auspicia
584 3390 655 3449 sunt,
680 3398 739 3452 quae
752 3381 1006 3438 iterfacientesoh-
1054 3384 1167 3450 mulier,
1185 3387 1213 3438 in
1232 3387 1325 3456 quibus
1346 3383 1500 3454 pythonicus
1521 3382 1558 3437 uel
1576 3381 1743 3436 divinationis
1762 3381 1847 3450 [nuru

216 3477 335 3523 servom.
359 3468 436 3525 Dicta
463 3481 553 3526 eutem
576 3479 639 3527 sunt
662 3473 790 3543 auspicia,
814 3474 892 3544 quasi
914 3474 1005 3529 ovium
1055 3478 1265 3543 spiritus,ntorte
1275 3476 1426 3529 morimur:
1441 3472 1571 3543 lapidibus
1586 3472 1692 3526 obruent
1702 3484 1847 3525 cousua-

216 3559 326 3629 aspicia,
348 3569 376 3615 et
400 3567 523 3634 auguria,
539 3564 616 3634 quasi
640 3564 730 3618 avium
752 3564 853 3634 garria,
871 3565 924 3620 hoc
944 3575 1003 3632 est,
1055 3568 1113 3639 quis
1128 3584 1217 3621 eorum
1229 3566 1262 3620 sit
1276 3581 1354 3636 super
1365 3582 1408 3619 eos
1420 3541 1493 3631 (1ου.
1505 3564 1563 3635 xx).
1580 3561 1609 3617 ln
1633 3561 1847 3618 Deuteronomio

217 3651 307 3705 avium
322 3667 401 3707 voees
418 3660 445 3707 et
464 3652 570 3724 linguar.
595 3653 661 3710 ltem
676 3656 835 3727 augurium,
851 3655 928 3727 quasi
951 3655 1006 3710 avi·
1056 3652 1553 3726 quoquesicdicit:Quandoiugrsssus
1566 3652 1847 3722 [scruterrannquom

215 3742 331 3812 gerium,
346 3743 419 3813 quod
438 3759 501 3799 aves
515 3754 621 3815 gerunt.
645 3745 704 3800 Duo
718 3754 781 3801 sunt
800 3756 890 3802 autem
907 3761 1005 3816 genera
1055 3747 1183 3802 Dominus
1197 3744 1267 3800 Deus
1282 3755 1342 3798 tuus
1358 3744 1469 3797 daturus
1479 3752 1516 3796 cst
1529 3742 1589 3807 tili,
1606 3758 1682 3806 care,
1692 3748 1722 3795 ne
1733 3741 1846 3795 intueris

216 3833 397 3903 susspiciosum
414 3850 421 3887 :
444 3827 527 3890 unum
539 3835 573 3890 ad
588 3835 700 3901 oeulos,
715 3836 788 3891 ahud
800 3835 834 3891 ad
848 3849 928 3890 aures
944 3850 1006 3905 per·
1056 3838 1274 3892 abominationem
1284 3836 1390 3889 illorum
1402 3837 1527 3907 gentium.
1537 3833 1593 3889 lllec
1610 3834 1757 3889 inueniatur
1769 3834 1798 3887 in
1808 3844 1846 3897 te,

220 3924 320 3979 tineus.
336 3922 376 3978 hd
393 3924 488 3980 oculos
510 3925 614 3982 scilieet
635 3925 742 3981 volatus
765 3943 772 3980 :
790 3925 824 3981 ud
850 3940 930 3980 aures
953 3940 1006 3981 vox
1055 3930 1099 4001 qui
1111 3928 1201 3983 lustret
1214 3928 1298 3997 filiurn
1309 3943 1396 3991 suum,
1408 3935 1454 3980 out
1471 3925 1663 3994 filiomducens
1679 3940 1725 3994 per
1741 3924 1847 3993 iguem:

217 4014 318 4068 arirtut.
329 4013 498 4087 Pythonissre
512 4031 527 4069 a
544 4015 640 4088 Pythio
650 4015 775 4087 Apolline
785 4016 874 4082 dictae
889 4030 922 4071 eo
935 4015 1007 4086 quod
1056 4022 1152 4093 mtttgui
1163 4020 1260 4075 ariolos
1273 4021 1419 4074 sciscitetur
1431 4030 1455 4074 et
1468 4020 1580 4074 obstruet
1597 4018 1698 4074 somnio
1708 4027 1787 4086 utque
1797 4034 1849 4070 ou·

219 4106 243 4161 18
256 4118 351 4162 11110101·
374 4106 425 4162 11111
438 4107 587 4162 divinandi.
602 4106 736 4178 Aillolossi
756 4106 820 4162 dieii
833 4121 878 4173 80,
892 4106 963 4176 quod
979 4106 1005 4161 ln
1056 4114 1133 4184 ystria
1147 4129 1156 4173 ,¹
1171 4129 1217 4166 nec
1238 4114 1273 4167 sit
1292 4111 1436 4181 mlefigus,
1457 4127 1539 4181 neque
1562 4111 1719 4175 incantator,
1738 4125 1785 4162 m
1799 4125 1849 4178 py-

218 4198 299 4253 astris
318 4207 497 4269 augurantur.
516 4196 685 4255 Genethliaci
698 4197 823 4269 appellati
835 4208 944 4268 propter
961 4211 1008 4250 na·
1057 4204 1147 4257 thorus
1168 4200 1393 4272 consumensque
1413 4200 1524 4263 diuinos,
1544 4209 1567 4254 et
1582 4209 1712 4270 quorun
1735 4198 1848 4252 mortuis

219 4289 313 4344 talium
335 4290 577 4346 considerationem
600 4289 715 4345 dierum.
729 4288 856 4344 Genesim
880 4302 944 4343 vero
959 4288 1009 4343 ho·
1058 4296 1200 4348 teutatem.
1215 4288 1311 4346 Omma
1327 4292 1397 4344 enisu
1419 4290 1474 4344 huc
1490 4288 1657 4344 abominatur
1703 4285 1847 4341 Dominus.

219 4380 323 4435 tainum
343 4396 393 4452 per
406 4382 549 4438 duodecim
563 4381 624 4437 eceli
639 4382 715 4453 sigua
732 4381 907 4447 describunt,
934 4381 1006 4436 side·
1019 4409 1046 4470 D
1059 4383 1208 4454 Etpropter
1226 4380 1377 4450 liujusntodi
1397 4379 1494 4435 scelera
1514 4378 1607 4434 delebit
1630 4394 1674 4432 ros
1685 4378 1712 4431 in
1734 4378 1849 4431 introitu

218 4485 333 4540 rutnque
344 4487 425 4526 cursu
437 4472 607 4527 nascentium
618 4487 718 4534 mores,
731 4481 818 4537 sotus,
829 4479 924 4526 eventa
938 4487 1007 4542 prae-
1058 4485 1113 4528 tuo.
1126 4470 1261 4542 Perfectus
1271 4473 1322 4525 eris
1332 4480 1355 4524 ct
1368 4469 1464 4541 olsquc
1481 4468 1585 4523 mocula
1602 4484 1660 4522 cunr
1671 4467 1780 4522 Domino
1793 4466 1849 4520 Deo

218 4557 309 4613 dicare
320 4568 463 4625 conantur,
474 4560 562 4625 idest,
573 4561 633 4631 quis
645 4560 717 4631 quali
729 4561 805 4627 siguo
816 4560 897 4616 luerit
908 4571 1005 4616 uatus:
1058 4573 1113 4618 tuo.
1127 4562 1219 4617 Gentes
1237 4562 1294 4615 isne
1314 4576 1426 4631 quonum
1444 4559 1586 4632 possidebis
1604 4569 1711 4622 terrum,
1731 4573 1848 4628 augures

219 4657 266 4702 aut
287 4663 367 4718 quem
384 4648 509 4705 ellectum
533 4652 632 4707 babeat
655 4653 736 4717 ultre,
760 4652 806 4721 qui
829 4651 958 4706 nascitur.
974 4650 1007 4707 lli
1058 4662 1082 4707 ct
1101 4651 1202 4705 diuinos
1225 4649 1398 4704 audiuntrtu
1434 4658 1521 4703 cutem
1544 4665 1561 4703 u
1589 4647 1700 4702 Domino
1719 4646 1776 4701 Deo
1802 4656 1850 4700 tuo

218 4746 291 4804 sunt,
306 4739 352 4809 qui
367 4738 446 4810 vulgo
461 4741 642 4798 blatbematici
661 4752 800 4798 vocantur·
813 4742 896 4812 Cujus
915 4757 1009 4814 snper-
1059 4744 1135 4798 aliter
1153 4744 1287 4798 institutus
1302 4759 1329 4797 es
1346 4741 1434 4813 (Deut.
1446 4740 1533 4812 rvrrr).
1549 4741 1584 4795 lit
1601 4740 1666 4811 quid
1680 4738 1849 4807 sequendum

218 4828 338 4885 stitiouis
351 4844 437 4900 genus
456 4831 676 4889 constellationes
699 4832 775 4887 latini
790 4842 898 4898 vocant,
914 4834 1007 4899 idest,
1060 4836 1095 4891 eit
1120 4835 1162 4890 vel
1181 4835 1391 4898 obaudiendum,
1418 4849 1480 4888 mor
1495 4833 1626 4903 sequitur,
1648 4831 1741 4886 drocus
1755 4847 1761 4883 ι
1777 4827 1850 4882 Pro-

218 4920 373 4978 notationes
390 4921 530 4987 siderum,
557 4925 692 4993 quomodo
719 4938 749 4979 se
777 4925 915 4990 habeant,
946 4940 1007 4981 eon.
1060 4928 1162 4997 piretum
1184 4925 1217 4979 tie
1239 4934 1312 4995 gente
1333 4933 1378 4977 tuo
1395 4933 1419 4979 ct
1442 4923 1475 4977 de
1492 4922 1620 4994 frutribus
1643 4922 1696 4975 tuis
1720 4919 1788 4972 sicut
1807 4935 1850 4973 nic

218 5013 334 5083 quisque
357 5013 488 5069 nascitur.
515 5013 636 5069 Primum
659 5022 750 5069 autem
775 5014 854 5071 lrdem
870 5014 1007 5070 stellarum
1060 5015 1195 5070 suscitabit
1220 5014 1266 5068 tibi
1289 5015 1417 5068 Dominus
1447 5011 1518 5067 Deus
1539 5023 1599 5066 tuus
1615 5011 1719 5081 :ipsum
1739 5010 1849 5073 audies,

218 5103 381 5174 interpretes
393 5104 463 5176 magi
478 5104 888 5174 nuncupabantur:sieuttlehis
899 5104 1007 5174 legitur,
1061 5113 1089 5159 ut
1103 5105 1191 5175 petisti
1209 5121 1226 5157 o
1245 5102 1356 5157 Domino
1369 5102 1421 5156 Deo
1442 5112 1487 5157 tuo
1507 5101 1534 5155 in
1561 5100 1640 5167 Orci,
1656 5099 1762 5170 quaudo
1787 5115 1853 5152 corr·

220 5194 266 5263 qoi
287 5193 314 5247 iu
337 5193 485 5266 Evangelio
509 5193 646 5250 Christum
671 5203 763 5249 natum
788 5195 1006 5250 nuntiaverunt:
1061 5196 1180 5250 cunutus
1193 5210 1219 5248 es
1238 5202 1315 5264 utque
1336 5192 1426 5247 dixisti
1441 5208 1450 5246 :
1468 5189 1544 5245 Ultro
1569 5207 1621 5244 non
1637 5192 1745 5243 aridium
1761 5205 1851 5244 uocem

220 5290 313 5353 postea
336 5283 388 5339 boe
409 5285 518 5340 tremine
545 5285 593 5339 soli
618 5283 801 5339 Mathematici
820 5301 826 5338 :
843 5283 920 5354 cujus
943 5285 1009 5339 artis
1061 5286 1167 5341 Domini
1182 5284 1229 5338 Dei
1246 5284 1296 5337 moi
1309 5300 1317 5338 :
1330 5293 1355 5338 et
1376 5285 1462 5355 iprum
1483 5283 1551 5337 lunc
1570 5283 1714 5337 musinium
1736 5280 1853 5350 emplius

219 5372 334 5428 seleutia
359 5390 446 5444 usque
471 5374 503 5430 ad
524 5374 698 5445 Evarrgelium
725 5374 776 5428 luit
794 5389 922 5430 concessa
949 5391 955 5428 :
979 5381 1011 5428 ut
1062 5395 1113 5433 non
1134 5376 1235 5442 ridebo,
1251 5377 1404 5430 neruorior.
1429 5377 1463 5430 h't
1477 5378 1514 5432 uit
1533 5377 1661 5431 Dontiuus
1682 5375 1764 5429 otili:
1779 5373 1855 5431 Beue

221 5460 331 5517 Christo
345 5465 418 5520 edito
433 5479 513 5521 neruo
533 5466 631 5520 exinde
652 5464 821 5522 nativitatem
846 5463 960 5535 alicujus
977 5464 1010 5519 de
1062 5467 1151 5522 omniu
1170 5476 1231 5521 sunt
1254 5465 1346 5520 locuti.
1365 5465 1521 5536 Propltetont
1534 5467 1665 5521 suscitulo
1677 5467 1854 5522 eisdetrrcrlt'o

221 5559 319 5607 &tero
332 5553 567 5625 interpretaretur.
592 5555 749 5627 llorosropi,
769 5556 841 5626 quod
863 5555 1012 5625 perituras
1063 5558 1177 5628 [notrum
1196 5574 1303 5611 suornm
1328 5556 1441 5610 similent
1470 5556 1519 5621 tui,
1539 5567 1562 5611 et
1588 5574 1684 5628 porrum
1699 5557 1775 5610 nerto
1794 5574 1854 5614 uteo

220 5641 376 5699 nativitates
389 5645 526 5701 hortriuurn
539 5648 722 5717 speculantur,
732 5648 855 5704 dissimili
866 5656 893 5702 et
904 5647 1012 5704 diverso
1063 5650 1090 5702 in
1109 5665 1153 5703 ure
1172 5649 1229 5714 eius
1252 5649 1444 5721 :loqueturque
1465 5650 1499 5703 oti
1515 5666 1558 5704 eos
1584 5650 1682 5716 omnio,
1702 5664 1761 5718 quur
1787 5665 1859 5719 pru·-
