4042 6200
234 303 280 360 ιιι
570 299 602 356 Β.
621 297 747 354 ttlhhld
767 269 878 354 habui
895 293 1053 353 auehitur.
1076 295 1229 354 trudunt.
1250 295 1393 356 oluhbll
1412 298 1501 354 uuus
1518 298 1549 353 ιι.
1810 297 1863 355 ltu

232 418 359 490 palpitet,
376 413 455 487 enjus
473 411 573 468 indicio
584 418 629 465 aut
644 404 1025 477 infirmitatem'intelligimus
1041 410 1117 472 Alat
1130 428 1137 464 t
1151 410 1215 467 iude
1227 412 1261 467 ad
1274 411 1384 479 mulos,
1402 422 1570 482 caeterosque
1592 423 1688 467 seusus
1701 422 1730 467 et
1743 413 1867 469 membra

231 518 280 564 aut
294 506 418 564 salutern.
435 500 520 572 liujus
533 500 630 573 duplex
644 507 688 556 est
701 508 809 586 motus:
825 500 956 570 simplex,
977 500 1025 569 qui
1077 502 1238 559 diffunditur
1250 517 1258 556 a
1272 512 1300 558 ct
1312 503 1402 558 calore
1415 518 1465 562 suo
1479 502 1513 558 ad
1530 517 1560 558 se
1571 517 1681 557 succum
1693 517 1727 557 ex
1740 503 1801 558 cibo
1814 512 1869 558 tra·

232 614 266 654 ex
281 611 337 653 utro
354 594 424 649 saltu
443 599 568 648 constat:
588 583 770 660 mutpositus,
784 588 831 658 qui
850 585 892 643 ex*
903 588 1026 658 pluribus
1076 603 1150 650 caum
1170 595 1252 649 nonnata
1266 595 1293 648 in
1308 595 1483 666 sangninem,
1498 609 1577 664 qnam
1592 594 1625 648 nd
1640 601 1718 648 nsnrn
1732 595 1869 664 pascendo

233 689 351 746 motibus
362 685 532 741 inordinatus
543 690 570 737 et
595 679 737 760 inaequalis
754 679 856 734 existit.
871 677 922 745 Qui
937 685 1027 732 motus
1076 684 1273 755 nutriendoque
1298 684 1412 754 singulis
1437 684 1567 739 memhris
1588 684 1699 754 praehet.
1726 683 1754 738 lrr
1775 684 1871 754 jecore

234 790 309 839 certa
322 778 424 835 habeut
435 775 530 846 spatia.
548 770 698 843 bactplium
713 783 884 840 percussum.
906 767 1026 837 quandlu
1078 784 1168 831 autem
1181 774 1485 844 consistitroluptaset
1496 774 1715 843 concupiscentia
1730 774 1808 844 iuxta
1820 789 1869 831 eos

213 909 216 915 «
235 874 296 930 siae
311 870 376 927 vitio
390 875 463 924 sunt.
479 864 509 921 Si
520 863 628 935 quaudo
640 861 779 918 citatiores
792 869 870 924 sunt,
888 868 918 914 ut
931 859 1027 914 dorea-
1077 866 1123 935 qni
1138 865 1171 921 de
1185 865 1305 937 physicis
1318 864 1466 934 disputant.
1482 865 1511 937 ln
1522 862 1616 932 jecore
1635 871 1743 929 autem,
1763 864 1790 919 id
1810 873 1868 927 est,

234 964 411 1022 dacizuutes:
434 966 463 1013 et
481 955 614 1019 leuiores,
632 961 663 1008 ut
680 952 906 1015 mirmicizontes,
926 951 1022 1006 mortis
1078 954 1106 1009 in
1122 964 1201 1025 epate
1211 952 1420 1009 delectationem
1435 952 1493 1009 sire
1507 953 1754 1023 concupiscentiam
1766 953 1869 1025 signill-

233 1056 310 1127 sigua
333 1027 406 1107 suut.
421 1048 503 1105 Venae
524 1045 603 1102 dietae
620 1059 653 1099 eo
672 1044 743 1113 quod
763 1042 814 1098 rte
832 1042 887 1097 siat
908 1041 1028 1097 natantis
1078 1053 1167 1100 catam
1177 1059 1322 1114 posstnuus
1333 1043 1494 1116 intelligere.
1506 1043 1583 1100 Unde
1593 1053 1635 1099 est
1655 1044 1736 1110 illud,
1749 1045 1822 1116 quod
1839 1046 1869 1101 lu

233 1143 391 1217 sanguinis,
404 1148 485 1211 atoue
506 1138 556 1194 rivi
573 1152 621 1208 per
639 1150 719 1192 omne
738 1150 837 1206 eorpus
856 1134 950 1200 dirisi,
964 1134 1027 1204 qui·
1078 1133 1137 1207 lege
1154 1144 1320 1207 praeceptum
1340 1144 1384 1190 est
1398 1133 1501 1207 (teuit.
1516 1151 1563 1200 ιιι,
1577 1151 1603 1190 ιι
1614 1135 1640 1207 ),
1656 1151 1717 1191 curn
1732 1144 1827 1191 uentre
1840 1145 1870 1190 et

235 1238 288 1292 hus
313 1234 439 1290 nnimrsa
463 1230 585 1286 membra
608 1227 766 1299 irrigantur.
791 1223 893 1280 Dicitur
908 1231 936 1280 et
958 1238 1028 1278 rena
1077 1226 1189 1282 renibus
1207 1233 1235 1280 et
1254 1225 1333 1296 adipe
1352 1234 1457 1294 partem
1478 1224 1579 1293 iecoris
1599 1225 1655 1280 Deo
1672 1224 1762 1280 ollerri
1777 1241 1785 1280 ι
1803 1226 1868 1297 qtria

235 1341 322 1398 aapua,
344 1324 416 1380 uude
447 1320 509 1377 lous
540 1318 644 1376 ebullit.
668 1317 745 1386 Quod
768 1316 850 1371 etiarn
874 1314 1028 1385 significare
1078 1318 1323 1389 concupiscentiam
1350 1326 1472 1374 suestram
1494 1319 1580 1390 magis
1602 1319 1636 1375 ad
1660 1318 1708 1374 liei
1733 1335 1814 1390 quatu
1833 1320 1868 1374 ad

234 1424 323 1488 potest
338 1426 496 1486 processum
517 1410 611 1483 gratiae
632 1406 781 1479 spiritualis
794 1414 874 1477 atque
887 1405 1027 1461 doctrinae·
1054 1411 1171 1466 »mundi
1197 1410 1325 1466 debemus
1362 1417 1521 1465 convertere
1545 1410 1721 1466 voluntatem.
1756 1410 1869 1481 Legitur

235 1514 312 1572 Unde
328 1510 460 1581 scripturn
477 1516 520 1564 est
538 1507 565 1563 in
578 1504 724 1576 Sapientiae
743 1503 833 1559 libro:
849 1500 888 1557 su
902 1518 965 1557 uena
981 1510 1028 1553 tua
1079 1504 1150 1558 enim
1167 1503 1194 1556 in
1210 1501 1281 1557 libro
1295 1501 1387 1558 Tobiae
1401 1500 1410 1572 (
1424 1500 1487 1556 Tob.
1501 1502 1567 1576 ιι),
1584 1503 1656 1573 quod
1669 1502 1780 1572 augelus
1798 1518 1868 1574 pre-

234 1602 368 1658 benedicta
386 1596 478 1672 (Prae.
493 1598 532 1667 ι).
554 1596 588 1650 Et
600 1595 686 1650 alibi:
703 1591 776 1647 Vena
792 1591 929 1647 almutium
943 1607 1027 1662 aqua-
1079 1593 1183 1664 ceperit
1199 1591 1306 1657 Tobiae,
1325 1592 1428 1663 piscem
1453 1601 1561 1664 captum
1582 1602 1757 1659 exenterare,
1774 1602 1802 1648 et
1820 1608 1870 1648 cor

235 1706 309 1755 rum,
322 1689 375 1746 boc
390 1694 434 1744 est
452 1685 608 1757 sapientie,
630 1682 715 1738 dulcis
727 1683 838 1736 laauuua
850 1689 873 1735 et
895 1689 971 1749 potus
983 1695 1028 1734 ro·
1081 1683 1155 1753 ejus,
1173 1690 1202 1739 et
1216 1681 1252 1737 ιιι
1268 1691 1295 1737 et
1307 1682 1387 1754 jecur
1399 1683 1426 1737 in
1438 1683 1556 1740 cassidili
1574 1698 1722 1754 reponere,
1736 1685 1870 1756 jecurque

236 1781 330 1837 lubrie.
351 1778 468 1851 Sanguis
485 1792 518 1833 ex
539 1774 634 1831 oram
648 1774 811 1845 etymologia
824 1787 923 1828 nornen
936 1771 1028 1835 duxit,
1044 1770 1067 1830 ιι
1081 1783 1174 1846 postea
1188 1788 1222 1829 ex
1235 1782 1371 1845 praecepto
1384 1773 1472 1844 angeli
1485 1789 1567 1844 super
1588 1777 1720 1831 carbones
1732 1776 1808 1831 ιιιοι
1820 1791 1870 1847 po-

235 1871 307 1940 qnod
320 1877 460 1943 vegetetur
471 1876 501 1923 et
514 1866 682 1922 sustineatur
695 1875 723 1921 et
742 1866 825 1919 rirat.
849 1862 964 1935 Sanguis
982 1877 1030 1916 au·
1077 1879 1159 1930 nere,
1181 1871 1313 1933 quaenus
1334 1865 1495 1935 praevaleret
1517 1865 1665 1921 demonem
1686 1866 1815 1938 effugare.
1838 1866 1870 1922 lu

237 1974 291 2019 tent
308 1970 368 2028 est,
386 1961 451 2015 darn
472 1959 499 2014 iu
518 1971 634 2027 corpure
653 1964 715 2012 est:
738 1954 839 2012 elhrsus
860 1971 925 2010 uero
948 1969 1029 2008 cruor
1073 1954 1167 2025 iecore
1185 1956 1274 2022 enim,
1294 1956 1372 2027 cujus
1388 1953 1485 2012 ardore
1502 1957 1605 2027 accepti
1623 1957 1675 2013 eibi
1689 1956 1716 2011 iu
1728 1958 1870 2014 stomacho

235 2052 346 2108 elicitur.
373 2048 441 2104 Nam
465 2063 547 2104 eruor
568 2055 682 2104 vocatos
703 2047 738 2102 ab
762 2061 810 2111 eo,
832 2044 904 2115 quod
927 2043 1029 2100 ellusus
1077 2055 1275 2117 excoquuntur,
1287 2047 1425 2114 docemur,
1437 2056 1468 2103 ut
1479 2048 1637 2102 maturitate
1646 2046 1751 2102 mositii
1763 2047 1871 2103 studea·

236 2144 376 2202 decurrit:
399 2142 443 2199 rel
464 2141 498 2197 ab
520 2155 569 2207 eo,
592 2140 663 2210 quod
682 2138 818 2194 currendo
837 2144 956 2193 corruat.
978 2135 1030 2190 llil
1078 2154 1139 2195 mus
1153 2137 1341 2193 lluuascaruis
1380 2138 1556 2209 cogitationes
1566 2138 1599 2193 ad
1611 2154 1708 2209 parurn
1717 2153 1871 2209 excoquere

235 2247 362 2289 cruorem
380 2230 595 2301 interpretantur
610 2227 770 2300 sanguinem
787 2233 961 2296 corruptum,
982 2224 1029 2294 quii
1079 2236 1108 2283 ct
1126 2228 1154 2283 in
1173 2242 1310 2284 secessum
1329 2228 1453 2295 mittere,
1469 2243 1503 2283 ue
1516 2228 1586 2285 lorte
1600 2227 1706 2285 diabalo
1726 2229 1753 2284 in
1772 2229 1869 2285 cubili-

236 2328 379 2383 emittitur.
394 2324 447 2380 lilii
465 2324 540 2378 aiunt
554 2329 679 2378 uocatum
694 2319 870 2390 sangninem,
884 2318 955 2388 quod
967 2332 1031 2372 sua·
1079 2319 1131 2375 hus
1144 2318 1267 2375 cordium
1282 2327 1438 2376 uestrorum
1453 2319 1654 2375 consentiamus
1665 2318 1812 2382 ullomodo
1826 2319 1870 2375 lo·

237 2419 280 2475 ris
292 2419 340 2474 sit.
354 2393 470 2487 Sanguis
481 2421 572 2469 autem
591 2413 696 2483 integer
708 2427 761 2467 non
774 2418 832 2475 est,
847 2409 899 2465 nisi
914 2409 942 2463 iu
953 2406 1032 2477 jure·
1079 2399 1142 2464 cum
1165 2408 1283 2466 ιιιιιιιιι
1304 2409 1353 2465 sed
1374 2410 1460 2481 magia
1482 2411 1578 2467 robore
1599 2410 1660 2466 lldei
1683 2419 1711 2466 et
1730 2410 1871 2467 sacrarum

237 2509 330 2565 nibus.
351 2505 421 2562 Natu
445 2506 540 2560 dieunt
562 2502 667 2573 physici
692 2501 776 2556 minui
800 2500 959 2570 sanguinem
982 2512 1031 2568 per
1080 2500 1234 2564 orationum
1253 2498 1414 2557 festinemus
1436 2516 1498 2556 eum
1518 2500 1592 2558 lorus
1614 2502 1760 2572 expellere.
1783 2501 1873 2557 Fibrae

236 2606 356 2653 aetatem.
383 2593 461 2651 Unde
482 2600 510 2648 et
532 2591 559 2646 iu
583 2590 695 2646 senibus
720 2598 822 2645 tremor
842 2596 894 2643 est.
919 2584 1032 2655 Proprie
1078 2588 1180 2659 jecoris
1197 2598 1261 2645 sunt
1274 2589 1478 2655 extremitates,
1493 2590 1565 2647 sicut
1582 2599 1713 2648 extreme
1725 2601 1818 2662 partes
1830 2590 1872 2649 lo-

236 2686 348 2759 sanguis
369 2684 467 2740 aubnae
488 2680 625 2753 possessio
645 2687 698 2734 cst.
721 2677 786 2733 lude
805 2693 888 2750 genas
909 2676 1032 2731 ιιιιιιιι
1080 2680 1179 2735 lioruru
1192 2681 1323 2746 intibiis,
1336 2682 1483 2752 sirequasi
1496 2681 1595 2751 lingue
1605 2684 1765 2740 eminentes.
1779 2684 1873 2742 bians

215 2833 219 2836 .
238 2777 366 2833 mulieres
383 2774 411 2830 in
431 2774 504 2829 luctu
522 2772 620 2829 solent.
637 2770 715 2827 Unde
728 2777 756 2824 et
770 2782 912 2839 purpurae
926 2775 1031 2833 restas,
1081 2777 1172 2824 auteur
1194 2769 1295 2836 libras,
1313 2770 1385 2840 quod
1402 2772 1473 2841 apud
1487 2771 1601 2842 gentiles
1618 2773 1645 2828 in
1668 2774 1754 2830 sacris
1774 2773 1871 2830 uanus

91 2887 103 2898 .
216 2880 265 2926 Ιιι
279 2869 359 2924 llores
373 2863 502 2939 purpurei
531 2863 644 2919 mortuis
663 2860 828 2933 praebentur.
849 2857 967 2929 Sanguis
983 2856 1033 2912 ali·
1082 2860 1116 2916 ad
1130 2875 1193 2917 aras
1211 2859 1369 2917 terebantur
1385 2862 1420 2918 ab
1434 2862 1543 2930 ariolis,
1560 2864 1658 2933 auibus
1676 2864 1872 2935 oblatisatque
1971 2923 1975 2928 .

238 2961 348 3031 apuando
360 2963 561 3014 sammuenturu
573 2953 720 3010 Dominieae
729 2951 864 3023 passionis
876 2949 1033 3024 significata
1082 2952 1221 3009 succensis
1241 2967 1370 3022 responsa
1390 2954 1554 3024 acciperent.
1573 2953 1623 3010 Cui
1640 2956 1710 3012 bene
1727 2937 1870 3023 caniano,

238 3062 268 3108 ut
284 3060 327 3109 ist
344 3049 410 3107 illud
429 3046 579 3105 Salvatoris
592 3045 619 3101 in
637 3043 783 3116 Evangelio
797 3061 804 3099 :
818 3041 887 3099 Caro
901 3058 959 3097 mea
973 3058 1032 3096 aere
1083 3044 1156 3117 quod
1168 3058 1250 3115 supra
1265 3044 1382 3101 diximus
1397 3043 1498 3115 jecoris
1509 3053 1614 3117 partem
1631 3046 1687 3104 [leo
1704 3046 1795 3105 οιιιιιι
1809 3046 1872 3118 jus·

237 3157 276 3199 est
290 3142 363 3199 cibus
374 3154 384 3194 .’
395 3149 421 3195 et
435 3137 545 3209 sanguis
559 3152 631 3192 auat
644 3150 703 3191 uere
714 3144 752 3190 eat
766 3142 842 3206 potua
856 3131 959 3207 (doun.
973 3147 999 3187 ιι
1010 3132 1031 3203 )·
1046 3134 1068 3196 C
1084 3151 1141 3193 sam
1155 3155 1161 3190 ι
1176 3145 1207 3190 ut
1220 3135 1275 3192 Deo
1288 3137 1379 3205 potius
1389 3135 1531 3200 offeratur,
1546 3140 1619 3209 quod
1630 3155 1710 3195 suum
1719 3148 1777 3205 est,
1790 3155 1872 3213 quatu

239 3237 308 3291 hain
327 3241 357 3290 et
374 3232 403 3289 iu
421 3229 481 3300 lege
497 3234 662 3301 preceptum
681 3234 723 3282 est
737 3224 747 3300 (
759 3225 846 3280 Eead.
861 3223 920 3297 ιιι)
933 3222 1033 3295 populo
1082 3224 1161 3282 idolis
1175 3226 1252 3283 ranis
1265 3235 1292 3282 et
1305 3227 1408 3291 surdis,
1425 3227 1453 3283 iu
1468 3228 1567 3298 quibus
1579 3229 1636 3285 sola
1653 3228 1728 3287 lraus
1744 3238 1772 3286 et
1789 3230 1871 3287 decc·

240 3324 407 3390 israelitico,
427 3329 459 3377 ut
478 3321 512 3378 de
527 3318 657 3390 sangnine
676 3319 738 3388 agni
753 3316 887 3387 paschalis
900 3324 1033 3387 ponerent
1081 3318 1138 3389 ptio
1156 3326 1207 3375 est.
1229 3317 1311 3389 Splen
1328 3319 1431 3376 diuum
1450 3334 1465 3374 a
1486 3320 1673 3391 supplemento
1687 3337 1721 3379 ex
1735 3323 1871 3379 contraria

240 3431 324 3486 super
341 3423 486 3482 utrumque
502 3416 663 3483 postem,et
676 3409 703 3465 in
723 3407 974 3478 superliminaribus
985 3408 1033 3463 do·
1083 3419 1160 3480 parte
1183 3408 1301 3479 jecoris,
1327 3410 1353 3466 in
1378 3426 1465 3467 uacua
1486 3412 1624 3468 existeret.
1650 3413 1735 3480 Quem
1761 3414 1872 3485 quidam

239 3518 362 3567 ruorutn,
376 3500 515 3573 inquibus
533 3499 635 3571 pascha
647 3497 782 3563 edebant,
798 3504 931 3566 quatenus
943 3502 1033 3551 exter·
1082 3499 1165 3556 etium
1182 3499 1254 3557 risus
1273 3516 1357 3557 eausa
1379 3501 1482 3559 lactum
1502 3504 1668 3561 existimant
1690 3505 1758 3561 llam
1779 3506 1874 3577 splene

240 3591 382 3647 urinatoris
396 3589 535 3646 excidium
548 3595 658 3657 possent
671 3587 798 3642 evadere.
815 3585 863 3642 Sic
877 3592 907 3640 et
921 3583 1033 3656 sanguis
1082 3591 1213 3647 ridemus,
1266 3597 1387 3648 arnonae
1411 3594 1495 3649 ariam
1519 3594 1577 3651 nnn
1599 3595 1714 3655 arpenta
1738 3594 1873 3652 ainornm

240 3682 342 3739 Christi
356 3681 469 3737 mundat
495 3679 689 3737 muscientiam
709 3687 831 3734 nostram
851 3676 886 3733 ab
906 3677 1033 3748 operibus
1082 3694 1148 3747 nos,
1170 3686 1201 3734 ut
1221 3695 1275 3737 uon
1300 3696 1368 3736 rana
1392 3680 1485 3737 laetitia
1507 3684 1616 3751 mundi,
1638 3685 1686 3740 sed
1708 3684 1735 3741 in
1757 3684 1875 3740 Domino

241 3771 356 3827 rttortuis
375 3770 410 3826 ad
426 3769 599 3826 serviendum
618 3767 674 3824 Deo
692 3767 807 3832 virenti,
823 3774 851 3823 et
870 3766 967 3822 liberat
982 3781 1034 3849 uos
1082 3770 1234 3826 exultemus
1249 3778 1277 3826 et
1291 3770 1435 3841 laetentur:
1454 3787 1489 3828 ne
1507 3788 1577 3828 runo
1590 3774 1655 3829 risui
1674 3790 1723 3830 ora
1741 3775 1874 3832 dissolua-

240 3860 274 3918 de
287 3868 419 3933 potestate
442 3859 545 3914 inimici
564 3866 592 3914 et
609 3858 799 3929 persecutione
815 3858 902 3912 bostis
926 3856 1033 3928 antiqui
1083 3874 1153 3916 mus.
1168 3859 1207 3916 lle
1222 3875 1276 3931 quo
1291 3859 1431 3932 Sapientia
1444 3863 1510 3920 dicit
1524 3883 1531 3918 :
1551 3863 1644 3920 Rham
1660 3865 1784 3936 deputari
1801 3884 1875 3922 erro

158 4023 161 4029 .
240 3951 331 4027 (ιιιι.
344 3968 371 4009 ιι
382 3950 405 4025 ).
423 3950 491 4007 item
507 3949 535 4005 ιι
546 3949 627 4005 aliam
640 3958 745 4020 partem
766 3948 877 4020 sanguis
897 3949 1033 4021 signibea-
1083 3949 1321 4023 seutentiam
1337 3953 1385 4009 sed
1400 3953 1874 4026 magisluctuinpresentiweulo

240 4045 280 4107 tio
300 4044 418 4111 ducitur,
442 4057 505 4098 eum
528 4049 576 4096 aut
597 4040 782 4111 operationem
805 4040 963 4105 carnalem,
986 4049 1033 4096 aut
1083 4052 1177 4100 nostra
1194 4052 1306 4115 peccata
1323 4043 1477 4111 deleamus,
1498 4054 1529 4102 ut
1548 4048 1575 4102 in
1594 4046 1685 4104 lutura
1704 4049 1759 4104 vita
1770 4057 1875 4105 aeterno

240 4139 441 4211 corruptionem
460 4136 585 4194 mortabs
602 4145 707 4193 natare
718 4136 862 4209 siguificat.
878 4134 954 4193 Unde
967 4136 1034 4193 Pro-
1082 4134 1181 4207 gaudio
1193 4132 1325 4190 fruamur.
1343 4134 1419 4191 Unde
1433 4136 1565 4206 scripturn
1579 4144 1642 4192 est:
1657 4136 1735 4193 Beati
1757 4138 1802 4209 aui
1827 4136 1873 4193 lu·

239 4233 322 4304 pheta
335 4241 463 4304 precatur
474 4230 620 4287 homiuum
632 4244 641 4284 a
654 4228 748 4285 Libera
760 4246 801 4285 nte
814 4229 847 4284 de
861 4230 1033 4301 sanguinibus
1083 4234 1142 4297 aaut
1161 4241 1247 4293 atuor,
1263 4225 1390 4296 quoniam
1407 4226 1458 4297 ipsi
1476 4225 1682 4283 cansolabuntur
1695 4228 1705 4301 (
1717 4227 1811 4283 lluttlt.
1825 4228 1873 4299 r).

240 4320 397 4377 Deuafleua
410 4319 503 4376 salutis
524 4337 588 4377 mem
610 4315 709 4392 (Paul.
723 4319 770 4392 ι).
794 4319 830 4375 Et
848 4320 966 4377 lterum:
988 4319 1032 4375 Vi·
1083 4318 1158 4375 Felle
1181 4319 1337 4387 irascimur,
1353 4320 1436 4377 corde
1459 4321 1598 4389 sapimus,
1621 4322 1714 4391 iecore
1739 4336 1873 4377 amamus.

241 4428 317 4478 rum,
342 4411 445 4482 inquit,
464 4413 623 4482 sanguinum
645 4420 670 4466 et
692 4409 813 4465 datarum
839 4411 1034 4466 abominabitur
1084 4412 1188 4481 Quibus
1210 4421 1328 4485 quatuor
1347 4413 1489 4471 elementis
1509 4412 1714 4476 constantibus,
1740 4412 1875 4485 integrum

243 4501 371 4556 Danainus
385 4500 395 4573 ι
408 4499 484 4556 Paul.
499 4501 547 4574 ι).
560 4501 608 4556 ιιι
619 4500 730 4573 quidem
742 4501 903 4571 sanguinum
915 4510 973 4567 est,
984 4502 1032 4572 qul
1047 4491 1071 4550 D
1083 4510 1127 4559 est
1141 4503 1252 4569 animal.
1278 4502 1326 4559 ιιι
1346 4502 1526 4574 appellatum,
1546 4501 1619 4573 quod
1632 4502 1669 4557 sit
1682 4500 1817 4557 lolliculus
1830 4516 1878 4572 ge-

242 4592 360 4647 ltumanu
374 4606 472 4648 eruore
486 4590 634 4662 polluitur:
649 4605 700 4647 nec
713 4605 767 4646 non
781 4599 809 4646 et
824 4590 885 4657 ille,
899 4592 946 4662 qui
961 4592 1034 4648 deci·
1085 4605 1162 4654 stans
1176 4597 1337 4663 homnem,
1350 4597 1397 4667 qui
1411 4603 1525 4652 vocatur
1537 4595 1609 4651 hilis.
1624 4592 1672 4650 Fel
1678 4594 1757 4660 eninr
1773 4592 1875 4649 amari·

240 4681 282 4752 pit
295 4680 393 4736 virum.
410 4680 616 4751 Etbpostolus:
631 4677 700 4735 Cara
712 4683 853 4752 mirapeis
864 4698 971 4751 regnunt
986 4680 1034 4737 bai
1085 4687 1208 4743 tudinem
1228 4693 1257 4741 et
1277 4684 1449 4743 dolositatem
1465 4700 1602 4757 perversae
1615 4683 1714 4739 mentis
1727 4683 1874 4755 signifieat.
1895 4736 1896 4739 ,

242 4770 476 4843 nonpoaaidebunt
491 4783 595 4842 :nequa
609 4771 742 4840 corruptio
756 4771 956 4841 incorruptelam
974 4787 1035 4842 por·
1087 4779 1164 4837 undo
1188 4780 1286 4839 hoping
1311 4758 1419 4836 pen-ug
1440 4776 1578 4849 mining
1604 4774 1638 4853 gd
1663 4772 1802 4831 simonem
1826 4788 1877 4844 per
1921 4808 1928 4817 ,

241 4859 335 4918 ridebit
350 4859 385 4933 (l
401 4858 463 4915 Cor.
477 4859 544 4931 xv).
559 4858 654 4914 Pulmo
667 4874 700 4913 cx
715 4858 810 4917 Graeco
824 4861 1035 4919 trahitroeabu·
1085 4870 1208 4927 fraudem
1229 4870 1343 4942 gratiam
1363 4868 1481 4939 Spiritus
1499 4866 1587 4924 ιιιιιι
1601 4865 1725 4936 accipere
1739 4863 1876 4922 volentem

221 4951 308 5021 lum.
330 4950 419 5010 Greci
440 4950 513 5006 enirn
534 4948 688 5022 pulmonem
710 4964 846 5022 pneumon
871 4960 970 5009 vocant
982 4969 1032 5020 eo.
1087 4960 1146 5016 alta
1163 4959 1197 5015 lu
1211 4959 1271 5032 salte
1283 4961 1352 5015 emat
1366 4957 1552 5014 amaritudinis
1565 4966 1590 5012 et
1603 4954 1761 5027 obligatione
1778 4956 1876 5026 iniqui·

243 5046 315 5118 quud
326 5043 463 5103 flabellum
477 5042 582 5109 cordis,
594 5041 621 5097 in
632 5056 686 5112 quo
697 5056 830 5112 tinellum.
845 5042 871 5099 ld
882 5052 940 5106 esi.
955 5044 1035 5114 spin-
1087 5052 1149 5107 tatia
1161 5051 1235 5107 uideo
1245 5060 1270 5105 te
1281 5065 1336 5105 assa
1346 5048 1420 5121 (Act
1435 5064 1482 5105 ιιιι
1490 5046 1511 5121 ).
1524 5046 1595 5104 ilinc
1605 5053 1634 5103 et
1645 5046 1673 5101 iu
1684 5044 1735 5102 lob
1746 5046 1780 5101 de
1791 5044 1875 5117 impio

222 5198 224 5205 Α
244 5150 288 5195 tus
309 5138 396 5207 uest,
409 5150 524 5211 proquo
541 5136 678 5210 agitantur
693 5145 721 5192 et
736 5142 889 5191 morentur.
909 5135 987 5194 Unde
1006 5145 1035 5193 et
1085 5140 1218 5211 scripturn
1238 5147 1298 5196 est:
1315 5135 1398 5193 Panis
1412 5137 1484 5193 itlius
1498 5138 1526 5192 in
1546 5145 1620 5191 utero
1639 5135 1697 5205 ejus
1719 5126 1831 5189 bortatur
1847 5132 1877 5186 in
1902 5138 1906 5157 ¹

244 5228 384 5300 pulmones
397 5228 485 5284 vocati
498 5236 571 5284 suut.
586 5224 655 5292 Nam
675 5225 769 5281 Grece
788 5240 902 5295 pneuma
923 5227 1034 5298 spiritus
1088 5230 1123 5300 fet
1137 5231 1259 5299 aspidum
1273 5230 1429 5284 intrinsecus
1444 5227 1525 5301 (ιιι.
1539 5244 1575 5283 xx
1587 5226 1616 5299 );
1639 5228 1667 5282 id
1686 5234 1742 5295 ost,
1764 5227 1878 5281 muetos

243 5318 827 5392 dieitur,quidandoetexagitandonercm
839 5318 978 5372 ernittitrt
992 5334 1033 5373 re
1088 5320 1250 5376 transitorie
1275 5318 1464 5375 delectationis
1488 5319 1515 5374 in
1545 5318 1733 5374 retributionis
1760 5316 1815 5370 bne
1841 5315 1878 5369 ad

245 5412 326 5483 cipit,
337 5429 353 5468 a
363 5430 418 5484 quo
428 5409 721 5484 moventurpulmoues
731 5418 760 5466 et
777 5409 918 5480 palpitant,
937 5419 963 5464 et
974 5424 1035 5480 ape-
1087 5412 1296 5468 amaritudinem
1310 5420 1443 5467 vertetur.
1459 5411 1535 5468 Tune
1549 5411 1651 5468 etenim
1666 5409 1752 5481 iniqui
1766 5408 1876 5471 rident,

245 5505 339 5561 rieudo
350 5519 393 5571 se,
406 5514 436 5561 ut
445 5502 537 5560 hatum
549 5502 657 5574 capiant
669 5521 675 5557 ε
689 5500 858 5571 stringendo,
871 5510 901 5555 ut
911 5501 1032 5572 ejiciant.
1086 5502 1158 5573 qrrod
1178 5500 1283 5572 antiqui
1304 5501 1438 5571 serpentis
1451 5516 1557 5557 veneno
1570 5499 1705 5556 interlecti
1719 5504 1799 5564 sunt,
1814 5511 1880 5553 curu
1952 5488 1958 5493 ’

247 5593 293 5647 Est
311 5595 383 5649 enirn
395 5590 517 5666 corporis
527 5610 668 5667 organum.
689 5595 770 5651 Jecur
781 5609 878 5649 nomeu
898 5592 977 5648 hahet
989 5606 1033 5654 eo,
1087 5592 1204 5663 dammis
1217 5590 1360 5653 ultricibus
1372 5591 1463 5646 traditi
1476 5606 1537 5646 cum
1549 5592 1644 5649 codem
1655 5604 1705 5645 suo
1717 5600 1882 5659 persttasore

247 5684 317 5751 anau
329 5685 398 5756 ignis
408 5686 444 5741 ibi
456 5686 553 5741 habeat
565 5687 671 5747 sedern,
685 5686 729 5755 qni
746 5684 773 5738 in
784 5682 924 5740 cerebrum
938 5680 1036 5737 subtu-
1087 5682 1253 5740 cruciantur.
1266 5680 1329 5736 Sire
1343 5681 1422 5752 panis
1435 5681 1507 5737 illins
1520 5682 1546 5737 in
1561 5692 1638 5738 utero
1648 5678 1705 5748 ejus
1720 5679 1746 5733 io
1757 5676 1792 5733 ιιι
1807 5676 1886 5747 aspri-
