4042 6200
197 395 247 450 τῇ
513 383 544 439 Β.
562 378 691 436 usuam
707 376 817 435 dauid
835 374 995 442 metitur.
1013 361 1428 429 docuerurssuuueatts
1442 361 1486 418 tlt.
1771 361 1830 420 τῖε,

193 508 257 578 juro
270 512 294 558 te
307 516 354 572 per
365 496 449 554 Deum
462 492 557 560 ιίιιιιιι,
568 500 596 546 ut
613 491 686 547 dicus
700 487 774 544 ociis
788 487 812 542 si
827 496 856 541 ιιι
870 501 897 540 es
911 483 988 550 Cbri-
1001 485 1029 546 Α
1040 477 1110 542 saltu
1121 475 1192 535 velle
1203 475 1327 538 transire,
1341 471 1471 574 sapientis
1479 478 1577 534 ,auum
1600 471 1635 530 ad
1650 469 1765 543 ,pinnum
1782 470 1834 530 731

196 609 254 656 rtur
264 585 537 668 iactabantque
548 581 764 653 malequaerebat
773 573 986 647 inveniro,quod
1035 574 1145 640 penum
1157 563 1301 629 divertere,
1317 562 1355 617 ita
1368 576 1415 631 qut
1428 567 1538 630 peccata
1552 568 1682 630 qivantum
1698 561 1768 618 ualet
1782 561 1835 618 de·

197 686 309 759 rogabat
328 697 382 739 uon
402 678 510 744 meruit,
533 683 562 731 at
583 671 707 743 discipuli
726 671 772 741 qui
793 684 824 726 se
847 665 986 724 humiliter
1036 658 1127 722 olioat,
1143 657 1242 713 tianeus
1256 671 1291 713 no
1302 653 1455 710 involvatur
1467 653 1556 720 malis,
1570 654 1678 724 sapiens
1688 663 1740 710 cei.
1756 655 1834 711 siut.

196 781 299 839 auditui
313 775 436 835 veritatis
450 771 636 834 subdiderant,
655 772 766 835 accepta
786 762 903 835 Spiritus
924 774 986 831 gra-
1037 759 1081 808 tus
1092 757 1183 805 autem
1197 748 1241 804 ille
1256 746 1301 820 qui
1317 744 1493 816 contemptim
1508 754 1613 845 peccat,
1625 743 1768 801 blandiens
1777 745 1834 801 sibi

198 875 257 940 tia,
282 886 336 928 non
358 863 525 924 solummodo
544 859 682 917 Christum
705 856 752 912 bei
770 854 868 910 Filium
887 867 987 926 cogno
1036 840 1101 912 (ittie
1115 847 1162 895 aut
1173 834 1317 941 posteriori
1334 845 1454 905 tempure
1470 842 1659 937 poententiam
1671 841 1744 937 'agat
1756 849 1836 892 coru-

197 977 282 1029 scere,
298 960 347 1016 sed
359 965 387 1013 et
398 955 488 1011 abdita
503 950 706 1020 seripturarum
717 945 867 1017 intelligere
880 952 988 999 merue-
1037 933 1193 995 missorum,
1216 937 1264 984 1111
1284 943 1307 984 tr
1330 934 1442 998 repente
1453 933 1594 992 momatur,
1614 923 1722 981 loruter
1734 940 1835 997 pretias

199 1062 271 1110 rorat.
294 1049 348 1106 Sed
365 1055 393 1104 et
410 1054 474 1101 tune
486 1041 606 1100 doctrina
623 1037 796 1110 prudentium
814 1031 901 1090 incidis
915 1038 985 1098 erat,
1037 1020 1118 1078 iuieri
1138 1019 1258 1076 suderat.

199 1147 307 1220 quaudo
331 1141 471 1200 Cornelius
495 1152 556 1193 cum
580 1134 660 1191 domo
684 1146 732 1187 sua
755 1138 784 1184 et
806 1125 896 1183 meri
919 1123 987 1180 tales
1073 1110 1218 1184 Impatiens
1244 1110 1395 1182 opmeduur
1415 1107 1567 1210 stultitiam,
1599 1118 1624 1163 et
1644 1109 1686 1164 uir
1710 1119 1834 1210 uramus

198 1240 310 1296 uerbum
323 1231 461 1289 humiliter
470 1227 626 1300 audientes,
644 1235 707 1278 mor
719 1216 877 1283 credebant,
896 1223 926 1271 et
942 1228 989 1270 ae·
1038 1203 1145 1259 edictus
1159 1212 1207 1258 ιιι.
1227 1198 1456 1303 Repmberislbrlu
1472 1197 1581 1303 pardem
1596 1204 1638 1253 est
1651 1197 1732 1253 bomo
1745 1214 1834 1269 impa-

199 1338 279 1401 eepto
301 1324 404 1398 Spiritu
426 1327 520 1378 saneto
539 1315 637 1388 linguis
658 1312 838 1383 loquebantur
849 1308 986 1365 omuibus.
1039 1296 1121 1362 little,
1133 1294 1181 1351 ted
1193 1293 1278 1350 multo
1296 1306 1372 1365 peior
1390 1301 1418 1347 et
1438 1288 1627 1397 odrcsror‘llec
1639 1297 1683 1345 est
1695 1298 1833 1396 versutus,

200 1421 276 1476 Neruo
297 1429 404 1488 quoque
431 1408 582 1467 doctrinam
609 1403 670 1459 ulei
702 1400 842 1459 catholicae
869 1397 989 1469 prudeus
1038 1391 1146 1446 umetsi
1161 1388 1232 1460 apud
1250 1387 1374 1442 homines
1393 1384 1489 1488 modim
1506 1391 1655 1487 memoretur
1694 1382 1739 1439 dle
1758 1398 1833 1439 emm

199 1514 314 1583 unisque
338 1508 401 1565 dum
428 1501 624 1564 catechizatur,
647 1495 727 1551 lacile
752 1491 875 1565 percipit,
906 1504 988 1560 quam
1038 1476 1484 1554 palaurcmnibussuamostendrt
1497 1473 1651 1541 stultitiam,
1668 1483 1721 1531 rste
1739 1482 1833 1530 numm

201 1601 332 1666 bmrctici,
352 1598 416 1670 quia
430 1608 558 1669 perverse
574 1594 711 1662 quaerunt,
724 1599 862 1656 nunquam
875 1593 1010 1668 prorsus)
1038 1589 1101 1630 curu
1115 1573 1151 1629 sit
1162 1571 1243 1628 corde
1257 1584 1402 1641 perversus
1419 1581 1491 1639 saepe
1508 1565 1710 1637 simplicitatem
1723 1566 1835 1622 simulat

200 1693 349 1751 irrueniuut.
1038 1673 1067 1721 et
1075 1663 1219 1737 justitiam,
1233 1673 1315 1733 atquo
1329 1660 1400 1731 apud
1410 1661 1557 1722 humanum
1564 1657 1698 1728 iudicium
1707 1667 1833 1714 sanctum

239 1783 313 1839 Vade
329 1789 421 1837 contro
433 1779 518 1834 uirum
530 1772 638 1830 stultum
649 1780 676 1827 et
690 1769 768 1827 aurit
785 1766 855 1822 lubic
875 1763 989 1838 prudeu-
1040 1770 1071 1812 se
1083 1755 1137 1812 dici
1148 1752 1276 1819 delectat,
1287 1767 1349 1809 oum
1362 1750 1398 1808 sit
1411 1750 1502 1808 divino
1516 1750 1641 1807 maurino
1654 1751 1726 1808 iuter
1736 1764 1834 1820 repro-

200 1879 244 1931 tim
257 1873 396 1946 sapientia.
420 1870 483 1925 ldco
500 1865 606 1924 derisor
619 1860 780 1934 sapientiam
796 1872 877 1929 quam
893 1854 990 1926 quaerit
1002 1849 1027 1909 B
1039 1847 1090 1905 bos
1102 1846 1261 1902 aestimatus.

201 1984 256 2024 aron
267 1964 377 2028 invenit,
393 1961 455 2034 quia
475 1958 527 2015 etsi
542 1963 635 2029 aperte
648 1961 743 2009 contra
757 1950 830 2007 illius
846 1945 989 2003 stultitiam
1075 1939 1204 1996 docebunt
1221 1936 1286 1992 moli
1300 1945 1362 1992 oute
1375 1935 1454 1992 donce
1470 1944 1495 1991 et
1511 1935 1587 2007 impii
1606 1944 1667 1991 aute
1685 1944 1775 2008 portas
1786 1935 1834 2006 je-

201 2056 363 2130 disputando
374 2054 492 2120 incedas,
508 2050 595 2108 nescit
610 2045 760 2117 intelligere
783 2057 843 2114 quae
864 2040 943 2106 dicia,
960 2045 991 2094 ut
1040 2039 1151 2086 tterttat.
1177 2026 1207 2082 ln
1232 2023 1494 2128 novissimojudicio
1507 2024 1742 2128 coronatis'justis
1762 2026 1834 2081 dam-

201 2145 283 2205 brius
298 2140 343 2213 qui
362 2140 474 2196 verbum
507 2129 793 2193 consubstantialitatis
812 2130 840 2184 in
861 2127 942 2183 Patre
962 2132 991 2182 et
1041 2119 1178 2176 murator
1199 2116 1319 2188 reproba,
1342 2130 1388 2187 qur
1408 2129 1456 2171 ecs
1475 2130 1502 2169 m
1521 2123 1649 2184 presenti
1663 2114 1832 2185 premebant,

201 2235 292 2301 tutto,
311 2244 444 2304 nusquam
468 2227 669 2299 Scripturamm
691 2219 806 2278 inveniri
825 2233 905 2290 prosse
924 2231 990 2273 cou-
1041 2207 1198 2282 mrodenim
1211 2206 1372 2272 aitante,id
1385 2213 1427 2261 est
1449 2205 1648 2261 autebonosct
1664 2213 1729 2261 arrte
1742 2216 1833 2276 portam

203 2326 338 2389 tundebat,
352 2336 419 2389 cum
442 2319 467 2375 ei
488 2315 630 2373 manifeste
650 2311 782 2383 scriptum
802 2307 989 2378 objiceretur:
1039 2301 1190 2371 iustorum,
1204 2313 1259 2354 non
1273 2297 1307 2354 ad
1321 2297 1487 2353 vicinitatem
1504 2295 1567 2364 loci,
1585 2297 1632 2353 scd
1651 2297 1686 2354 ad
1702 2298 1832 2355 visionem

203 2417 260 2488 Epo
275 2424 299 2470 et
314 2412 395 2467 Peter
411 2424 492 2465 uuum
506 2422 597 2462 sumus
613 2403 703 2476 (loun.
722 2400 770 2474 x);
788 2408 816 2457 et
830 2417 837 2454 ι
850 2397 922 2454 licus
935 2404 992 2452 erut
1041 2391 1160 2464 pertinet
1179 2392 1321 2455 bonomm,
1334 2389 1397 2459 quia
1416 2387 1549 2443 malorum
1571 2396 1705 2443 tormenta
1728 2405 1834 2460 semper

207 2504 319 2560 Verium
340 2499 431 2572 (douo.
452 2498 495 2570 ι),
516 2503 544 2551 et
562 2502 659 2550 cetera
679 2490 754 2546 talia.
782 2489 845 2545 ldeo
867 2485 991 2543 doctrina
1042 2484 1185 2555 aspiciunt,
1201 2489 1232 2536 ut
1247 2478 1364 2550 majores
1376 2478 1494 2549 ereptori
1511 2494 1561 2534 suo
1581 2479 1681 2551 gratias
1701 2480 1762 2535 siae
1782 2481 1836 2535 litte

203 2591 375 2672 prudentium
390 2585 476 2642 lacilis
493 2592 543 2648 est,
558 2583 621 2652 quia
634 2580 705 2636 labia
722 2579 873 2651 prudentiae
887 2576 993 2648 sapien·
1043 2575 1172 2633 reserant.
1194 2574 1271 2631 Unde
1289 2574 1322 2630 de
1338 2572 1390 2629 illis
1411 2572 1514 2628 isaias:
1530 2571 1565 2626 Ει
1581 2572 1745 2644 egredientur
1761 2581 1786 2626 ιι
1802 2572 1836 2626 ri-

205 2686 254 2750 tia,
269 2682 359 2745 idest,
373 2677 435 2748 quia
449 2676 521 2731 labia
532 2686 698 2745 quaecunque
709 2671 858 2741 prudentiae
870 2667 994 2724 modera·
1043 2666 1150 2732 debunt,
1162 2664 1259 2736 inquit,
1273 2663 1400 2718 cadavera
1410 2664 1526 2718 uirorum
1537 2661 1584 2733 qui
1593 2662 1761 2733 prevaricati
1775 2671 1834 2717 aaut

205 2772 278 2828 mine
300 2776 449 2840 reguntur,
474 2765 508 2820 de
534 2762 666 2835 sapientia
689 2760 776 2817 solum
799 2756 874 2830 loqui
894 2763 921 2812 et
946 2772 994 2812 au·
1044 2755 1072 2810 ia
1087 2771 1138 2809 me.
1171 2751 1269 2809 Vermie
1283 2768 1372 2808 eorum
1389 2767 1442 2807 uon
1457 2752 1594 2817 morietur,
1612 2761 1637 2806 et
1658 2753 1726 2824 ipuis
1745 2768 1836 2808 eorum

205 2863 264 2919 tb're
277 2859 355 2918 dolce
368 2857 479 2924 babent,
492 2853 603 2927 eiusque
621 2851 791 2910 meditationi
803 2864 915 2922 operam
929 2847 995 2904 dare
1044 2862 1097 2901 uon
1105 2846 1295 2917 eutiupuetur,
1306 2854 1330 2900 et
1342 2853 1418 2899 erum
1434 2860 1516 2915 usque
1527 2844 1561 2898 od
1571 2844 1718 2900 smietutem
1728 2845 1836 2900 ebionis

206 2962 340 3026 augum,
1044 2938 1116 2993 ouini
1128 2937 1202 2993 carni
1215 2936 1282 3008 (isa.
1298 2935 1382 3008 aaut).
1404 2935 1481 3004 ouou
1492 2944 1582 2992 autom
1598 2936 1644 3001 ait,
1660 2937 1836 3008 curculionum,

241 3043 371 3117 Corqeod
381 3042 450 3099 uouit
462 3037 665 3094 emautudr'aem
676 3034 845 3097 animosum,
858 3028 995 3102 inpendio
1044 3042 1098 3082 non
1115 3027 1214 3100 pedum
1232 3040 1400 3099 processum,
1421 3024 1469 3081 sed
1490 3024 1629 3081 oculorum
1650 3025 1784 3099 significat
1797 3026 1836 3081 in-

207 3137 262 3207 eius
273 3152 325 3191 uou
336 3132 486 3189 miscebitur
497 3139 647 3185 extraneae.
666 3121 880 3181 dmaritudincm
894 3118 994 3175 habeut
1045 3120 1154 3188 tultum,
1178 3133 1257 3192 quem
1272 3120 1345 3176 intus
1363 3120 1390 3175 in
1406 3134 1489 3190 regno
1500 3118 1581 3191 positi
1594 3120 1627 3176 ad
1643 3120 1759 3177 videnda
1775 3137 1837 3194 pra-

208 3227 305 3283 auimae
315 3234 343 3281 et
362 3223 452 3290 electi,
467 3220 587 3294 quandiu
598 3233 614 3274 a
625 3216 730 3291 gaudiis
744 3213 904 3272 differuntur
916 3218 996 3267 aeter·
1007 3202 1033 3265 G
1046 3227 1141 3268 uorum
1157 3211 1287 3284 supplicia
1301 3209 1373 3268 icras
1388 3227 1450 3267 cum
1462 3212 1557 3268 uolunt
1568 3212 1704 3269 emittunt.

208 3316 260 3378 nis,
278 3323 307 3370 et
320 3312 427 3386 reprobi
441 3327 502 3369 eum
516 3307 658 3365 desideriis
677 3303 831 3374 affliguntur
849 3299 995 3371 pertersit,
1083 3305 1186 3362 Corona
1200 3305 1365 3377 cupientium,
1387 3305 1486 3361 divitie
1500 3321 1608 3372 eorum
1622 3305 1733 3377 [ataias
1745 3308 1838 3367 ιιιιιιι·

208 3405 257 3461 sed
280 3404 373 3472 electi,
401 3404 465 3473 quia
490 3401 518 3457 in
543 3399 602 3455 ittet
627 3394 766 3452 ambulant
788 3390 994 3448 amaritudinem
1047 3417 1126 3469 mm,
1154 3401 1340 3474 imprudentia.
1366 3399 1509 3471 Sapientes
1536 3417 1589 3457 nun
1616 3403 1716 3458 terreni
1738 3402 1837 3474 aliquid

207 3512 302 3564 suant,
314 3504 415 3567 quanto
429 3502 464 3551 ⁸¹i
478 3492 576 3565 8²¹1ffi0
588 3486 717 3546 mummii
728 3483 887 3558 Pfflildffli·
911 3480 996 3537 P⁰¹i⁰
1046 3493 1221 3551 emolumenti
1234 3508 1285 3563 pro
1299 3492 1399 3550 divitiis
1412 3493 1522 3558 babent,
1538 3493 1585 3549 sed
1601 3507 1728 3549 cornuam
1741 3492 1839 3549 solorn-

208 3592 316 3664 reprobi
330 3590 440 3661 propria
454 3594 549 3659 sponte
561 3582 665 3649 monti,
682 3579 748 3653 (idid
767 3576 793 3634 5¹¹
806 3574 931 3647 imiimi
945 3588 997 3644 pa·
1048 3586 1139 3653 modo,
1153 3590 1239 3658 quam
1252 3599 1301 3655 pro
1317 3584 1462 3640 uirtutibus
1477 3584 1506 3639 iu
1521 3582 1612 3639 luturc
1627 3584 1797 3654 percipiant:
1810 3592 1839 3640 at

209 3682 313 3737 tiaatur
333 3695 387 3736 uon
408 3678 508 3743 videti·
526 3674 592 3746 quid
609 3673 636 3729 ³¹¹
651 3671 742 3727 summ
758 3663 928 3738 sintpassuri
941 3678 997 3719 ¹¹⁰ss
1048 3676 1192 3734 stultorum
1206 3676 1317 3733 fatuitas
1336 3677 1453 3732 maxima
1471 3677 1528 3733 baec
1544 3684 1595 3743 est,
1612 3676 1677 3748 quia
1695 3676 1840 3748 improvidi

208 3773 365 3846 prevident,
381 3769 522 3838 meoquea
538 3763 777 3821 suissflsbfflfflfflffl
790 3756 894 3829 8²¹¹&ss
909 3768 998 3810 ΓΜ·
1048 3775 1210 3825 eternorum
1232 3767 1265 3824 de
1285 3766 1464 3840 praesentibus
1482 3774 1586 3823 tautum
1606 3767 1755 3824 commodis
1774 3781 1840 3838 gau·

210 3861 313 3918 nabent
330 3856 465 3922 eutranei,
488 3854 536 3925 ⁴1¹¹i
554 3848 742 3908 imisiffldissss
762 3859 855 3903 corum
881 3857 1000 3914 limen·
1050 3862 1125 3928 dent,
1156 3860 1337 3934 imprudentia
1363 3859 1435 3916 euim
1461 3858 1539 3931 quasi
1564 3858 1772 3930 improvidentia
1796 3858 1839 3914 di-

211 3951 249 4008 tis
261 3965 316 4006 oon
331 3952 465 4004 noverunt
478 3958 538 4001 csse
554 3940 710 4013 participes,
724 3936 797 3994 uude
813 3942 841 3990 et
859 3940 922 4005 apte
933 3931 999 3988 sub·
1049 3953 1132 4009 cium

211 4041 294 4098 ditur.
1086 4044 1191 4100 liberat
1209 4044 1312 4099 unimur
1332 4043 1405 4099 tertis
1428 4042 1516 4113 tidelis
1533 4051 1558 4099 et
1578 4043 1677 4114 profert
1703 4043 1841 4099 mendacio

247 4133 347 4188 Dm
369 4129 509 4203 hiim
524 4124 662 4192 delibutis,
682 4120 851 4178 mimmii
866 4120 1001 4191 immi*
1050 4133 1201 4205 versipellis.
1224 4133 1334 4190 Liberat
1357 4132 1462 4190 animas
1481 4132 1617 4201 Christus,
1635 4133 1683 4205 qui
1701 4142 1745 4191 est
1764 4135 1841 4191 tertis

214 4225 406 4300 ςιωιιιιιιιιιι.
417 4220 503 4276 Domo
516 4216 615 4289 quippe
626 4214 655 4271 iu
670 4214 821 4279 1111110111,
837 4212 998 4269 tabernacu-
1051 4219 1147 4286 tidelis,
1163 4226 1194 4277 ut
1205 4219 1233 4276 in
1247 4218 1407 4292 Apocalypsi
1423 4218 1547 4293 legimus,
1566 4230 1594 4277 et
1609 4221 1681 4277 sicut
1696 4222 1842 4294 Apostolus

213 4322 247 4377 iis
263 4315 388 4375 adsolet
404 4315 432 4370 iu
450 4313 557 4369 itinere·
579 4308 679 4366 Domus
706 4305 789 4377 igitur
800 4305 943 4377 implerem
954 4301 1002 4358 de·
1052 4310 1110 4367 ait:
1127 4310 1315 4367 Testimonium
1334 4312 1447 4368 reddidit
1466 4312 1513 4368 sub
1532 4310 1626 4368 Pontio
1642 4311 1731 4369 Pilato
1744 4315 1840 4371 bouum

214 4412 331 4479 labitur,
354 4407 417 4479 quia
438 4404 629 4462 babbatiouem
649 4401 712 4457 vitm
731 4398 883 4471 praesentis,
898 4397 925 4452 in
948 4411 1003 4469 qua
1052 4401 1239 4473 conlectionem
1255 4400 1281 4475 (l
1295 4400 1363 4457 Tim.
1377 4401 1427 4475 vr).
1453 4402 1487 4459 Et
1502 4402 1607 4475 prolert
1623 4406 1764 4462 mendacia
1782 4406 1841 4462 dia·

214 4514 321 4573 semper
338 4512 447 4555 manere
460 4493 660 4558 desiderabant,
676 4492 790 4565 perdent
805 4491 833 4547 in
848 4497 938 4545 morte
958 4503 1002 4544 re·
1052 4491 1143 4559 bolus,
1166 4492 1213 4564 qui
1237 4502 1310 4550 recte
1335 4492 1484 4565 appellatur
1503 4494 1664 4565 versipellis,
1685 4495 1749 4566 quia
1769 4495 1841 4553 mela

214 4586 401 4663 probioribus
418 4586 490 4657 quod
503 4599 556 4641 noo
569 4581 761 4654 previdebant,
771 4579 894 4637 exsilium
910 4594 1005 4650 perpe·
1015 4555 1041 4616 Ῑ)
1052 4595 1113 4653 que
1126 4581 1248 4640 iacienda
1262 4582 1390 4656 suggerit,
1401 4583 1471 4640 bona
1482 4596 1543 4640 esse
1554 4584 1724 4656 pronuntiat,
1734 4594 1763 4643 et
1774 4601 1841 4659 puu-

217 4692 270 4738 tuae
286 4677 467 4736 damnationis
481 4674 623 4741 subibunt,
638 4671 807 4728 tabernacula
819 4680 906 4725 uruear
916 4670 1003 4739 justo-
1053 4671 1096 4729 dia
1119 4673 1254 4745 promittit
1274 4682 1375 4729 eterna
1396 4672 1429 4730 iis
1450 4688 1518 4744 quos
1535 4674 1569 4731 ad
1594 4674 1692 4731 inserui
1708 4681 1842 4732 tormenta

216 4765 477 4842 myrmecium,
495 4765 557 4834 quia
578 4778 697 4836 presens
718 4776 812 4818 corum
834 4760 1004 4816 coruversatio
1053 4773 1197 4837 preparat.
1219 4763 1287 4822 item
1308 4764 1406 4822 liberat
1428 4764 1534 4823 animas
1563 4765 1713 4823 catholicus
1735 4766 1840 4833 doctor,

217 4865 244 4923 itt
272 4876 326 4935 qua
350 4858 444 4917 incolae
464 4865 528 4915 sunt
552 4858 621 4927 apud
644 4854 786 4912 bominum
807 4861 836 4910 et
855 4851 1001 4925 peregrini,
1054 4856 1100 4927 qui
1115 4855 1270 4913 testimonia
1284 4855 1488 4930 Scripturarum
1504 4855 1628 4923 laeter,
1647 4856 1675 4914 id
1696 4865 1748 4925 est,
1768 4866 1843 4915 reete

216 4934 402 5011 crescentibus
419 4949 478 5006 alne
491 4947 642 5003 cessatione
654 4944 759 5000 meritis
776 4942 810 4999 ad
825 4941 943 4998 lructtrm
959 4957 1005 4999 us·
1054 4948 1192 5019 praedicat,
1212 4956 1241 5005 et
1256 4947 1361 5020 prolert
1379 4949 1518 5007 mendacia
1536 4947 1690 5017 haereticus,
1710 4948 1753 5006 rel
1771 4950 1843 5007 sirati

216 5059 272 5117 que
282 5040 471 5103 mvbsimum
483 5038 578 5110 patriar
590 5036 710 5094 celestis
719 5035 892 5109 mingitur.
1055 5037 1107 5094 alia
1120 5038 1203 5095 editio
1216 5036 1357 5096 manifeste
1372 5037 1516 5103 transtulit,
1529 5038 1647 5095 incendit
1661 5046 1751 5096 autem
1763 5055 1842 5096 mcu-

251 5131 470 5193 immerenti
482 5129 554 5185 omni
564 5127 653 5195 verbo,
664 5136 766 5183 astutus
778 5126 924 5183 considerat
934 5141 1004 5196 pret-
1057 5127 1135 5183 dacio
1149 5126 1267 5196 dolosus,
1281 5128 1448 5198 subauditur,
1468 5128 1575 5187 animm
1589 5143 1776 5203 eorumquae
1792 5146 1844 5189 suc

217 5242 263 5283 sur
281 5241 353 5288 ιιιι.
376 5221 452 5281 llauc
472 5220 654 5278 innocentiam
671 5220 768 5287 uetuit,
780 5227 808 5276 et
825 5220 896 5274 hanc
910 5218 1004 5274 baberi
1056 5232 1150 5275 errore
1164 5218 1273 5290 deripit.

219 5318 311 5375 ovum
324 5317 451 5373 mundam
464 5313 582 5371 loannes
594 5328 656 5369 eum
673 5312 730 5368 ait:
744 5311 912 5377 Cbcrissiati,
926 5310 1005 5367 nolite
1092 5308 1126 5366 la
1148 5311 1241 5366 timore
1261 5311 1366 5367 Domini
1382 5311 1480 5381 Murio
1495 5311 1656 5382 fortitudinis
1669 5318 1693 5366 et
1709 5310 1773 5381 filiis
1787 5311 1843 5383 ejus

219 5409 291 5465 omui
302 5408 407 5480 spirim
419 5406 532 5474 eredere,
543 5404 589 5461 red
598 5403 706 5477 probate
722 5402 830 5476 spirim
854 5404 878 5459 si
897 5420 930 5459 ee
947 5403 1003 5459 Do·
1057 5401 1106 5456 erit
1122 5418 1190 5473 spes.
1216 5400 1309 5458 Timor
1330 5403 1436 5459 Domini
1452 5402 1576 5459 dduciam
1594 5400 1759 5459 fortitudinis
1775 5418 1844 5474 pre·

220 5502 292 5555 mter
306 5508 368 5556 ruet
382 5497 410 5571 (Ι
422 5498 501 5554 locu.
517 5497 566 5569 rr).
1058 5500 1123 5560 stat,
1145 5494 1208 5566 quia
1231 5494 1359 5553 nimirum
1394 5510 1470 5557 utens
1493 5505 1586 5553 nostra
1612 5504 1688 5552 ιιιιιο
1709 5495 1845 5553 valentius

255 5588 367 5660 Καρίου
385 5588 624 5658 timetetdeeliuut
641 5587 871 5655 reclamandus
891 5586 1005 5643 transilit
1058 5594 1176 5644 terrores
1193 5602 1283 5644 reruur
1302 5589 1489 5660 temporalium
1501 5588 1620 5661 dispicit,
1631 5596 1734 5659 quanto
1748 5603 1779 5645 se
1796 5605 1845 5645 au·

220 5690 248 5739 er
260 5678 376 5745 medii.
397 5677 475 5733 Sicut
488 5679 563 5735 stulti
579 5688 621 5734 est
637 5679 671 5735 de
692 5694 740 5735 sua
760 5678 899 5734 alacritate
922 5679 1006 5733 corid-
1058 5676 1126 5733 ctcri
1140 5692 1232 5733 earum
1253 5677 1376 5734 veracius
1394 5694 1443 5750 per
1462 5678 1633 5736 lormidiuem
1653 5677 1784 5743 subdidit,
1798 5677 1845 5734 filii

224 5773 497 5838 demonstrantem
511 5770 632 5839 rapidum
645 5771 688 5827 vol
716 5773 869 5843 voraginem
883 5773 1005 5830 latiorem
1060 5780 1150 5826 autem
1168 5768 1273 5828 timoris
1285 5768 1394 5828 botrdm
1405 5770 1543 5840 dicuntur,
1566 5769 1612 5843 qui
1633 5769 1726 5826 diuioo
1749 5769 1846 5826 umore
