4042 6200
213 364 265 422 8⁹59
535 368 566 423 B.
587 366 713 423 habant
732 367 842 426 aluum
861 365 1021 424 luetluet.
1040 364 1197 425 hecout.
1217 364 1361 423 besuus
1381 365 1471 421 taus
1489 366 1533 423 tlt.
1805 368 1855 426 860

216 494 226 526 t
244 477 279 534 eii
293 477 347 549 (uel
366 478 578 550 mendacibus),
594 495 655 550 qnae
675 494 729 535 non
743 479 893 549 proderunt
906 478 1003 534 uobis‘
1021 479 1045 538 Α
1061 496 1071 528 c
1086 483 1115 533 et
1130 475 1190 532 loco
1205 489 1285 546 quern
1300 476 1361 532 dedi
1377 476 1453 534 uobis
1470 485 1498 530 st
1516 475 1639 545 patribus
1653 476 1768 543 vestrm,
1788 479 1857 534 sicut

217 588 227 621 ι
248 568 342 636 iurari,
362 572 504 637 occidere,
521 573 684 638 adulterari,
703 573 798 641 jurare
823 570 1006 636 mendaciter,
1061 567 1229 628 cleciSilo:
1246 568 1428 640 etprojiciarn
1443 567 1608 624 rosaiacic
1622 582 1694 635 mea,
1709 569 1856 641 sieutpro·

216 678 226 712 c
245 658 332 716 libare
353 658 466 725 Baalim,
478 671 506 717 et
524 663 564 717 ire
575 671 641 732 post
651 663 716 718 deos
727 662 840 729 alienos,
851 677 920 733 quos
930 662 1008 733 iguo-
1060 678 1070 712 c
1083 658 1138 729 jeci
1151 674 1246 715 enarres
1261 659 1359 715 iratres
1374 668 1480 715 uestros
1492 661 1650 715 uniuersum
1666 674 1760 715 semen
1776 659 1856 717 lsrael

217 773 226 805 c
246 754 323 810 ratis.
346 754 380 809 Et
403 754 527 819 recusus,
543 763 570 808 ct
586 755 702 811 stetistis
716 768 808 810 ceram
828 770 873 811 me
886 755 913 810 in
928 756 1009 811 donto
1061 770 1071 803 t
1088 751 1156 825 [Al.,
1168 750 1321 823 Ephraim.
1334 771 1344 804 ι
1358 750 1416 805 lloe
1430 752 1504 821 quud
1518 751 1660 822 posuimus
1672 770 1683 802 r
1696 766 1780 807 mane
1791 768 1856 808 eoa·

217 864 226 897 c
245 845 308 909 luae,
328 847 354 900 in
374 863 427 916 qua
442 847 595 902 invocatum
610 855 651 904 cst
669 863 767 903 nomen
779 862 880 914 mcum,
894 856 923 904 et
936 847 1009 904 dixi·
1059 857 1172 915 surgens
1190 851 1219 899 et
1235 841 1358 912 laquem,
1376 860 1386 894 ι
1413 841 1440 895 iu
1463 840 1640 913 Septuaginta
1655 854 1708 896 non
1727 841 1853 898 babetur.

219 938 314 994 estis:
329 938 448 994 Liberati
464 954 558 995 stamius
572 939 636 1011 (siae
651 940 820 1014 desivimus),
835 954 868 995 eo
884 939 956 1010 quod
971 938 1010 994 le-
1059 933 1137 990 hane
1157 942 1248 990 autem
1269 933 1409 1005 consurgit
1437 932 1672 1003 hortandoque
1701 932 1812 1003 aliquod
1831 934 1856 989 ei

217 1048 227 1080 c
244 1028 362 1084 cerintus
375 1042 470 1085 omncs
484 1029 701 1085 abominationes
715 1031 791 1086 istas.
810 1051 819 1082 ι
835 1029 947 1086 Frustra
961 1043 1010 1085 cos
1059 1033 1166 1096 tempus
1188 1026 1291 1096 ubsque
1313 1024 1433 1081 diluculo
1457 1023 1512 1090 sit,
1540 1023 1588 1079 sed
1610 1038 1665 1093 quo
1684 1031 1748 1093 post
1770 1023 1855 1078 nouis

214 1121 356 1192 intemplo
379 1119 481 1177 habere
506 1120 651 1186 llduciam,
677 1121 818 1191 sequentia
835 1128 946 1192 peccata
963 1120 1010 1176 de·
1059 1120 1179 1190 quietem
1194 1119 1297 1175 viribus
1314 1119 1474 1190 corporibus
1491 1094 1668 1181 instauratis,
1691 1116 1785 1170 anima
1806 1117 1854 1170 ho·

214 1221 379 1269 monstrant.
395 1212 465 1280 Quid
490 1213 562 1268 eninr
577 1214 687 1283 prodest
705 1213 833 1269 audacter
854 1213 959 1285 ingredi
977 1211 1010 1267 li·
1039 1212 1164 1266 ⁴aninum
1188 1212 1310 1282 vegetior
1334 1211 1388 1277 slt,
1420 1218 1448 1265 et
1472 1223 1644 1279 nequaqnam
1670 1208 1853 1278 uoltaptatibns

218 1321 280 1362 men
292 1305 389 1362 domus
402 1306 461 1368 bei,
476 1316 568 1362 erecta
582 1306 689 1361 ceruice
702 1313 787 1373 stare,
809 1311 838 1360 et
855 1320 909 1360 non
922 1304 1008 1361 solnm
1059 1308 1200 1371 ueetrpata,
1216 1300 1325 1372 cibique
1339 1299 1482 1361 desiderio,
1500 1298 1594 1354 audire
1608 1307 1635 1353 et
1650 1295 1741 1353 iacere
1753 1297 1853 1363 ualeat,

216 1416 273 1464 cor,
291 1400 376 1456 sedet
389 1398 744 1469 mannshaheropollutas:
759 1395 1008 1463 lurtu,hornicidio,
1060 1408 1121 1463 quse
1135 1392 1272 1448 dicuntur.
1304 1391 1379 1449 Unde
1400 1398 1429 1445 et
1452 1389 1516 1444 illud
1540 1389 1568 1444 in
1593 1388 1698 1460 psalmo
1720 1387 1853 1458 legimns:

216 1490 360 1555 adulterio,
374 1490 506 1560 perjurio,
520 1489 679 1561 sacrilegio,
702 1497 727 1544 et
747 1488 820 1544 cultu
834 1502 928 1543 eorum
945 1487 1010 1542 dce-
1063 1500 1072 1533 ι
1089 1480 1167 1536 Mane
1181 1481 1311 1537 exaudies
1326 1495 1420 1536 uocem
1433 1493 1541 1545 meam,
1561 1494 1641 1534 manc
1654 1478 1753 1533 astabo
1767 1478 1815 1532 tibi
1828 1486 1856 1533 et

215 1599 288 1647 runa,
304 1584 506 1655 qumsuosciasi
521 1582 585 1639 ilaee
607 1583 766 1654 spiritaliter
782 1581 906 1638 accidere
917 1580 944 1636 in
958 1579 1009 1635 lic-
1058 1574 1156 1629 uidebo
1174 1571 1260 1646 (Paul.
1277 1572 1343 1646 tl.»
1373 1573 1407 1628 El
1428 1572 1455 1627 itt
1480 1571 1569 1627 issia:
1594 1590 1606 1623 t
1628 1570 1666 1625 De
1690 1578 1772 1627 nocie
1795 1570 1856 1642 (ἐκ

215 1673 299 1729 clesia
325 1687 405 1728 neoto
430 1673 553 1728 dubitat:
578 1672 686 1742 qnando
712 1670 854 1742 praesentis
879 1667 1009 1740 temporis
1060 1661 1191 1734 diluculo)
1219 1669 1366 1734 consurget
1387 1661 1502 1732 spiritus
1526 1675 1605 1717 meus
1628 1661 1664 1716 ad
1690 1668 1738 1727 te,
1765 1661 1854 1727 Deus,

216 1763 420 1820 constan-antes
432 1762 603 1828 felicitatem,
619 1779 667 1819 sua
677 1771 789 1834 peccata
801 1775 855 1817 noa
869 1766 1005 1832 reputant,
1059 1753 1188 1823 (aeonium
1199 1753 1245 1807 lux
1256 1759 1392 1824 praccepta
1402 1760 1449 1807 cua
1461 1766 1543 1822 saper
1555 1760 1654 1806 terram
1666 1749 1733 1823 (lec
1746 1752 1854 1819 aaut»

215 1865 243 1911 et
257 1855 342 1911 latere
352 1855 521 1910 arbitrantur
532 1854 700 1926 Detrm,quia
717 1869 770 1909 noa
783 1853 875 1909 statim
889 1852 1008 1907 uindicta
1022 1832 1047 1894 Β
1063 1842 1139 1900 Unde
1152 1851 1180 1900 ei
1194 1843 1263 1901 filios
1275 1844 1344 1900 lucis
1357 1842 1458 1899 Paulus
1471 1842 1609 1914 ²P⁰Si⁰¹¹¹⁵
1623 1841 1856 1914 appeltcttbplcr.

216 1948 411 2019 consequitur:
437 1947 504 2017 quin
529 1946 621 2017 potins
646 1948 672 2001 in
696 1953 801 2001 tantam
829 1952 1011 2017 prorumpunt
1060 1940 1100 2010 u),
1112 1946 1141 1995 et
1153 1955 1206 1996 raon
1219 1939 1309 1995 noctis
1320 1952 1409 2010 neque
1421 1937 1604 2001 tenebrarum,
1617 1952 1668 1993 nce
1680 1937 1857 2002 dormientes,

216 2038 374 2103 amentiam,
392 2045 422 2093 ut
440 2036 569 2093 liberatos
587 2044 741 2107 seputant,
765 2036 827 2107 quia
850 2044 913 2107 post
938 2033 1010 2090 mala
1060 2030 1129 2087 sicut
1152 2039 1181 2086 ct
1203 2030 1296 2087 caeteri
1312 2030 1499 2097 dormierunt,
1521 2030 1567 2100 qui
1587 2029 1635 2085 bei
1656 2028 1784 2084 mandata
1806 2043 1857 2084 non

214 2144 297 2203 opera
312 2130 394 2184 etiam
407 2144 423 2183 a
437 2127 510 2185 cultu
525 2128 631 2184 bertuini
648 2135 829 2184 recesserunt.
1060 2124 1191 2180 sentiunt.
1208 2122 1277 2191 Quia
1291 2123 1375 2195 igitur
1388 2123 1460 2179 Deus
1472 2122 1579 2178 vocavit
1591 2137 1641 2178 ees
1653 2122 1687 2179 dc
1700 2130 1782 2178 noete
1796 2136 1858 2176 ectu·

253 2219 400 2291 ‹Ntcrrquid
416 2235 481 2292 erqn
492 2219 618 2291 spelunca
631 2219 766 2274 latrorunn
778 2217 849 2274 lacta
862 2226 905 2274 cst
916 2219 1011 2273 domtus
1060 2233 1186 2289 surgens,
1201 2225 1272 2274 utet
1287 2218 1361 2288 ipsos
1376 2217 1409 2272 de
1420 2216 1542 2272 tenebris
1553 2216 1696 2281 liberaret,
1707 2215 1859 2270 commina-

217 2308 294 2370 cista
309 2312 372 2385 (sire
386 2312 506 2387 meu),in
517 2329 569 2383 qua
584 2314 737 2368 invocatum
752 2322 793 2368 est
808 2328 905 2367 nontcn
920 2326 1010 2366 meum
1061 2320 1106 2368 tur
1119 2312 1160 2368 eis
1174 2311 1273 2367 similia
1288 2325 1319 2366 se
1335 2325 1395 2367 esse
1409 2309 1544 2365 iacturum
1561 2307 1660 2381 templo
1681 2308 1708 2363 in
1730 2306 1858 2362 llioroso-

217 2404 271 2458 cin
293 2402 379 2459 oculis
403 2402 513 2459 vestris.
542 2402 608 2474 Ego,
638 2417 688 2474 ego
711 2417 783 2468 sum,
803 2400 930 2473 egorith,
946 2399 1012 2456 dicit
1061 2399 1858 2477 lymisqumlecitlocoSile(lliep‚1urtv),ubiprimum

219 2494 414 2550 ‹heluinus›
443 2494 483 2550 lle
503 2493 555 2549 hoe
579 2494 639 2548 loco
662 2492 727 2547 illud
751 2493 778 2547 in
800 2492 945 2563 Evangelio
964 2507 1010 2547 as·
1060 2494 1113 2550 luit
1126 2494 1346 2557 tubernaculum,
1367 2502 1397 2548 nt
1409 2499 1520 2563 peccata
1535 2490 1633 2546 similia
1649 2490 1708 2562 pari
1723 2489 1858 2545 sententia

216 2594 353 2655 sumptum
368 2591 443 2655 puto,
455 2583 499 2638 ubi
516 2584 553 2637 ita
568 2583 698 2654 scriptum
711 2584 914 2640 estzrbomus
927 2583 1011 2653 patris
1061 2584 1204 2641 feriantur.
1236 2584 1270 2638 Et
1293 2584 1427 2655 quomodo
1456 2580 1571 2653 proiecit
1606 2580 1738 2636 bantinus
1763 2594 1857 2634 semen

215 2675 286 2739 auci,
307 2675 403 2730 dontus
418 2674 716 2740 orationisuucalaitur,
734 2689 782 2729 uos
799 2682 888 2728 atatem
908 2673 1011 2729 lecistis
1060 2674 1206 2746 Ephraim,
1230 2674 1257 2729 id
1279 2682 1339 2740 cst,
1365 2674 1460 2729 decent
1484 2672 1582 2738 trihus,
1608 2687 1668 2741 qua.
1690 2670 1859 2725 uocabantur

215 2781 275 2821 cant
289 2765 445 2837 speluncam
463 2765 599 2821 latronum
615 2764 722 2838 (llutth
736 2764 813 2836 xxr);
830 2786 839 2818 ι
858 2766 924 2831 siue,
940 2774 970 2820 ut
982 2765 1009 2821 in
1061 2761 1763 2836 lsrael,ethabebantprineipcspropterllicroboam
1774 2760 1859 2816 [ilium

214 2856 269 2913 alie
285 2856 430 2928 Evangelio
444 2858 575 2928 scriptum
589 2866 649 2912 est:
665 2875 674 2909 ι
689 2856 805 2912 bornum
820 2852 1011 2930 negotiationis
1061 2858 1167 2915 Nahath
1181 2860 1214 2914 de
1229 2858 1301 2914 tribu
1317 2857 1463 2928 Ephraim,
1481 2870 1542 2928 quas
1556 2855 1652 2913 eadem
1670 2854 1859 2926 appellabatur

216 2949 308 3019 (doun.
320 2948 383 3021 ιιι.»
402 2949 524 3005 Ecclesia
535 2948 583 3005 ilci
594 2949 708 3005 uertitur
721 2949 748 3006 in
761 2947 917 3020 speluncam
928 2947 1012 3005 latro·
1062 2950 1148 3007 tribus
1160 2948 1280 3023 loseph:
1297 2950 1337 3006 sic
1350 2949 1432 3005 stiunt
1446 2946 1616 3004 Hierusalem
1628 2955 1656 3003 et
1671 2945 1774 3001 tribum
1788 2942 1856 3000 luda

215 3056 291 3108 taum,
306 3041 415 3112 quando
431 3040 518 3108 ltarta,
534 3039 698 3107 homicidia,
715 3039 862 3108 adulteria,
879 3038 1009 3112 perjuria,
1061 3056 1123 3097 cum
1137 3038 1280 3112 llcrajamin
1295 3039 1584 3114 seabjecturnmesse
1599 3045 1724 3094 testatur.
1753 3034 1858 3106 disiecit

216 3134 405 3206 sacrilegium,
427 3134 564 3193 hereseos
587 3135 758 3200 adinventio,
779 3142 807 3189 et
824 3134 914 3191 omnia
932 3133 959 3188 in
977 3148 1009 3188 ea
1062 3134 1145 3207 igitur
1161 3132 1233 3199 Silo,
1255 3132 1411 3203 abjecturus
1427 3140 1457 3189 ct
1473 3131 1623 3203 tentplnm;
1644 3129 1745 3200 abjecit
1764 3131 1855 3185 decena

216 3225 319 3283 scelera
333 3233 487 3292 versantur,
500 3225 609 3297 quando
621 3225 743 3281 auaritiae
757 3224 862 3280 lacibus
874 3187 1047 3294 principes(2
1063 3227 1167 3293 tribus,
1195 3227 1350 3298 selecturus
1374 3234 1402 3282 et
1426 3227 1504 3282 duas.
1532 3224 1668 3295 Quidquid
1694 3223 1732 3278 illi
1758 3222 1857 3295 populo

217 3318 409 3374 inardescunt:
425 3326 453 3373 et
466 3334 559 3389 regum
573 3317 710 3388 quondam
724 3332 800 3387 opes,
811 3315 865 3372 rile
876 3324 924 3371 aut
936 3324 1011 3373 certe
1062 3309 1373 3392 dieituc'intctltgamus
1396 3327 1424 3376 et
1447 3318 1481 3375 tls
1503 3316 1597 3385 nobis,
1619 3316 1643 3372 si
1663 3315 1766 3372 similia
1785 3317 1855 3372 iece-

217 3423 270 3464 non
293 3408 344 3464 vile
366 3408 502 3479 palliolum
525 3409 654 3479 possidet.
682 3407 759 3464 Unde
780 3406 863 3464 lulert
883 3425 890 3462 z
911 3407 1009 3480 «Ego,
1061 3410 1158 3467 rimus.
1693 3440 1706 3469 c

217 3513 268 3568 ego
282 3514 354 3562 sum,
370 3511 421 3568 ego
434 3496 505 3564 uidi,
521 3497 588 3553 dicit
602 3497 748 3564 bominus;
763 3514 773 3548 ι
792 3497 846 3552 mei
861 3495 932 3552 oculi
946 3507 1010 3552 con·
1099 3516 1109 3552 c
1127 3495 1168 3554 'ln
1182 3513 1247 3570 ergo
1256 3497 1311 3557 noli
1325 3513 1406 3557 orare
1421 3498 1654 3573 propopulohoc,
1668 3512 1720 3553 nec
1732 3513 1855 3554 assumas

218 3586 340 3658 ternpluti
356 3595 433 3650 snat,
452 3588 524 3658 qnod
538 3602 587 3643 uos
600 3587 703 3657 putatis
716 3587 871 3643 occultum:
893 3587 1011 3643 tenebras
1063 3606 1140 3664 apro
1162 3592 1202 3649 cis
1227 3592 1333 3648 laudem
1353 3601 1382 3648 et
1403 3593 1553 3649 orationem
1574 3590 1641 3663 (siue
1656 3605 1708 3646 nee
1728 3598 1855 3663 regestu

217 3677 409 3736 thesaurorum
421 3691 509 3733 meam
523 3693 576 3732 nou
591 3676 698 3749 lugitrnt
709 3677 903 3733 conscientium
916 3692 924 3733 :
937 3697 946 3729 ι
958 3678 1010 3746 Qui
1063 3700 1073 3734 r
1091 3683 1305 3739 misericordiam
1321 3681 1531 3753 consequaturl:
1545 3689 1574 3738 et
1590 3697 1643 3737 uon
1655 3681 1775 3736 obsistas
1788 3679 1853 3735 mihi

217 3786 279 3825 cuna
304 3753 379 3825 dlue's
402 3779 494 3837 esset,
520 3785 569 3841 pro
584 3769 662 3826 uobis
676 3785 780 3841 pauper
800 3769 888 3826 laetus
909 3778 951 3826 cst
966 3770 1010 3842 (lt
1062 3791 1073 3826 s
1090 3774 1154 3845 qnia
1170 3788 1224 3829 non
1239 3773 1383 3830 exaudiam
1394 3781 1434 3829 te.
1448 3789 1461 3826 ι
1481 3771 1520 3829 Ne
1536 3773 1661 3829 videatur
1678 3783 1780 3840 rogans
1793 3786 1853 3842 pro·

217 3859 279 3916 Cor.
301 3860 398 3926 rarat»
428 3876 500 3917 ntrne
522 3861 549 3916 in
575 3861 676 3917 nostris
701 3860 804 3917 diuitiis
826 3861 961 3917 erubescit
982 3870 1011 3917 st
1059 3866 1141 3937 pheta
1165 3879 1218 3921 neu
1245 3865 1391 3936 impetrare
1405 3864 1478 3935 quod
1500 3864 1628 3935 pustulat,
1639 3861 1770 3934 praecipit
1778 3861 1852 3917 bens

216 3953 297 4010 dicit:
310 3971 320 4006 ι
331 3951 378 4009 Vae
387 3953 465 4009 vobis
474 3952 613 4020 diuitibus,
623 3951 669 4024 qui
682 3952 788 4009 habetis
798 3952 1009 4009 consolationem
1059 3971 1094 4011 ne
1108 3972 1156 4027 pro
1168 3945 1266 4028 popule
1284 3964 1438 4029 peccatore,
1450 3963 1476 4012 et
1492 3955 1592 4011 nullam
1608 3961 1706 4026 agente
1717 3953 1850 4025 poerriteo-

216 4053 333 4100 uestram
347 4043 424 4118 (huc.
438 4044 486 4115 ut).
505 4065 514 4098 ι
762 4051 765 4054 “
1055 4049 1134 4113 tiam,
1147 4049 1316 4119 deprecetur.
1334 4048 1415 4116 'Quod
1439 4047 1633 4103 autemdicit:
1652 4064 1662 4096 c
1681 4046 1716 4100 Et
1731 4061 1787 4101 non
1807 4060 1851 4100 re·

254 4134 317 4190 c'lte
330 4136 363 4189 ad
376 4133 466 4190 locum
480 4149 569 4190 mcum
583 4135 610 4191 ln
625 4133 897 4202 Silo,ubi'habituuit
911 4148 1009 4190 nomen
1058 4138 1139 4194 sistas
1160 4138 1238 4205 mihi,
1261 4137 1326 4193 lllud
1348 4138 1468 4194 ostendit
1487 4137 1559 4207 quod
1577 4143 1733 4192 sauemrum
1755 4149 1850 4207 preces

219 4246 229 4278 ι
247 4240 336 4281 meum
347 4240 362 4280 a
372 4224 516 4297 principio,
528 4235 555 4282 et
566 4225 655 4283 uidete
667 4240 727 4296 quae
741 4223 852 4281 fecerim
862 4224 887 4280 ei
901 4233 1011 4297 propter
1053 4230 1108 4286 irae
1121 4228 1170 4286 hel
1181 4230 1288 4301 possint
1301 4229 1441 4284 resistcre.
1455 4227 1535 4285 'Unde
1545 4236 1572 4283 et
1589 4226 1709 4297 loquitar
1721 4225 1851 4283 boarium

222 4337 231 4369 c
250 4316 380 4372 malitiam
394 4317 485 4388 populi
501 4317 553 4373 mei
567 4317 687 4388 israela
714 4315 754 4373 Ex
769 4317 915 4388 praeteritis
929 4318 1009 4374 docet
1058 4322 1092 4378 ad
1107 4322 1246 4395 boumn:
1266 4340 1276 4374 r
1302 4321 1412 4377 Dimitte
1431 4335 1475 4376 me
1500 4327 1529 4376 ut
1551 4318 1702 4390 percutiam
1723 4320 1849 4391 populana

218 4406 1008 4479 praescntiaetdiccutibus:‹Templumbemini,templum
1058 4413 1151 4479 ictum,
1181 4420 1210 4468 ct
1239 4411 1338 4467 luciam
1366 4418 1393 4466 tc
1418 4410 1575 4486 ingentem
1599 4422 1724 4480 ntapnaro
1752 4408 1848 4481 (Emd.

220 4498 336 4564 beroini,
347 4497 476 4569 templum
485 4497 602 4565 bomini,
614 4497 1021 4574 ›etprctiomdomustutpore
1061 4501 1158 4575 xxxta).
1180 4522 1191 4555 ι
1208 4501 1243 4557 Ει
1262 4501 1289 4555 iu
1313 4497 1428 4556 Psalmis
1445 4498 1596 4555 sorilu‘tur:
1615 4517 1625 4550 ι
1643 4498 1678 4553 Ει
1698 4498 1775 4553 stetit
1789 4497 1850 4554 Phi·

218 4588 481 4659 psndentibus,'Sllo,
490 4590 534 4644 ubi
545 4590 662 4660 primum
673 4587 722 4644 luit
731 4588 934 4644 tabernaculum
946 4587 1005 4655 bet,
1059 4609 1124 4651 crees
1136 4593 1303 4664 etpluuavit,
1313 4602 1348 4649 -et
1361 4594 1479 4650 cessauit
1491 4591 1640 4664 quassatio,
1652 4599 1681 4649 et
1698 4601 1849 4663 reputatum

219 4677 375 4731 recordatur
389 4678 522 4742 historie,
537 4681 570 4735 de
584 4694 637 4750 qna
648 4679 674 4734 in
688 4679 934 4750 psalmoscriptum
946 4687 1005 4734 cst:
1056 4694 1099 4743 ees
1121 4686 1159 4741 itti
1173 4687 1207 4742 aq
1228 4684 1363 4754 jaculatam
1378 4683 1465 4757 (psat,
1481 4685 1537 4758 cc),
1552 4705 1566 4740 ‚
1582 4686 1669 4741 Aaron
1683 4700 1793 4756 quoqne
1806 4700 1850 4740 ap.

158 4811 167 4824 .
221 4789 230 4821 c
246 4769 280 4824 Et
296 4769 394 4839 repulit
409 4770 613 4825 talernaculum
628 4770 684 4828 stle
696 4769 782 4844 (Pseu.
794 4784 901 4837 aarum
914 4770 927 4824 l
941 4767 1006 4842 hep.
1060 4784 1136 4848 cepto
1151 4775 1290 4831 thtarihulo
1308 4775 1380 4830 inter
1401 4775 1490 4847 ignem
1515 4789 1696 4844 arsurumque
1722 4773 1848 4846 populum

218 4865 274 4936 tul,
295 4885 305 4917 ι
323 4873 353 4920 ut
365 4864 499 4935 quomodo
521 4866 565 4921 ille
587 4865 662 4922 locus
684 4867 711 4921 iu
733 4865 828 4920 ruinas
847 4866 1007 4934 cineresque
1060 4868 1166 4924 medius
1182 4866 1268 4934 stetit,
1284 4865 1374 4923 ellici
1389 4865 1429 4920 ira
1445 4864 1562 4921 cessauit
1576 4863 1671 4936 (Nunc.
1688 4864 1755 4936 ιιι).
1782 4865 1849 4919 ilinc

217 4957 351 5029 collapsus
367 4964 425 5022 est,
444 4956 522 5013 itaet
537 4957 863 5028 templumcurruatenm
879 4956 1007 5012 similium
1060 4959 1088 5014 in
1101 4957 1170 5015 lsaia
1187 4958 1286 5029 legitur
1302 4974 1309 5011 t
1324 4971 1338 5009 ι
1359 4955 1547 5012 Fundamenta
1566 4957 1749 5027 genelaitmlls
1762 4966 1791 5012 et
1805 4969 1849 5028 qo

217 5045 299 5102 iurarit
313 5045 445 5103 habitatio
459 5055 639 5116 peccatorum.
657 5045 734 5101 Sicut
748 5044 830 5116 igitur
843 5043 899 5098 Silo
914 5043 1006 5114 templi
1058 5049 1206 5106 „eradenls
1232 5047 1388 5114 suscitabis,
1417 5056 1445 5104 et
1471 5047 1613 5104 vocaberis
1636 5047 1787 5104 aediilcator
1808 5065 1848 5104 se·

216 5136 370 5209 exemplum
384 5143 446 5203 θεῖ,
470 5136 506 5193 51³
530 5136 657 5208 templum
673 5135 760 5201 nobis,
775 5135 883 5206 (parando
902 5142 1007 5204 tompus
1058 5142 1142 5214 pium,
1156 5147 1318 5196 corruentem
1331 5140 1443 5196 seruitus
1465 5139 1492 5195 in
1507 5140 1625 5211 quietem
1640 5138 1708 5213 (iau.
1731 5142 1817 5213 ensal.
1836 5160 1844 5192 c

217 5229 357 5283 att-ecem
381 5228 453 5285 illius
479 5227 644 5283 testimonii:
666 5226 778 5283 «Putas
801 5226 912 5282 veniens
938 5224 1008 5282 sslirts
1059 5229 1194 5302 (literas.)
1210 5229 1284 5286 Pro«
1303 5228 1468 5284 mdlllcatore
1490 5228 1608 5299 sepium,
1630 5229 1753 5301 »aquile
1767 5231 1846 5285 iuter·

218 5315 344 5386 bortrinis,
357 5319 476 5376 inueniet
488 5321 566 5376 lldem
581 5335 661 5390 snper
673 5319 791 5375 terrant?
803 5298 878 5388 (huf.
893 5316 980 5387 surra.)
995 5336 1003 5367 ι
1058 5327 1179 5391 pietatus
1198 5330 1240 5377 est
1265 5339 1272 5375 ι
1288 5339 1299 5372 ι
1317 5320 1363 5392 qni
1378 5334 1409 5375 se
1430 5326 1548 5390 opponat
1561 5319 1608 5375 bei
1628 5319 1776 5376 iraettndite
1797 5335 1845 5375 ss·

255 5409 315 5465 aba
335 5426 406 5465 nuuc
426 5413 489 5482 qnia
512 5412 616 5468 lecistis
634 5409 724 5466 omnia
741 5423 824 5480 opera
843 5409 917 5471 hue,
941 5406 1006 5462 dicit
1059 5414 1152 5471 sicuti.
1179 5434 1189 5466 ι
1213 5416 1333 5485 benique
1352 5413 1558 5486 Symmachus«
1577 5414 1728 5479 transtulit,
1742 5426 1844 5468 murum

221 5517 231 5551 ι
245 5497 386 5568 mamitus,
397 5510 425 5558 ei
437 5504 543 5559 locutus
557 5518 616 5559 tum
629 5503 663 5557 td
676 5515 816 5557 millite
827 5513 1003 5566 fflsssffl'ltsstll,
1058 5519 1197 5577 opponens
1207 5505 1347 5570 callentis
1361 5504 1454 5576 quales
1465 5503 1574 5559 luerunt
1584 5503 1701 5576 lloyses,
1711 5512 1739 5560 et
1748 5503 1842 5564 haren,

221 5609 230 5644 a
248 5597 275 5646 ct
288 5589 411 5659 loquens,
426 5604 454 5648 ct
469 5610 521 5649 nen
539 5595 673 5650 audistis:
693 5601 720 5649 et
735 5592 826 5648 uocati
842 5607 889 5646 rus
907 5598 936 5645 et
951 5606 1003 5645 tren
1058 5606 1086 5651 et
1097 5594 1216 5660 Suttruel,
1229 5595 1275 5665 qui
1287 5595 1333 5650 irae
1346 5594 1451 5650 ὓοιιιιιιί
1468 5593 1635 5656 restiterunt,
1650 5601 1679 5648 ct
1690 5593 1768 5663 quasi
1781 5591 1843 5647 asdi-

222 5700 233 5740 t
249 5684 443 5750 respondistis:
459 5688 555 5743 luciam
568 5690 658 5744 domui
672 5690 735 5745 huie
748 5689 774 5744 in
787 5704 839 5759 qna
851 5689 1004 5743 invocatum
1059 5688 1138 5742 licata
1162 5700 1240 5741 mttro
1267 5684 1445 5754 irulignationi
1472 5683 1532 5754 ejus
1556 5695 1670 5754 posuere
1691 5681 1840 5737 terminum.

221 5788 234 5831 t
250 5777 293 5825 cst
306 5784 402 5827 nomen
417 5790 515 5844 meum,
531 5786 557 5833 ct
571 5779 598 5833 in
613 5794 665 5850 qua
679 5795 726 5835 uos
740 5781 845 5837 hahetis
861 5779 1002 5846 fiduciam,
1058 5775 1134 5846 Qctod
1149 5783 1175 5831 et
1189 5773 1312 5832 lereutiue
1326 5775 1436 5836 dicitur,
1464 5773 1502 5830 Ne
1526 5782 1652 5830 occumat
1666 5774 1788 5839 bosniae,
1810 5785 1840 5824 uo
