4042 6200
151 332 204 390 ins
646 327 690 383 nis
710 326 885 385 nntvnusn
903 327 994 385 tibist
1013 323 1093 399 ΧΧΙΙτ
1111 358 1146 368 -
1164 325 1228 382 Liil.
1249 325 1293 384 iii.
1730 322 1781 381 ib’b

148 445 260 505 laminis
278 443 377 500 ierreis
400 440 590 514 comparaturi
615 443 678 509 uisi,
697 444 762 514 quia
786 443 826 510 hi,
849 443 895 516 qui
913 445 941 500 in
957 452 979 508 Α
993 444 1074 514 pbcta
1086 443 1151 499 dicit
1164 442 1192 497 in
1204 440 1312 497 Psalmo
1326 456 1332 493 :
1346 437 1463 494 Posuisti
1474 437 1653 496 tribulationes
1666 441 1694 497 iu
1703 442 1784 500 dureo

146 539 195 592 ilio
209 534 357 592 debiliores
374 542 448 599 sunt,
467 532 501 589 ad
513 531 692 604 perpetranda
708 533 779 588 mala
799 533 944 605 nequiores
994 541 1084 586 nostro
1099 529 1162 604 (Pr.
1179 531 1247 600 ιιι)
1262 545 1269 584 ι
1285 527 1409 585 uidelicet
1431 526 1554 594 uerbera,
1568 543 1629 599 quae
1641 538 1670 585 et
1684 529 1785 589 Paulus

146 626 279 682 existunt.
301 623 375 696 Ergo
393 623 524 695 mrtilago
537 622 596 692 eius
612 621 688 680 icrro
709 624 806 681 similis
820 626 941 684 dicitur:
993 620 1115 692 pertulit,
1128 628 1156 676 et
1169 618 1272 689 reliqna
1293 617 1411 674 ilriclium
1431 618 1509 674 turba
1528 619 1666 685 sustinuit,
1682 624 1716 678 ad
1731 621 1784 680 boc

148 714 213 788 quia
235 715 276 782 hi,
291 718 338 787 qni
353 716 380 771 in
396 714 455 787 ejrrs
470 729 583 786 corpore
607 715 641 772 ad
660 716 841 774 ostensionem
858 716 945 772 vimn-
994 709 1152 766 verberibus
1172 707 1316 774 humiliati,
1331 715 1360 762 ιιι
1375 707 1535 764 diabolicam
1554 710 1710 781 superbiam
1722 727 1785 768 eurrr

148 815 207 861 tom
227 822 284 863 nou
306 802 453 871 subiiciunt,
477 813 571 860 eontra
595 821 689 861 necem
711 805 830 862 bdelium
854 807 945 863 acrius
995 798 1088 853 nruudi
1110 797 1194 866 ipsius
1213 796 1389 852 delectatione
1409 811 1488 868 respu
1506 806 1575 853 rent.
1590 798 1708 856 Rursum
1731 810 1786 858 ter·

149 898 348 954 accenduntur.
360 896 458 953 costas
474 896 603 967 appellari
621 898 729 968 quidam
747 907 853 970 putant,
871 900 943 970 quoi
995 888 1230 961 llllffi⁰ll¹ill⁰¹¹⁰¹⁰
1244 887 1442 958 ilaeoefflfflllffl
1463 887 1607 960 liiissfflcii·
1625 888 1703 947 Unde
1717 894 1785 962 peti·

150 991 186 1046 ab
210 989 277 1059 ipsis
304 987 435 1044 interiora
457 989 659 1053 custodiantur,
682 998 711 1044 et
739 998 795 1044 tota
819 990 945 1047 mollities
995 996 1057 1035 mus
1075 980 1158 1035 ⁰0¹¹!ss
1179 979 1206 1034 1¹¹
1219 978 1351 1044 ⁰fflli⁰¹¹02
1366 986 1398 1033 ¹1²
1413 987 1628 1048 9⁸⁰0³¹²¹¹0⁸²l²
1648 983 1787 1052 illiberim

151 1079 258 1134 neutris
272 1077 373 1133 uallata
392 1076 522 1132 salvetur.
537 1076 631 1142 Latos,
655 1078 717 1148 quia
730 1078 883 1148 jacentibus
894 1094 943 1135 oo-
994 1080 1057 1141 {³0⁵1
1068 1078 1175 1141 lelium
1187 1068 1286 1134 millai·
1302 1069 1354 1124 ¹¹⁰0
1369 1075 1422 1132 bib,
1438 1076 1576 1139 iifbeissae
1588 1069 1613 1124 0¹
1624 1067 1717 1125 llli⁰¹¹i
1734 1079 1790 1127 iri·

152 1168 195 1224 ως
208 1168 276 1222 parer
290 1186 297 1222 :
309 1177 352 1222 ρει
372 1168 444 1222 „nrm
466 1167 532 1222 ιω
546 1181 610 1236 pm
630 1168 761 1239 moris,
781 1169 881 1225 nemo
895 1184 945 1223 au.
996 1161 1051 1216 dat.
1074 1158 1141 1213 ilaru
1152 1158 1224 1228 quod
1235 1157 1344 1213 dorsum
1357 1165 1384 1214 ei
1397 1167 1502 1229 tergum
1518 1157 1718 1229 despectionem
1739 1159 1787 1215 lici

153 1268 209 1315 tem
223 1258 304 1314 lateri
318 1258 436 1314 habilior
450 1265 538 1313 motus
554 1265 612 1324 esi,
632 1256 814 1322 imuolortior,
830 1258 947 1314 ctooeri
996 1249 1158 1322 siguiliccul,
1187 1248 1305 1303 ostendit
1323 1247 1407 1303 isaias
1430 1248 1524 1304 dicem
1547 1249 1582 1304 ad
1608 1248 1785 1306 israeliticam

154 1349 267 1405 ferendo
289 1348 527 1406 accommodatior,
552 1346 675 1404 undeet
698 1347 763 1402 laeva
781 1358 945 1419 nuncupata,
996 1340 1102 1411 plelrern
1120 1356 1127 1392 :
1144 1335 1179 1392 Et
1206 1346 1283 1392 crunt
1308 1337 1378 1393 oculi
1400 1338 1439 1392 tui
1463 1338 1576 1394 uidentes
1603 1351 1788 1411 preceptorem

155 1440 227 1510 quod
243 1438 334 1510 aptior
351 1437 387 1492 sit
406 1437 441 1492 ad
460 1436 603 1493 leuandum
619 1435 720 1507 aliquid
733 1446 761 1493 et
773 1437 946 1509 portandum.
996 1439 1084 1495 tuum,
1099 1437 1124 1483 et
1143 1443 1221 1482 antes
1234 1435 1287 1481 ‘nn’
1306 1426 1413 1480 “edient
1426 1443 1514 1481 vorem
1534 1436 1591 1499 pust
1612 1437 1713 1500 terpuut
1734 1446 1792 1485 rno-

155 1527 215 1598 ipsa
225 1526 301 1582 enim
317 1535 405 1597 gestat
414 1525 549 1597 clypeum,
571 1539 676 1592 ensem,
695 1525 850 1595 pharetram
862 1533 891 1580 et
906 1540 948 1581 re·
997 1521 1082 1576 neuris
1096 1520 1169 1593 (lau.
1194 1517 1280 1589 ast).
1299 1516 1381 1585 Quasi
1400 1518 1427 1574 iu
1448 1517 1544 1575 iaciem
1566 1520 1647 1576 homo
1671 1523 1792 1580 monitus

155 1618 227 1687 liqna
240 1631 325 1673 onera
341 1632 349 1670 a
364 1616 528 1686 utexpedita
542 1615 578 1671 sit
593 1616 687 1671 dextra
701 1615 736 1670 ad
750 1615 895 1687 agendum.
913 1616 947 1671 Et
997 1619 1050 1677 est,
1064 1611 1174 1682 quando
1187 1609 1366 1680 adjustitiam
1387 1610 1511 1665 conditus
1529 1620 1665 1683 precepta
1680 1614 1791 1670 rectitu-

155 1708 318 1771 uotaudum,
338 1705 411 1776 quod
430 1704 523 1761 lateris
534 1719 632 1759 nomen
648 1718 827 1775 synonymum
845 1712 898 1769 cst,
920 1712 949 1759 rt
998 1701 1069 1758 (bnis
1082 1701 1206 1772 accepit:
1223 1701 1269 1756 scd
1285 1715 1346 1756 curn
1359 1699 1455 1756 eadem
1468 1711 1603 1772 praecepta
1618 1705 1791 1776 contempsit,

154 1798 190 1853 ad
204 1797 282 1869 plura
296 1796 472 1868 signilicauda
487 1795 586 1851 babile.
608 1794 712 1851 Dicitur
723 1795 795 1851 euim
813 1795 885 1850 latus
896 1796 946 1851 bo·
962 1788 985 1845 n
999 1792 1077 1862 qrrnsi
1092 1792 1226 1848 conditori
1241 1806 1291 1848 suo
1306 1791 1417 1846 dorsum
1435 1793 1534 1848 mentis
1549 1791 1688 1850 infaciem
1706 1797 1791 1854 dedit.

155 1888 248 1954 minis,
266 1895 296 1943 et
312 1886 384 1943 latus
404 1886 525 1958 pecudis,
546 1886 616 1942 latus
636 1885 752 1952 aedibcii,
774 1895 802 1944 ct
819 1886 890 1943 latos
909 1887 948 1943 di·
998 1883 1054 1940 Sed
1076 1899 1140 1940 ecce
1163 1882 1252 1939 adbuc
1273 1890 1337 1953 post
1359 1891 1463 1953 tergum
1488 1883 1611 1954 seqnitur
1628 1894 1655 1941 el
1675 1895 1792 1944 moneta

155 1979 306 2034 mensionis
325 1985 405 2033 terras
418 1995 425 2033 ι
437 1994 496 2049 qnae
512 1979 602 2035 omnia
623 1978 689 2034 iocis
707 1978 764 2034 suis
781 1979 889 2050 pmpria
908 1979 948 2035 si·
997 1976 1062 2047 quia
1079 1973 1136 2043 iam
1152 1982 1209 2030 eta
1228 1973 1305 2030 uobis
1321 1981 1492 2043 contemptus
1513 1981 1566 2040 est,
1585 1983 1613 2030 et
1636 1983 1726 2032 tarucn
1743 1992 1793 2034 nos

156 2071 332 2142 gruiieatlooe
346 2070 518 2141 interpretari
530 2069 639 2125 debent
656 2070 757 2125 Tamen
776 2070 893 2126 bominis
909 2070 948 2125 la-
998 2066 1088 2121 adbuc
1100 2079 1199 2120 uocare
1212 2077 1266 2118 ooo
1280 2070 1380 2117 cessat.
1395 2062 1478 2130 Quasi
1490 2063 1600 2120 dorsum
1613 2064 1638 2121 ei
1652 2065 1792 2124 infaciem

157 2172 212 2228 tas,
228 2162 301 2233 quod
322 2177 384 2217 cum
403 2163 487 2218 costis
501 2162 630 2219 intestina
652 2165 778 2233 protegit,
796 2162 949 2235 signiticaro
998 2155 1131 2220 dminus,
1154 2152 1233 2223 0¹¹1sss
1250 2153 1333 2209 lesbi
1353 2153 1530 2224 debebimus,
1549 2155 1627 2226 0⁰1⁰ss
1639 2158 1721 2214 verba
1737 2158 1793 2214 cal·

157 2261 249 2325 potest
262 2252 459 2308 occultationes
479 2252 646 2308 lutemonun
668 2250 852 2307 consiiiomm.
873 2250 950 2307 liudc
998 2262 1094 2304 murus
1105 2264 1113 2303 ι
1126 2247 1175 2303 sed
1187 2262 1237 2304 uos
1254 2256 1314 2318 post
1336 2256 1442 2321 tergum
1454 2257 1531 2306 stans
1546 2265 1658 2308 aremus
1671 2264 1790 2323 reuocat,

157 2353 202 2400 cst
220 2345 299 2410 iilud,
321 2344 395 2415 quod
411 2343 541 2401 Conditor
558 2353 651 2400 nester
671 2344 815 2401 dormienti
836 2342 902 2399 Adae
917 2344 951 2399 de
999 2339 1045 2408 nui
1058 2337 1177 2404 stridet,
1193 2339 1475 2410 subinnuitiones
1487 2349 1578 2399 tauma
1592 2359 1642 2415 per
1656 2356 1793 2419 precepta

159 2439 248 2494 intere
260 2448 367 2509 sumpta
380 2453 433 2493 una
444 2445 518 2493 costa
529 2435 798 2492 condiditmuliercm
812 2433 894 2508 (Gen.
908 2435 950 2509 n),
999 2427 1108 2497 elambi.
1118 2430 1336 2501 perpetiendum
1345 2440 1495 2503 exspectat·
1507 2434 1717 2507 interscapulum
1731 2455 1794 2511 spa·

159 2544 222 2583 urm
236 2529 349 2599 mystice
362 2527 552 2599 praefigurabat
568 2526 717 2582 Ecclesiam
729 2526 763 2581 de
778 2525 862 2582 latere
873 2523 952 2581 Cirri-
1002 2521 1068 2577 tium
1084 2522 1193 2588 dicitur,
1207 2523 1280 2593 quod
1291 2524 1361 2579 inter
1375 2525 1499 2596 scapulos
1509 2535 1563 2592 ost,
1578 2529 1690 2587 undeet
1703 2533 1793 2587 nouri-

161 2618 197 2673 sti
214 2618 242 2673 iu
262 2633 344 2673 cruce
366 2632 415 2689 per
430 2625 544 2672 mortem
564 2615 643 2687 sopiti
666 2622 836 2672 sacramenta
857 2613 952 2671 solutis
1001 2621 1092 2668 natur.
1115 2611 1144 2668 in
1161 2613 1279 2684 scapulis
1293 2615 1366 2670 cuim
1385 2617 1702 2689 possumusinteliigere,
1716 2620 1794 2690 Juxta

160 2724 224 2766 esse
237 2709 354 2775 exitura,
368 2707 493 2764 uidelicet
510 2708 668 2779 sanguinem
680 2714 708 2761 et
719 2720 829 2774 aquarn,
843 2704 877 2761 de
889 2704 951 2774 qrri-
1001 2701 1169 2774 allegoriam,
1185 2704 1277 2760 oneris
1300 2705 1435 2761 sarcinam
1458 2724 1465 2760 ι
1486 2716 1516 2762 ιιι
1541 2716 1585 2766 ιιι
1611 2709 1695 2775 illud,
1720 2713 1793 2782 qnod

161 2798 215 2853 bus
244 2811 345 2868 sponsa
371 2795 408 2851 iili
432 2796 594 2851 conderetur
616 2793 748 2849 Ecclesia.
778 2791 953 2862 Tropoiogicc
1000 2792 1138 2848 Abrabam
1156 2792 1252 2848 tollens
1265 2808 1363 2864 paoem
1374 2802 1403 2850 et
1416 2805 1505 2852 utrem
1518 2811 1597 2868 aquas
1605 2797 1734 2869 imposuit
1745 2816 1794 2857 sn·

162 2905 230 2946 reru
243 2890 382 2945 sciendum
392 2896 444 2953 esi,
457 2887 820 2959 quianequaquumculmen
833 2895 954 2943 contem
1001 2897 1051 2953 pcr
1065 2882 1190 2953 scapulas
1209 2883 1283 2956 Agar
1296 2882 1380 2958 (Gen.
1393 2884 1457 2957 xxi)
1473 2905 1480 2941 :
1495 2887 1538 2944 uel
1561 2893 1733 2960 operationes
1752 2893 1795 2950 di·

161 2978 293 3051 plationis
308 2979 476 3051 attingimus,
497 2978 519 3034 si
538 2995 591 3035 noo
604 2979 638 3035 ab
654 2978 799 3034 exterioris
817 2993 890 3034 curte
902 2992 953 3048 op·
1004 2972 1200 3043 i'ernnbjlllin
1215 2973 1373 3045 illudentis!
1386 2975 1414 3031 in
1428 2975 1537 3034 Psalmo
1549 2979 1583 3034 lle
1595 2979 1650 3036 Deo
1662 2973 1807 3053 scriplum*

162 3070 304 3142 pressione
324 3084 472 3137 cessamus,
486 3083 655 3140 nequaquam
673 3066 852 3139 nosmetipsos
866 3066 953 3124 iutue·
1004 3069 1046 3119 est
1065 3079 1072 3117 ι
1087 3059 1208 3135 Scapulis
1218 3064 1274 3121 ruis
1296 3064 1460 3122 obumbrabit
1472 3066 1519 3122 tibi
1535 3066 1629 3142 (Paul.
1646 3070 1708 3137 xc).
1730 3072 1796 3131 Sea·

163 3178 239 3226 ruur,
256 3171 287 3217 nt
303 3162 421 3217 sciamus
433 3161 505 3217 aliud
520 3160 546 3216 'm
560 3159 639 3216 nolis
652 3174 712 3215 esse
727 3158 867 3224 rationale,
881 3160 952 3229 quod
967 3133 990 3196 C
1004 3154 1076 3224 puin
1090 3154 1198 3211 bonoim
1211 3165 1275 3212 suut
1286 3158 1458 3229 operationes
1470 3161 1646 3230 mirabilium,
1659 3175 1707 3236 per
1716 3182 1795 3237 quius,

163 3254 245 3323 repit,
261 3253 470 3319 aliodanimaic‚
484 3253 555 3323 quod
569 3252 673 3324 regitur
687 3268 695 3307 ι
709 3250 760 3307 uisi
773 3250 807 3307 ad
819 3259 953 3307 secretum
1005 3245 1079 3303 uelut
1092 3248 1253 3318 quibusdam
1275 3249 1407 3317 humeris,
1427 3253 1512 3311 uirtus
1556 3255 1645 3313 diuina
1661 3267 1797 3315 monstra·

163 3342 266 3399 sneorn
286 3351 457 3398 recurrentes
472 3343 507 3397 ab
520 3341 595 3398 omni
614 3342 733 3398 exterius
752 3342 954 3412 perturbatione
1005 3346 1058 3393 tur.
1072 3335 1148 3395 Unde
1158 3352 1221 3393 cunr
1234 3339 1289 3394 ileo
1302 3340 1430 3410 scapulas,
1444 3341 1515 3399 oculi
1532 3345 1707 3404 bracbiuroue
1726 3348 1795 3407 dici-

165 3433 315 3504 sopiamur.
330 3431 407 3501 Quod
421 3432 558 3490 silentium
570 3440 694 3487 nostrum
713 3432 782 3488 bene
793 3431 879 3487 Adam
890 3433 954 3487 dor-
1005 3428 1224 3493 succurendum
1242 3442 1414 3501 summopere
1434 3441 1486 3496 esi,
1502 3448 1537 3489 nc
1554 3435 1619 3506 quiid
1633 3437 1798 3497 insumens

165 3523 255 3578 micus
269 3520 403 3593 brunuli,
420 3522 453 3577 de
473 3521 551 3590 cujus
562 3536 624 3577 mos
638 3521 723 3577 latere
738 3522 834 3578 urulier
848 3537 956 3592 proces-
1004 3534 1164 3591 corporeum
1173 3521 1333 3591 suspicetur.
1342 3522 1371 3577 in
1379 3526 1709 3599 aullrmpomorplritarmu
1720 3549 1798 3587 unui-

166 3613 222 3678 sit;
236 3612 300 3683 onia
311 3611 435 3682 quisquis
450 3611 484 3667 ad
503 3611 633 3668 interiora
649 3611 821 3683 intelligenda
839 3612 954 3683 rapitur,
1005 3627 1059 3682 que
1071 3613 1196 3669 heresim
1210 3615 1306 3671 cadere
1316 3623 1359 3670 est
1369 3631 1443 3682 eum,
1465 3617 1512 3688 qui
1529 3618 1736 3693 incircumsepte
1750 3623 1799 3679 im·

166 3704 284 3759 erebus
305 3703 455 3759 visibilibus
474 3703 574 3759 mentis
594 3703 688 3759 oculos
705 3703 825 3760 claudit:
843 3712 871 3761 et
893 3712 957 3761 tuuc
1006 3703 1062 3773 piel
1075 3711 1104 3759 ct
1115 3704 1346 3775 circumplectitur
1358 3707 1450 3763 omorio
1466 3708 1537 3765 inter
1548 3712 1698 3780 corporalia
1712 3712 1798 3770 iirrca·

167 3793 195 3850 lo
204 3808 236 3849 se
252 3793 312 3865 ipsc
330 3793 373 3849 rel
386 3808 449 3864 qua
459 3808 574 3864 pracesse
587 3795 702 3850 uiriliter
716 3796 832 3851 debeant
841 3795 884 3853 uel
897 3812 958 3867 quac
1006 3800 1099 3848 senta
1111 3794 1282 3851 concludere.
1297 3794 1352 3853 Sed
1365 3797 1536 3868 curcipoteus
1556 3800 1628 3857 [leus
1640 3802 1673 3857 ad
1688 3818 1737 3858 sua
1751 3821 1801 3859 uros

167 3884 281 3939 subesse
291 3884 405 3954 possint,
423 3884 529 3940 iobrma
548 3885 698 3957 distinguit,
720 3894 750 3941 ut
769 3886 842 3942 aliud
859 3887 957 3959 inipso
1007 3883 1130 3949 trslrcus,
1146 3885 1276 3954 usquead
1289 3894 1381 3943 nostra
1397 3884 1563 3943 seburuiiiat
1575 3903 1584 3944 ι
1598 3897 1680 3958 atque
1702 3899 1732 3945 nt
1745 3892 1799 3946 alto

167 3974 226 4041 sit,
244 3974 317 4044 quod
340 3989 436 4046 repere
454 3974 542 4030 raleat
562 3984 689 4046 tauquam
709 3976 754 4033 vir
768 3995 776 4031 :
792 3976 875 4043 aliud,
899 3986 958 4033 tau-
1008 3972 1168 4040 insinueret,
1190 3976 1338 4033 humilibus
1358 3977 1560 4045 condescendit,
1583 3987 1718 4049 quatenus
1737 3997 1800 4051 par-

167 4080 252 4138 quam
268 4064 380 4133 leonina,
395 4066 468 4135 quod
490 4075 609 4136 meatur.
626 4067 741 4123 Dorsum
760 4075 832 4123 esta
852 4070 958 4124 ceruice
1008 4062 1081 4119 ruiis
1096 4065 1203 4121 animus
1216 4066 1297 4123 rebus
1311 4067 1428 4136 coguitis
1442 4066 1577 4122 enutritus
1589 4069 1623 4121 sd
1639 4069 1800 4137 irrcrrirerrda

168 4170 257 4226 usque
271 4156 305 4212 ad
319 4169 409 4212 rencs.
423 4156 529 4211 ilicium
543 4165 633 4212 autern
644 4158 765 4222 dorsum
779 4159 851 4228 ormd
864 4159 901 4214 sit
911 4175 958 4214 su·
1008 4165 1138 4229 exsurgat
1151 4155 1297 4225 incontritus,
1313 4164 1394 4226 atqrre
1410 4155 1446 4212 ad
1458 4171 1533 4222 cunr,
1554 4157 1602 4226 poi
1623 4157 1701 4229 lunge
1718 4174 1800 4230 super

168 4244 297 4315 perficies
309 4244 403 4302 derisu
416 4260 530 4316 corpore
544 4246 574 4303 ln
590 4246 700 4302 modum
712 4248 771 4303 saxi
787 4247 865 4304 lortis
882 4258 910 4305 et
924 4250 959 4306 ad
1008 4248 1097 4319 ipsum
1111 4254 1163 4311 est,
1177 4247 1299 4315 numam
1308 4244 1388 4316 iusta
1407 4260 1438 4303 se
1448 4246 1569 4312 audiens,
1594 4249 1672 4319 quasi
1686 4250 1799 4320 ortibus

169 4334 333 4405 peruudrrm
346 4335 426 4390 etad
443 4335 658 4406 perpetiendum.
681 4334 769 4408 Terga
791 4337 855 4407 usia
879 4338 906 4394 iu
926 4353 959 4395 ca
1009 4338 1072 4394 daur
1090 4338 1124 4395 ad
1146 4337 1222 4392 iilum
1240 4336 1365 4408 passibus
1387 4345 1538 4395 intucatur.
1564 4336 1680 4397 lindebi
1702 4351 1733 4396 ut
1755 4359 1803 4413 per

169 4427 260 4497 supini
280 4427 402 4499 mosmos
422 4427 450 4484 in
474 4436 546 4484 terra
563 4428 654 4498 :quod
674 4428 749 4485 solus
765 4430 847 4485 borno
860 4437 957 4500 potest.
1010 4429 1172 4500 scripturam
1186 4443 1264 4483 suam
1280 4428 1454 4499 aliquandoa
1474 4429 1632 4501 corporibus
1648 4431 1800 4499 homiuum,

170 4515 241 4572 Νιιιι
264 4525 339 4573 muta
361 4515 465 4591 [bruta]
487 4518 613 4574 animalia
631 4527 735 4574 nutum
754 4528 801 4575 aut
820 4520 849 4576 iu
865 4529 959 4576 senne
973 4481 997 4542 D
1010 4520 1157 4592 aliquando
1173 4535 1189 4575 a
1208 4519 1364 4585 mentibus,
1392 4520 1537 4590 aliquando
1556 4536 1622 4579 uero
1642 4522 1677 4577 ab
1695 4524 1802 4591 auibus,

170 4614 220 4663 aut
232 4607 260 4664 io
275 4607 360 4663 latere
376 4606 478 4677 iacent.
496 4607 572 4666 liade
587 4609 790 4667 inanimalibus
803 4611 958 4684 rergsabu·
1011 4610 1154 4680 aliquando
1174 4610 1255 4666 edam
1270 4610 1305 4666 alr
1320 4609 1463 4667 insensatis
1475 4611 1557 4667 rebus
1569 4612 1702 4681 quasdam
1722 4612 1801 4685 long:

171 4697 232 4753 sire
251 4696 378 4753 dicuntm
393 4695 519 4769 scapniae.
540 4698 654 4754 bersum
674 4698 783 4769 quidem
804 4709 887 4771 atque
906 4710 959 4758 ter-
1011 4700 1156 4758 dissimiles
1183 4699 1210 4755 io
1235 4715 1266 4757 se
1294 4699 1485 4757 similitudines
1511 4702 1611 4758 trabat.
1639 4703 1803 4774 Plerumque

172 4802 247 4859 gare,
270 4801 303 4843 eo
315 4788 386 4859 quod
400 4795 463 4844 suut
476 4790 641 4859 posteriores
654 4799 747 4861 partes
758 4792 890 4862 corporis,
912 4800 961 4848 aut
1010 4792 1084 4848 euim
1112 4805 1129 4846 ιι
1140 4790 1301 4861 corporibus
1327 4790 1467 4846 bominum
1492 4790 1520 4846 in
1545 4806 1575 4848 se
1598 4792 1803 4849 similitudinem

173 4875 266 4948 lugam
284 4874 447 4947 significant,
467 4886 497 4933 ut
513 4886 556 4933 est
567 4877 632 4933 iliud
652 4879 813 4947 immiste,
827 4897 882 4952 quo
896 4883 958 4939 ait:
1011 4883 1096 4938 trabit
1114 4900 1122 4937 ι
1138 4881 1209 4939 sicul
1223 4882 1256 4938 dc
1270 4896 1304 4937 eo
1320 4882 1440 4953 speranti
1459 4882 1561 4938 bomini
1575 4897 1625 4953 per
1642 4883 1803 4953 proplietam

174 4967 211 5022 ie'r
230 4967 394 5024 ἰιιίιιιὶιοιιιιιι
413 4985 530 5025 ιιιωιιιιιι
547 4970 643 5027 dedisti
664 4974 729 5030 milri
748 4974 856 5031 dorsum
874 4973 960 5049 (Paci.
1015 4974 1115 5030 dicitur
1132 4990 1140 5028 ι
1156 4971 1190 5028 ln
1211 4971 1325 5044 mancile
1345 4972 1508 5028 obumbrabit
1522 4971 1568 5027 tibi
1590 4972 1804 5044 (ibid.):cu1n

173 5058 263 5131 ιιιι);
275 5069 304 5117 et
324 5059 390 5117 alibi
412 5060 542 5133 scriptum
559 5072 601 5118 est
613 5081 620 5117 :
634 5072 707 5136 temo
731 5076 862 5122 uertrrruu
884 5066 952 5140 (ier
1015 5073 1130 5132 constet,
1146 5066 1217 5135 quod
1232 5065 1258 5120 io
1279 5072 1375 5119 natura
1395 5080 1444 5119 sua
1466 5079 1517 5120 nec
1534 5063 1640 5120 oculum
1657 5063 1740 5132 bers,
1754 5079 1804 5121 oce

170 5151 521 5227 periboaodsiguibcare
532 5162 622 5225 potest
637 5157 806 5213 aversionem
816 5174 961 5230 pravorum
1015 5155 1139 5226 scapulas
1157 5155 1264 5221 babeat,
1288 5169 1339 5210 uec
1361 5163 1459 5210 caetera
1481 5153 1645 5209 documenta
1668 5155 1805 5210 membro·

122 5285 135 5305 .
174 5258 190 5300 a
205 5241 432 5310 mundicors
447 5244 644 5313 despectionem
657 5260 727 5301 uera
741 5245 879 5318 religionis
890 5264 898 5302 t
910 5248 964 5305 sic·
1015 5262 1086 5302 mm.
1101 5244 1154 5302 Sed
1167 5246 1232 5316 quia
1252 5259 1301 5301 nos
1314 5258 1363 5317 per
1377 5244 1485 5300 oculum
1499 5242 1646 5309 cernimus,
1660 5243 1689 5301 ia
1704 5260 1802 5316 mapu-

174 5344 206 5392 ut
226 5336 255 5391 iu
274 5334 425 5393 Ezechielis
438 5334 541 5390 risione
557 5334 669 5407 (nect.
685 5335 749 5409 ιιιι)
768 5337 897 5408 scripturn
909 5349 962 5407 cst,
1015 5335 1050 5391 lis
1063 5349 1220 5391 uerooucrs
1234 5333 1407 5397 uudncmus,
1422 5333 1494 5388 Deus
1515 5333 1586 5403 quod
1598 5334 1688 5392 orunia
1700 5336 1802 5403 rideat,

174 5426 247 5497 uncti
263 5426 315 5482 riri
333 5432 452 5490 mutes,
471 5431 566 5479 contra
581 5424 709 5496 ternplum
721 5425 801 5482 dorsa
817 5442 894 5484 vcrsa
915 5428 964 5484 bs·
1013 5425 1120 5483 oculum
1142 5424 1243 5480 babere
1262 5423 1421 5494 perbibctur
1435 5423 1526 5492 :quod
1544 5437 1610 5481 uero
1633 5439 1684 5481 uos
1703 5424 1805 5482 toleror

176 5515 282 5581 berem,
301 5525 330 5571 et
341 5513 411 5571 iacis
425 5513 592 5583 respicerent
608 5514 642 5571 ud
656 5514 722 5571 solis
738 5523 838 5572 ortum.
854 5515 922 5573 item
935 5518 963 5573 in
1012 5524 1095 5588 atque
1116 5529 1150 5571 eo
1164 5515 1232 5587 ipso,
1248 5529 1302 5586 quo
1316 5511 1422 5579 tolerat,
1443 5522 1544 5579 servat,
1563 5514 1728 5571 obumbrare
1751 5530 1803 5573 nos

176 5607 258 5664 dorsu»
269 5606 312 5663 rd
328 5616 405 5678 tergo
416 5605 603 5678 signillcautur
618 5590 742 5677 circum
760 5605 879 5674 dolores,
895 5623 964 5679 nuos
1014 5608 1042 5664 iu
1052 5605 1171 5678 scapulis
1182 5605 1289 5662 dicitur.
1301 5603 1350 5661 su
1367 5603 1439 5660 enim
1453 5620 1461 5659 ι
1474 5605 1502 5659 iu
1516 5603 1630 5673 ecmelis
1640 5607 1696 5662 asir
1710 5607 1806 5663 obsat-

178 5698 259 5755 ldatis
272 5699 432 5756 uerberibus
444 5696 532 5754 suuni
546 5697 597 5753 riri
611 5696 791 5755 sustiuebunt
807 5697 884 5757 Unde
899 5715 964 5771 pro·
1014 5701 1098 5758 brabit
1119 5699 1233 5758 tibitac
1249 5699 1272 5756 si
1289 5698 1394 5754 diceret
1410 5697 1546 5770 peccatori
1568 5698 1671 5756 bonrinl
1691 5709 1721 5756 et
1742 5712 1808 5773 pust
