4042 6200
171 481 223 537 751
561 482 743 541 EXPOSITIO
760 482 795 539 tn
814 480 1013 540 inotescit
1034 482 1240 543 saponariis.
1261 517 1296 527 -
1315 486 1380 543 hin.
1399 487 1432 543 li.
1754 489 1805 547 tas

169 615 229 672 quae
239 598 348 667 quidem
360 597 489 669 evigilati
499 604 624 669 optatur
636 615 744 655 rursum
753 599 817 656 tint
826 597 959 670 reperiat:
975 600 999 659 Α
1013 618 1059 660 sus
1074 602 1202 674 spiritalis
1219 603 1357 675 aliquanto
1371 621 1433 661 cum
1455 606 1549 663 labore
1563 606 1605 663 rel
1626 622 1702 664 mora
1716 609 1802 679 percl-

169 693 231 762 quia
249 689 374 760 quamtis
388 705 483 745 somno
499 691 617 762 torporis
629 707 645 747 a
658 693 699 748 sui
718 692 840 749 custodia
855 706 963 763 prema·
1014 696 1096 766 pitur.

168 793 224 848 tur,
237 782 350 853 vigilare
362 787 451 837 tamen
465 781 500 837 ad
511 796 591 839 critas
601 783 693 839 saculi
709 784 845 839 nititurut
855 797 964 853 semper
1051 784 1094 842 Ne
1112 787 1245 842 insidieris
1261 796 1285 842 et
1299 803 1403 858 quaerat
1417 787 1575 860 impietatem
1589 790 1616 844 ia
1632 790 1710 844 doato
1720 788 1789 861 ittrti
1797 831 1805 856 ,

169 876 354 945 voluptatibus
367 876 498 932 ebrietur.
523 876 558 931 lit
574 892 637 933 cum
657 877 691 933 ad
709 876 775 932 illud
791 876 918 942 dormiat,
933 875 961 930 in
1015 896 1097 950 aeque
1113 890 1195 936 aester
1207 881 1321 952 requiem
1337 879 1404 951 eiat.
1421 878 1460 936 Ne
1475 895 1584 952 quaeras
1597 880 1714 950 aliquam
1727 896 1807 938 ocea-

168 983 223 1041 quo
237 968 352 1024 solerter
366 967 477 1042 vigilare
493 970 632 1036 debuerat,
648 970 682 1026 ad
703 970 768 1026 illud
782 969 895 1041 vigilare
916 985 964 1041 ap·
1015 974 1120 1029 sionem
1137 989 1187 1044 per
1200 987 1281 1043 quam
1296 973 1409 1044 deroges
1420 971 1523 1027 homini
1533 969 1617 1041 iusto,
1632 971 1676 1026 ille
1695 972 1806 1028 enimsi

168 1061 236 1131 petit
252 1061 287 1115 ad
298 1060 371 1131 quod
385 1060 557 1117 laudabiliter
568 1062 688 1118 dormire
702 1062 845 1133 potuisset.
1015 1063 1153 1131 ceciderit,
1167 1063 1220 1120 cito
1240 1070 1347 1120 amaret
1367 1063 1463 1134 pedem
1479 1079 1575 1128 suum,
1592 1073 1619 1119 et
1641 1070 1716 1119 caret
1729 1063 1805 1128 uitio,

448 1150 563 1208 centn
585 1151 683 1210 XXIV.
1015 1157 1086 1227 quod
1100 1174 1153 1214 non
1167 1156 1281 1212 iteratur
1292 1157 1319 1211 in
1331 1155 1413 1212 iacto.
1423 1157 1500 1227 lmpii
1511 1165 1600 1212 autent
1612 1156 1652 1212 sic
1663 1165 1804 1221 corruunt,

176 1321 179 1326 .
203 1240 247 1298 Ne
261 1242 392 1298 aemuleris
413 1244 482 1298 eirot
496 1242 598 1309 malet,
614 1261 661 1298 aec
678 1243 809 1299 desideret
830 1259 885 1298 este
903 1259 963 1298 eam
1015 1255 1046 1302 ut
1061 1246 1173 1303 ulterius
1187 1263 1241 1304 nun
1256 1247 1378 1305 redeant.
1394 1245 1471 1304 Sicut
1489 1247 1687 1320 subsequenter
1702 1246 1807 1304 addidit

167 1334 215 1396 eit,
231 1339 285 1388 etc.
303 1330 344 1388 Ne
357 1330 495 1388 desideres
508 1346 556 1389 eos
569 1331 670 1388 imitari
691 1348 760 1403 quos
774 1332 848 1388 ritiis
863 1332 917 1387 illis
931 1332 965 1387 de
1016 1338 1124 1394 dicens:

167 1425 268 1496 quibus
287 1423 496 1480 commemorati
519 1424 621 1482 rideris
644 1425 788 1496 implicari,
804 1426 852 1482 sed
873 1424 965 1495 potius
1052 1427 1153 1499 Septies
1176 1430 1244 1485 enim
1267 1431 1338 1485 cadit
1353 1430 1445 1502 justat
1460 1438 1484 1485 et
1498 1430 1621 1501 resarpit,
1631 1428 1706 1501 impii
1718 1438 1807 1484 autem

168 1513 308 1584 sapientiae
318 1527 430 1584 operam
445 1514 511 1569 dare
525 1521 630 1569 curato.
1016 1527 1135 1572 corruent
1146 1518 1174 1571 itt
1184 1517 1293 1574 molam.
1303 1516 1443 1586 Quomodo
1455 1519 1641 1590 antemiustus
1656 1517 1807 1588 appellatur

158 1601 163 1612 ’
203 1604 239 1660 ia
257 1605 379 1661 doctrina
393 1605 691 1677 repieiartrtreellarim
706 1606 827 1662 aritersa
840 1606 963 1662 tubalea·
1016 1608 1061 1677 qui
1075 1606 1182 1673 cadere,
1196 1607 1223 1663 id
1237 1617 1280 1664 est
1300 1624 1423 1680 peccare,
1439 1620 1616 1677 memoratur,
1630 1610 1681 1666 nisi
1697 1609 1808 1679 quiade

167 1697 206 1752 tia
220 1697 334 1769 pretiosa
347 1695 564 1768 etpalcirerrima.
580 1695 695 1752 Cellaria
707 1705 771 1753 sunt
784 1696 864 1752 corda
874 1693 964 1764 justo·
1015 1692 1121 1751 lerihus
1133 1696 1350 1768 quotidianisque
1363 1698 1484 1770 loquitur
1493 1700 1621 1772 peccatis,
1637 1700 1696 1756 sinc
1709 1701 1808 1771 quibus

167 1801 313 1855 rumque
326 1802 381 1842 non
394 1785 447 1842 nisi
462 1800 511 1857 per
525 1784 677 1841 doctrinam
690 1785 831 1856 sapientiae
844 1784 965 1841 donariis
1016 1800 1066 1842 nec
1076 1785 1212 1857 iustorum
1228 1788 1361 1860 quispiam
1377 1804 1437 1846 esse
1450 1790 1478 1845 in
1492 1792 1544 1848 bac
1557 1792 1611 1847 rita
1631 1792 1727 1862 potuit,
1743 1791 1806 1863 quia

167 1879 300 1935 virtutum
316 1878 463 1948 replentur.
1015 1876 1145 1931 nimirum
1156 1891 1205 1948 per
1219 1877 1408 1948 ignorantiam,
1421 1894 1470 1951 per
1480 1878 1653 1947 oblivionem,
1669 1895 1719 1951 per
1731 1880 1806 1952 cogi-

205 1970 255 2026 i'ir
274 1972 390 2041 rapiens,
404 1968 482 2041 fortis
503 1977 558 2034 est,·
578 1977 601 2023 et
623 1968 662 2023 uir
684 1968 786 2029 doceat,
804 1966 925 2022 robustas
939 1975 963 2022 et
977 1949 1001 2008 Β
1016 1969 1154 2033 tationem,
1168 1983 1216 2039 por
1229 1984 1393 2036 sermonem,
1408 1985 1457 2041 per
1470 1969 1680 2041 subreptionem,
1695 1986 1745 2041 per
1759 1986 1806 2028 ne-

167 2060 280 2117 rair'dat.
297 2058 357 2116 Non
373 2059 463 2115 omnis
477 2058 523 2128 qui
541 2057 620 2113 lortis
637 2065 665 2113 et
684 2056 793 2127 sapiens
806 2063 858 2120 est,
874 2056 964 2110 omnis
1015 2060 1180 2127 cessitatem,
1196 2075 1245 2133 per
1268 2059 1443 2133 lragilitatem
1458 2062 1550 2117 carnis
1572 2060 1686 2132 singulis
1709 2061 1805 2118 diebus

167 2160 260 2208 autem
274 2151 382 2222 sapiens
395 2157 424 2205 et
442 2148 521 2205 tortis
534 2161 594 2203 esse
614 2146 745 2202 dicendus
766 2153 818 2212 est,
832 2145 896 2216 quia
912 2145 964 2200 etsi
1014 2151 1057 2209 rel
1071 2151 1147 2207 inriti
1160 2158 1187 2207 ct
1199 2150 1319 2207 volentes
1339 2150 1496 2224 frequenter
1509 2159 1614 2206 reatum
1630 2150 1803 2213 incurrimus,

166 2258 283 2315 corpote
292 2241 495 2308 imbecillisost,
507 2241 529 2296 si
541 2239 611 2296 adsit
623 2239 770 2311 sapientia,
782 2238 873 2294 omnia
885 2236 964 2296 lortis
1013 2251 1042 2300 et
1061 2251 1152 2299 emen
1173 2243 1291 2314 resurgit
1308 2240 1409 2313 justus,
1421 2242 1549 2299 videlicet
1571 2242 1635 2315 quia
1647 2241 1738 2312 justus
1752 2249 1804 2308 cst,

165 2333 325 2401 adversarii,
342 2333 368 2389 id
382 2341 426 2389 est
436 2332 537 2387 diaboli
550 2330 700 2387 certamina
715 2330 809 2387 vincit.
1014 2350 1065 2391 aec
1077 2332 1216 2404 injustitie
1231 2332 1289 2403 eius
1302 2332 1460 2406 prejudicat
1480 2333 1571 2404 lapsus
1585 2332 1739 2404 tragilitatis
1753 2333 1805 2388 hu·

203 2422 317 2479 Excelsa
336 2422 417 2478 ttatto
439 2422 580 2494 rapientia,
599 2422 627 2477 ia
646 2431 722 2491 parta
743 2438 795 2478 nort
815 2420 912 2494 aperiet
933 2439 963 2478 ot
1014 2439 1110 2490 mance,
1125 2426 1196 2481 unde
1209 2424 1278 2481 bene
1292 2439 1354 2481 cum
1365 2423 1398 2480 de
1409 2423 1476 2494 justi
1489 2439 1554 2480 casu
1566 2424 1732 2495 loqueretur,
1749 2438 1804 2480 non

167 2531 256 2571 mart.
272 2513 330 2570 Non
348 2520 438 2585 potest
452 2513 552 2570 stultus
571 2513 604 2567 ad
629 2512 792 2583 sapientiam
817 2512 961 2584 attingere,
1015 2513 1119 2571 addidit
1130 2515 1157 2570 in
1170 2514 1271 2571 malum
1286 2535 1292 2570 :
1306 2514 1369 2585 quia
1383 2515 1435 2571 etsi
1449 2513 1549 2571 malum
1559 2514 1682 2584 estquod
1694 2515 1804 2578 cadunt,

167 2607 223 2663 alta
233 2612 275 2662 est
288 2606 362 2662 enim
373 2606 407 2661 ab
418 2620 451 2661 eo
465 2604 510 2675 qui
525 2604 553 2660 in
565 2603 666 2659 inllmis
676 2603 750 2675 jacet
761 2603 898 2660 vitiorum.
910 2603 962 2673 Qui
1014 2620 1049 2662 ne
1073 2606 1203 2661 tamenin
1219 2605 1291 2661 malo
1305 2605 1376 2677 quod
1398 2604 1549 2662 inciderant
1569 2604 1674 2661 herere
1697 2604 1803 2677 possint
1871 2613 1883 2627 ·

168 2699 221 2754 etsi
237 2698 264 2752 in
279 2695 407 2768 praesenti
419 2710 448 2751 se
463 2694 565 2766 aliquid
579 2709 676 2766 sapere
687 2700 773 2764 putat,
789 2693 816 2749 in
831 2704 909 2767 porta
923 2701 964 2749 ta·
1014 2694 1095 2750 citius
1108 2696 1273 2768 resurgendo
1284 2703 1440 2767 procurant.
1455 2695 1612 2752 buteontra
1622 2696 1656 2751 de
1670 2696 1804 2766 reprobis.

169 2802 232 2843 men
247 2786 377 2851 civitatis,
391 2785 417 2841 id
432 2793 473 2841 est
488 2785 515 2840 in
528 2784 602 2841 exitu
618 2785 680 2840 ritae
692 2784 772 2855 hujus
786 2784 905 2841 inueniet
919 2784 963 2840 ni·
1015 2783 1095 2857 impii
1109 2794 1207 2854 autem,
1221 2787 1318 2858 inquit,
1334 2795 1455 2842 corruent
1477 2787 1504 2842 itt
1525 2786 1635 2855 malam,
1650 2787 1713 2858 quia
1732 2787 1806 2843 rido-

168 2876 210 2935 tul
220 2877 305 2935 luisse
318 2879 390 2948 qttod
403 2877 503 2948 sapuit.
653 2869 658 2876 '
1015 2879 1078 2937 licet
1093 2880 1167 2951 impii
1181 2896 1242 2937 cum
1259 2879 1421 2947 ceciderint,
1433 2889 1459 2936 ct
1474 2882 1545 2954 quod
1565 2891 1607 2938 est
1623 2882 1732 2952 gravius
1746 2894 1807 2938 onr-

206 2967 260 3036 Qui
269 2970 365 3040 cogitat
380 2967 559 3038 malefacere,
570 2966 667 3022 stultat
678 2967 822 3022 vocabitur.
838 2967 878 3025 Ne
887 2976 963 3038 puta·
1015 2972 1130 3039 ruerint,
1144 2981 1175 3026 ιιι
1187 2970 1329 3043 Scriptura
1347 2971 1422 3038 dicit,
1438 2971 1466 3027 id
1479 2980 1521 3028 est
1533 2988 1596 3029 cum
1610 2972 1735 3044 capitalia
1748 2972 1803 3029 cri·

169 3074 216 3117 res
228 3058 340 3116 stultum
358 3056 547 3116 :estimandum
566 3054 650 3114 luisse
664 3072 725 3113 curn
745 3073 825 3129 quem
838 3057 963 3115 hebetem
1015 3061 1089 3118 mina
1102 3062 1295 3134 perpetrarint,
1311 3060 1349 3117 ita
1363 3076 1412 3117 suo
1426 3061 1501 3117 casui
1515 3061 1674 3119 delectando
1687 3076 1804 3119 consen·

171 3155 332 3224 tardumque
344 3151 451 3224 ingenio
464 3152 583 3218 rideres,
597 3152 685 3225 palam
699 3153 828 3216 ostendit,
842 3153 906 3223 quia
918 3152 964 3211 ille
1016 3153 1099 3218 liunt,
1117 3161 1147 3209 ut
1160 3153 1258 3210 abhoc
1271 3153 1428 3224 poenitendo
1444 3152 1557 3209 relevari
1573 3152 1731 3225 despiciant.

170 3246 269 3303 stultus
281 3246 317 3301 sit
330 3244 477 3311 vocandus,
498 3245 544 3316 qui
560 3243 602 3299 rel
624 3244 651 3299 ia
671 3244 836 3317 cogitatione
858 3245 963 3315 peccati
1050 3244 1118 3303 Cam
1130 3245 1250 3302 ceciderit
1261 3246 1382 3301 inimicus
1391 3254 1502 3310 tautane
1515 3244 1641 3316 gaudeat,
1653 3253 1677 3299 et
1689 3245 1718 3299 ia
1729 3243 1808 3299 raino

172 3335 390 3410 suggestionibus
403 3336 553 3402 consentit,
569 3335 676 3391 tametsi
691 3349 756 3391 acer
770 3335 877 3405 ingenio
890 3310 1000 3392 ttitlc·C
1016 3338 1074 3411 ejus
1089 3355 1121 3393 tte
1131 3336 1241 3393 extoilet
1253 3354 1300 3392 cor
1311 3347 1397 3405 tuam,
1413 3353 1445 3392 rte
1458 3337 1525 3407 sorte
1539 3335 1624 3391 rideat
1639 3334 1768 3391 bantinus
1782 3342 1806 3389 tt

171 3436 216 3484 tur
237 3428 366 3494 existere,
382 3442 436 3483 oon
459 3434 550 3483 autem
574 3426 619 3481 ille
640 3426 697 3498 qui,
714 3426 765 3481 etsi
783 3426 868 3482 hebes
881 3442 965 3483 seusu
1017 3430 1152 3503 displiceat
1167 3432 1207 3499 ei,
1221 3440 1245 3486 et
1258 3431 1363 3503 auferat
1376 3429 1408 3485 ai
1423 3448 1453 3485 eo
1466 3430 1535 3484 iram
1555 3445 1642 3485 tram.
1667 3426 1755 3499 Supra
1767 3424 1810 3496 ju·

171 3528 298 3592 apparet,
311 3519 364 3574 liei
383 3529 473 3576 tamen
487 3518 682 3589 imperiisque
697 3518 802 3574 discere
816 3518 903 3589 potuit
916 3519 966 3575 ob-
1016 3530 1058 3579 sto
1072 3521 1184 3579 insidias
1198 3522 1309 3579 tendere
1321 3521 1425 3588 uetuit,
1439 3534 1511 3577 nunc
1525 3528 1615 3576 autem
1631 3525 1661 3574 ut
1676 3526 1701 3574 te
1716 3515 1808 3588 peric·

171 3620 324 3684 temperare
338 3611 480 3682 disposuit·
1016 3624 1089 3673 ctum
1104 3615 1198 3672 reddat
1213 3615 1240 3671 in
1255 3614 1391 3682 omnibus,
1404 3615 1486 3670 eliam
1498 3614 1624 3680 inimicis,
1638 3628 1700 3669 curn
1712 3625 1810 3684 pecca·

208 3702 239 3760 St'
250 3702 426 3773 desperaverit
439 3699 525 3756 lauat
538 3701 565 3755 t'lt
578 3701 623 3755 die
639 3698 780 3771 addidicit
794 3698 966 3753 {diminutivi
1015 3705 1114 3772 verint,
1129 3713 1176 3761 aut
1189 3705 1290 3776 aliquid
1302 3704 1475 3761 adversitatis
1487 3704 1662 3767 incurrerint,
1678 3701 1808 3758 insultare

173 3792 366 3860 fortitudotaa.
381 3789 452 3846 Nihil
462 3789 658 3846 exsecrabilius
671 3789 871 3859 desperatione,
882 3802 964 3859 quam
1014 3796 1148 3870 prohihet,
1164 3811 1199 3852 ne
1213 3796 1281 3853 serie
1293 3797 1315 3852 st
1329 3797 1476 3852 misereque
1489 3796 1603 3850 pomino
1621 3794 1655 3851 eq
1674 3793 1811 3865 poentten.

172 3884 218 3954 oui
234 3883 371 3947 ttuuueut,
383 3891 410 3938 et
421 3883 448 3937 iu
463 3881 634 3955 generalibus
648 3879 728 3950 hujus
742 3879 803 3934 utta
817 3878 964 3943 laboribus,
1016 3888 1081 3943 uam
1099 3886 1268 3958 salutemque
1283 3888 1379 3943 aalma
1396 3886 1539 3952 redierint,
1554 3901 1587 3941 ue
1600 3893 1687 3941 tecum
1701 3884 1809 3941 odotem

170 3982 208 4040 ii,
224 3974 297 4043 (111οᾱ
311 3974 430 4028 imiimi
444 3980 532 4039 ῐιθῦθῑ,
554 3972 581 4027 5¹¹
597 3970 659 4028 fidei
675 3969 823 4026 ceilamisse
836 3976 964 4024 wilstan·
1016 3977 1163 4034 amicitiam
1174 3976 1736 4047 baterereperiremuscrubescasquta
1748 3974 1810 4032 illos

172 4067 238 4123 tiam
255 4065 422 4123 tortitudinis
438 4068 536 4138 perdit.
1015 4067 1160 4139 aliquando
1181 4067 1346 4139 despexeris,
1358 4082 1427 4137 quos
1451 4067 1537 4139 gratia
1558 4065 1649 4121 divina
1669 4067 1702 4121 ad
1723 4065 1807 4120 ritam

205 4158 280 4213 Erae
291 4176 335 4215 eat
346 4160 392 4231 qai
404 4159 537 4214 daeaatar
552 4160 754 4225 semetsemet
766 4160 812 4230 qai
824 4157 965 4212 traduntur
1015 4167 1184 4224 servaverat,
1197 4158 1245 4214 sed
1269 4166 1400 4228 quantum
1414 4165 1492 4229 potes
1508 4155 1662 4228 iacentibus
1684 4153 1806 4217 condole,

170 4251 350 4307 adimeritam
360 4251 470 4307 liberare
481 4268 513 4307 tte
523 4268 614 4307 cester.
627 4250 721 4307 Potest
735 4249 851 4322 mystice
865 4248 964 4318 accipi,
1015 4268 1115 4324 eosque
1136 4260 1165 4307 ut
1189 4265 1332 4323 resurgere
1360 4250 1476 4307 debeant
1498 4248 1606 4319 adjura,
1623 4256 1651 4302 et
1670 4248 1692 4303 si
1715 4254 1807 4302 rutum

169 4358 235 4399 erue
250 4343 355 4412 eosqui
370 4343 404 4399 ah
415 4343 550 4399 hereticis
564 4344 751 4414 decipiuntur,
765 4351 869 4397 rectam
883 4340 963 4395 iidem
1015 4354 1196 4416 conatumque
1209 4358 1288 4400 suum
1304 4341 1426 4412 sequitur
1438 4339 1562 4407 ellectus,
1578 4338 1708 4412 gaudebis
1722 4339 1755 4394 de
1768 4353 1810 4393 sa-

169 4433 353 4505 predicando,
367 4433 451 4490 libera
465 4425 598 4489 bonorum
620 4448 733 4504 operum
750 4432 873 4502 exempla
886 4446 964 4487 mon·
1014 4444 1088 4503 nato,
1102 4450 1182 4506 quem
1205 4433 1274 4490 male
1300 4431 1443 4488 habentem
1464 4430 1599 4497 dolueras,
1611 4431 1654 4486 sin
1669 4431 1736 4485 alias
1754 4437 1807 4485 tum

170 4521 284 4577 illinit)
304 4536 370 4589 0⁰³,
385 4522 431 4593 qui
444 4538 459 4577 ³
473 4522 543 4577 mlle
567 4522 721 4578 virentibus
743 4522 884 4579 catholicis
909 4530 964 4576 irt-
1015 4536 1105 4585 mmen
1125 4525 1316 4583 benevolentia
1330 4524 1401 4595 aputl
1416 4523 1559 4579 Dominum
1578 4521 1671 4578 inacta
1690 4537 1744 4578 non
1763 4536 1809 4577 ca·

171 4610 274 4667 buntur
297 4613 332 4668 ad
352 4612 502 4680 interitum,
518 4613 565 4668 seu
583 4624 613 4669 et
633 4612 657 4668 si
678 4613 794 4684 questu
816 4613 963 4668 aeramine
976 4653 1002 4716 D
1016 4619 1099 4686 robis,
1110 4630 1138 4675 at
1162 4627 1236 4674 certe
1258 4617 1296 4672 ita
1319 4616 1527 4682 dicendumne
1548 4614 1665 4685 gaudeas
1688 4614 1721 4670 de
1742 4628 1808 4671 eam

171 4706 367 4775 persecutionis
380 4705 470 4778 lapsos
487 4705 530 4762 rel
542 4705 665 4776 lapsuros
684 4705 832 4777 aspexeris,
848 4704 962 4761 sollicita
1017 4709 1130 4775 inimici,
1144 4723 1179 4764 ne
1200 4706 1271 4764 lorte
1283 4705 1415 4763 Dominus
1427 4705 1579 4776 superbiam
1593 4711 1678 4770 tuam,
1693 4719 1753 4775 quae
1769 4703 1807 4759 illi

171 4796 222 4852 hos
235 4797 423 4853 exhortatione
434 4796 561 4853 advitam
573 4806 726 4853 restaurare
739 4806 847 4870 satages
860 4798 962 4869 siquos
1017 4798 1119 4870 absque
1130 4796 1212 4854 dubio
1226 4795 1352 4869 displicet
1365 4797 1417 4852 hoc
1429 4792 1523 4851 ordine
1537 4792 1665 4863 dejiciens
1680 4792 1804 4848 humiliet

171 4882 244 4943 ΜΘ
257 4886 404 4956 bellium,
418 4888 442 4944 Sl
456 4903 526 4960 (Ιῑῑθ8
540 4889 632 4960 313οΝ
645 4887 757 4955 ildiris,
772 4889 834 4945 illos
846 4887 910 4943 dato
922 4888 963 4943 vi·
1017 4902 1048 4949 ut
1068 4899 1096 4949 te
1117 4892 1230 4949 cadente
1256 4892 1283 4946 in
1304 4898 1446 4961 peccatum
1470 4888 1516 4944 ille
1539 4886 1703 4958 resipiscens
1726 4896 1806 4939 sane-

172 4985 218 5032 ctu
230 4992 264 5032 ac
279 4978 379 5033 vestitu
393 4993 497 5034 recrea.
1019 4990 1071 5038 tur.

208 5069 330 5135 Comede,
341 5070 392 5140 pili,
406 5071 468 5136 mei,
481 5072 543 5144 qaia
558 5071 653 5126 bonam
667 5079 716 5136 est,
728 5081 758 5125 et·
766 5070 855 5140 iatum
869 5070 966 5126 dabis·
1052 5070 1125 5127 Time
1138 5070 1288 5136 Dominam,
1299 5067 1343 5139 pili
1356 5067 1403 5134 mi,
1415 5076 1439 5122 et
1453 5081 1548 5137 repeat.
1560 5062 1641 5121 turta
1662 5059 1735 5132 quod
1751 5058 1809 5130 ipse

171 5160 269 5215 timum
287 5162 387 5231 patturi
405 5172 450 5216 too
461 5176 471 5214 .·
482 5164 519 5216 sie
533 5169 557 5216 et
568 5161 688 5215 doetritm
710 5160 846 5231 sapientire
868 5161 964 5214 animur
1016 5166 1073 5222 ait:
1087 5162 1196 5219 Reddite
1217 5177 1278 5232 erpo
1294 5158 1395 5215 Goetori
1409 5175 1468 5231 qrtte
1490 5154 1604 5211 Cetaria
1627 5161 1698 5217 teet,
1710 5160 1735 5206 et
1749 5166 1807 5222 qaae

172 5260 236 5306 tae.
249 5251 327 5308 Patet
338 5252 474 5319 facillime,
486 5268 570 5324 quare
579 5253 731 5308 doctrinam
743 5251 881 5321 sapientise
891 5252 964 5308 melli
1015 5265 1077 5313 taut
1094 5254 1143 5309 lici
1154 5252 1208 5308 lieo
1228 5252 1330 5325 (llere.
1348 5251 1418 5326 xtr);
1441 5263 1531 5320 neque
1550 5245 1651 5318 aliquid
1670 5245 1761 5303 obstat
1777 5245 1804 5299 in

172 5353 313 5417 comparet
325 5354 352 5401 et
364 5345 435 5413 iuro,
451 5346 514 5417 quia
535 5346 665 5402 nintirum
680 5346 750 5401 sicut
763 5344 809 5401 illa
833 5345 911 5412 cibis,
926 5346 965 5402 ita
1018 5343 1132 5401 liomino
1142 5351 1170 5397 et
1179 5357 1242 5414 rege
1250 5352 1356 5414 patrem
1368 5350 1396 5397 et
1405 5339 1489 5394 illium
1500 5336 1650 5409 intelligere
1660 5334 1808 5406 designari,

173 5435 231 5491 lraec
241 5436 372 5493 doctrinis
386 5438 491 5493 ceteris
505 5436 647 5494 dulcedine
659 5444 786 5509 prestat,
800 5438 847 5493 scd
860 5439 911 5493 boc
924 5438 965 5493 in·
1018 5435 1065 5508 qui
1081 5447 1139 5489 uno*
1153 5433 1303 5502 eodemque
1316 5439 1381 5487 sunt
1397 5428 1545 5485 divinitatis
1563 5429 1666 5482 lionore
1679 5425 1784 5482 colendi
1798 5443 1805 5480 :

174 5534 215 5580 ter
235 5527 378 5598 utriusque
398 5527 606 5597 stenitcantiam
625 5528 718 5585 distat.
742 5524 810 5594 Quia
825 5527 878 5582 mel
892 5529 964 5598 quod
1018 5525 1064 5598 qul
1077 5524 1150 5580 enim
1167 5520 1397 5578 non-honorificat
1410 5517 1493 5574 lilium
1509 5533 1563 5575 non
1576 5515 1739 5574 honorillcat
1750 5514 1803 5570 Pa·

173 5616 200 5671 in
223 5627 349 5690 promptu
373 5628 416 5676 est
441 5618 475 5675 ad
497 5621 690 5677 comedendum
714 5620 844 5677 moralem
867 5618 965 5675 littera
1016 5627 1085 5675 trem
1099 5617 1145 5688 qui
1160 5615 1234 5671 misit
1248 5613 1331 5669 illum.

172 5710 343 5780 superficiem
355 5713 485 5778 insinuat,
496 5712 573 5770 larus
586 5722 676 5771 autern
686 5715 712 5770 in
724 5729 778 5786 quo
791 5713 843 5770 mel
854 5714 887 5770 de
901 5729 963 5770 cera
1003 5719 1008 5729 ’
1052 5709 1086 5764 lit
1100 5724 1159 5763 eam
1175 5704 1365 5762 detractoribus
1381 5720 1413 5760 rte
1427 5704 1629 5761 commitaearit.
1644 5702 1699 5759 illis
1711 5698 1808 5757 rideli-

171 5800 343 5871 exprimitur,
359 5803 530 5874 allegoricam
544 5804 709 5860 locutionem
724 5805 838 5876 ligurate
858 5804 964 5860 denum
1016 5802 1116 5876 eetqui
1133 5803 1254 5859 diceutes
1268 5817 1297 5857 sc
1309 5800 1394 5857 Deum
1409 5800 1518 5856 Patrem
1533 5814 1624 5866 nosse,
1641 5798 1740 5854 Filium
1757 5795 1810 5851 lici

173 5892 245 5959 liat,
261 5895 306 5950 ubi
331 5897 462 5953 subducto
488 5898 583 5953 littore
607 5898 739 5953 uelamine.
760 5897 878 5953 suavitas
900 5912 964 5953 scn-
1016 5894 1043 5950 in
1058 5909 1140 5950 carne
1153 5903 1325 5964 apparentem
1339 5892 1482 5950 noluerunt
1497 5893 1628 5965 recipcre.
