4042 6200
145 234 152 249 ’
204 259 253 312 ιιι

519 246 551 300 Β.
572 241 698 300 bubata
717 238 825 296 libold
846 234 1005 290 ,tttttlttltt
1028 232 1181 288 ttoetttt.
1203 228 1343 287 oessttttt
1364 226 1452 282 PARS
1471 226 1504 280 ll.

1785 226 1836 281 ll!

201 370 342 429 alitioricnt,
356 363 558 434 cataclysmum,
573 368 599 414 ct
615 357 772 412 diuisionem
795 362 884 417 terrae,
900 350 994 403 ennlu-
1010 354 1032 411 ,ι
1081 347 1303 416 Paralipomenon
1328 343 1398 414 apud
1413 340 1540 394 llebrteos
1554 340 1604 393 sub
1617 340 1696 394 utrius
1713 338 1773 395 libri
1787 357 1838 395 vn·

202 461 361 525 sionemqnc
375 452 534 524 linguarum,
551 456 624 517 gesta
639 444 853 517 patriarcharum
863 454 947 510 usqne
958 439 992 492 ad

205 549 398 624 iragressioaem
413 543 494 599 lsrael
510 542 534 596 in
549 540 705 611 AEgyptum.

240 641 348 698 Euodus
363 635 481 692 eontinet
495 632 668 688 llebraorum
680 626 847 687 seruitutem,
861 640 894 679 ex
908 621 992 693 AEgy·

204 745 402 806 praegressum
413 726 512 799 papuli,
529 723 625 778 arabena
640 726 834 791 protegentem,
851 716 993 771 transitum

206 828 287 881 ctiam
296 821 379 877 ttatut
388 819 479 881 maris,
490 806 991 881 mersnntquecnnrcurribusPlrarao·

206 933 279 979 ιιιι,
293 925 320 969 ιι
330 913 420 986 gloriae
433 906 658 967 decantationem,
672 912 887 971 congressusque
898 895 993 960 eremi,

205 1008 294 1065 cibum
308 1020 423 1067 nranmc,
438 1011 466 1057 et
480 999 580 1054 llucnla
596 996 622 1054 in
637 993 805 1050 dulcedinem
819 1005 908 1054 tersa,
919 1004 995 1042 man-

207 1103 268 1157 data
283 1100 363 1154 ctiam
376 1092 512 1162 becilogi,
527 1102 642 1163 pugnam
656 1084 796 1149 Amadeclr,
808 1089 836 1137 et
852 1096 942 1137 arcam
954 1088 995 1134 te-

206 1191 349 1254 stamenti,
369 1182 617 1251 dedicationemque
643 1174 808 1233 tabenrsculi
830 1183 859 1231 et
881 1172 996 1229 oblatio·

208 1297 279 1337 nem.
343 1324 351 1338 ,

242 1374 270 1427 ln
289 1370 407 1425 Leuitico
427 1374 516 1421 autem
531 1363 574 1418 lex
589 1359 794 1419 sacrillciorum,
808 1355 997 1412 historiarum-

207 1482 260 1537 que
281 1463 433 1526 diuersitas,
449 1459 657 1523 indumentaque
681 1450 852 1523 pontificum,
865 1438 996 1503 et'mini·

208 1559 291 1613 steria
305 1554 501 1614 deseribuntur,
517 1548 637 1604 ciborum
650 1545 731 1599 etiarn
742 1551 770 1597 et
781 1541 923 1597 diversitas
936 1552 998 1609 pee-

209 1662 341 1713 catorum,
355 1645 582 1719 purgationesque
592 1638 632 1695 sel
646 1637 742 1693 lrostim
756 1634 925 1689 ordinantur.

244 1768 271 1822 ln
288 1763 411 1820 Nrrnrcris
431 1777 493 1815 xero
512 1770 628 1828 egressae
646 1753 680 1808 de
699 1750 814 1821 AEgypto
830 1746 916 1802 labro
929 1759 996 1799 eou-

210 1864 358 1919 rnerantur,
381 1849 559 1921 quadraginta
581 1858 689 1915 qnoque
708 1850 735 1895 et
749 1840 862 1895 duarum
877 1850 925 1908 per
937 1849 998 1890 erc-

211 1962 283 2002 mum
296 1942 467 1999 mansiouum
480 1941 652 1993 sacramenta
671 1931 821 1998 signantur.

245 2060 272 2112 ln
285 2050 602 2111 Deuteronomioautem,
614 2057 674 2114 quae
685 2049 726 2096 est
740 2040 782 2094 let
792 2037 919 2097 secunda,
933 2051 997 2090 nar-

210 2158 304 2202 rantur
324 2161 355 2200 ea
376 2158 436 2213 quac
453 2142 524 2195 inter
545 2137 651 2192 Pharan
669 2140 697 2187 et
709 2130 857 2194 bsserotb,
872 2136 900 2181 ct
914 2140 999 2195 usqne

211 2238 244 2291 ad
257 2234 427 2292 cadesbarne
441 2229 539 2284 luerint
552 2223 650 2296 popolo
661 2222 733 2276 (licta
745 2235 759 2273 a
772 2218 861 2290 Moyse
873 2216 999 2271 mandata

210 2327 333 2383 uitlelicet
352 2332 433 2391 atque
446 2319 588 2390 promissa,
601 2312 804 2368 maledictiones
816 2316 999 2378 peecatorum,

210 2412 413 2487 promissiones,
425 2405 607 2464 beatitudines
620 2420 626 2456 ε
638 2401 682 2455 tabi
696 2399 831 2454 canticum
845 2396 948 2466 lloyses
958 2409 1001 2448 ca-

213 2511 262 2573 nit,
274 2507 318 2561 ubi
330 2505 396 2561 dicit
410 2499 611 2558 benedictiones
625 2495 686 2549 filiis
698 2490 781 2548 lsrael
793 2509 800 2545 z
814 2491 913 2559 ibique,
927 2498 1001 2544 terra

213 2595 428 2671 repromissionis
450 2599 593 2662 respecta,
616 2587 731 2644 moritur
754 2593 837 2652 atquc
861 2579 1001 2652 sepelitur.

212 2687 337 2744 Norrnulli
354 2685 527 2741 Hebraeorum
539 2690 655 2751 quantor
668 2675 753 2731 libros
764 2680 868 2729 tantum
889 2684 1002 2739 compu-

213 2789 272 2837 tant
285 2780 361 2851 legis,
376 2778 401 2832 il
413 2783 455 2831 ιιι
467 2772 605 2835 Genesim,
620 2768 754 2831 Exodrrm,
769 2763 929 2827 beriticum,
945 2759 1003 2815 Nu-

214 2887 327 2935 merum,
340 2864 576 2924 beotcrooonimn
589 2869 680 2914 autern
692 2856 879 2927 repetitionem
896 2866 1004 2909 eorum-

213 2965 284 3028 dem,
299 2972 327 3017 ct
340 2958 416 3030 qnasi
434 2955 567 3027 quoddam
586 2950 652 3021 legis
663 2944 875 3009 meditatorium,
887 2956 919 2998 ea
934 2941 1003 2996 dun-

1045 437 1145 493 lrnuine
1158 437 1322 500 continetur,
1335 429 1853 504 appellaturqueubeisliibrelisiamim,

1045 528 1126 582 idest
1149 523 1238 580 Verba
1255 523 1359 579 dierum
1373 540 1379 576 :
1392 522 1462 593 apud
1476 536 1526 578 nos
1541 530 1630 575 antem
1643 530 1755 591 propter
1775 534 1839 591 pro·

1045 616 1177 671 lixitatem
1198 615 1239 670 sui
1262 614 1289 668 in
1312 612 1415 667 duabus
1437 612 1545 667 decisus
1565 619 1609 667 est
1629 612 1759 683 partibas
1775 610 1840 667 ttae

1045 717 1134 762 autem
1154 705 1268 761 liistouia
1282 704 1404 759 ordinem
1419 701 1623 774 generationum
1641 710 1670 756 et
1688 710 1841 771 temporam

1045 802 1197 864 continens,
1211 799 1237 853 in
1249 812 1301 868 qua
1313 796 1416 851 scilicet
1430 810 1484 849 non
1500 808 1584 865 parra
1598 801 1755 848 sanctarum
1766 790 1842 847 Scri·

1045 899 1186 962 pturarurn
1205 886 1321 943 eruditio
1343 884 1505 939 continetur.
1521 881 1589 937 Nam
1602 897 1663 952 quae
1678 882 1704 937 in
1726 882 1839 938 historia

1045 980 1151 1035 Veteris
1172 977 1337 1034 testamenti
1352 977 1378 1029 in
1395 974 1461 1031 locis
1474 974 1531 1030 suis
1545 982 1591 1030 aut
1606 974 1721 1030 omnino
1739 974 1841 1029 omissa

1046 1080 1119 1138 sunt,
1134 1080 1182 1125 aut
1195 1068 1310 1126 lortasse
1322 1084 1377 1123 nou
1390 1066 1469 1137 plene
1484 1066 1600 1138 digesta,
1616 1066 1707 1125 trista
1722 1080 1843 1121 murma-

1046 1166 1095 1220 tim
1107 1178 1140 1220 ae
1156 1162 1277 1218 breviter
1289 1161 1397 1232 expleta
1411 1169 1482 1216 sunt.
1501 1158 1584 1230 Graius
1604 1160 1712 1229 quidem
1725 1160 1842 1216 sericsa

1045 1257 1130 1311 latere
1152 1270 1246 1325 regum
1261 1254 1317 1310 sire
1342 1266 1486 1324 regnorum
1510 1252 1603 1317 ducta,
1625 1250 1785 1322 perveniens
1807 1250 1843 1305 ad

1047 1347 1112 1401 illud
1138 1361 1224 1416 usquc
1248 1354 1431 1415 tempusque
1457 1351 1485 1399 et
1506 1357 1652 1415 regnorum
1675 1351 1765 1399 textus
1782 1341 1845 1397 [iai-

1048 1447 1101 1493 lut.

1082 1525 1132 1582 lob
1153 1522 1221 1581 liber
1239 1524 1360 1581 continet
1375 1521 1496 1595 ejusdcm
1519 1521 1606 1578 sancti
1621 1521 1672 1577 viri
1686 1522 1783 1578 danma
1802 1521 1845 1577 in-

1048 1624 1126 1672 nesta
1133 1616 1174 1670 rel
1183 1614 1297 1686 llagella,
1309 1623 1337 1670 ct
1346 1612 1540 1669 contumeliosa
1551 1612 1747 1669 consolantium
1758 1614 1844 1680 dieta,

1012 1698 1034 1757 tt
1049 1707 1165 1762 lamenta
1180 1720 1287 1775 quoque
1302 1703 1360 1774 ejus
1383 1705 1410 1759 in
1434 1704 1533 1775 quibus
1548 1704 1630 1760 totius
1644 1704 1735 1759 mundi
1750 1704 1845 1775 deplo-

1048 1809 1090 1855 rat
1110 1799 1247 1854 miseriam
1260 1797 1478 1854 :consolationes
1498 1798 1580 1852 etiarm
1599 1797 1646 1852 Ilei
1661 1797 1695 1852 ad
1714 1812 1775 1853 curn
1797 1812 1849 1869 por

1049 1895 1192 1960 turbinem,
1208 1895 1321 1966 ejusque
1343 1894 1477 1964 duplicem
1491 1893 1623 1948 borromm
1638 1891 1665 1946 in
1680 1892 1733 1947 linc
1754 1908 1848 1948 rearm-

1049 1985 1226 2039 nerationem.
1249 1982 1298 2038 liic
1310 1984 1392 2038 etiarn
1405 1997 1438 2038 ex
1453 1982 1511 2037 suis
1523 1980 1697 2051 passionibus
1710 1988 1739 2035 et
1755 1980 1849 2036 verbis

1049 2071 1149 2128 Christi
1162 2072 1295 2142 expressit
1307 2072 1451 2144 imaginem
1463 2071 1582 2140 :conjux
1597 2084 1662 2124 uero
1675 2067 1735 2136 ejus
1748 2084 1848 2124 carna·

1050 2163 1115 2218 linm
1129 2170 1221 2233 typum
1235 2161 1369 2232 designat,
1383 2161 1430 2231 qui
1450 2161 1520 2215 intra
1544 2159 1692 2215 Ecclesiam
1707 2158 1786 2228 positi
1803 2159 1847 2212 ri·

1051 2266 1108 2312 tam
1131 2257 1292 2328 spiritalium
1315 2256 1435 2310 moribus
1459 2254 1515 2309 suis
1539 2252 1732 2308 scandalizant
1756 2239 1860 2305 dirrici‘

1051 2346 1192 2416 remeius
1212 2346 1329 2415 speeiem
1355 2352 1447 2399 tenent
1468 2344 1658 2399 lraeretieorum
1680 2358 1711 2397 ac
1731 2341 1850 2413 liguram

1051 2431 1852 2509 perversorumdogmatumd’orrolleloiquiadversuslnli

1052 2526 1127 2597 gravi
1143 2525 1351 2595 exprobratione
1365 2524 1499 2590 innititur,
1513 2523 1647 2595 signiticat
1657 2537 1705 2578 eos
1716 2522 1763 2592 qui
1775 2530 1850 2576 intra

1053 2614 1201 2671 Ecclesiam
1221 2615 1369 2685 praedicant
1382 2622 1409 2670 et
1423 2623 1599 2686 arroganter,
1611 2622 1639 2669 ιι
1652 2628 1702 2683 per
1715 2620 1851 2667 tumorem

1053 2712 1152 2775 cordis,
1168 2727 1201 2767 ac
1221 2711 1342 2767 scientie
1361 2710 1459 2768 tastum
1482 2712 1612 2797 quidquid
1634 2709 1786 2782 proferunt,
1801 2724 1851 2764 sn-

1053 2801 1154 2873 perbice
1166 2802 1297 2872 exemplis
1305 2803 1461 2858 ostendunt.

1089 2891 1171 2946 Liber
1183 2890 1351 2947 Psilinorum
1369 2906 1523 2962 quanquam
1538 2906 1592 2946 arno
1609 2888 1762 2953 includatur
1773 2886 1852 2942 volu·

1055 2984 1139 3048 ntiae,
1156 2997 1209 3037 non
1221 2992 1264 3038 est
1287 2992 1377 3039 tamen
1389 2984 1478 3040 editus
1491 2999 1545 3037 nno
1557 2983 1705 3052 colemque
1725 2990 1850 3037 anctore.

214 3045 489 3117 ²³⁸³¹f³¹i⁰¹¹ffiq¹¹⁰d
501 3042 537 3099 mi
551 3035 1002 3113 q⁰³²⁰⁰fpr⁰p¹i³³⁰³⁰⁸³⁸m⁰m
1017 3041 1040 3103 C
1055 3071 1154 3127 liccem
1179 3071 1251 3126 enim
1270 3086 1340 3143 pene
1362 3073 1502 3143 propbeta
1524 3079 1596 3136 sunt,
1615 3071 1661 3139 qul
1681 3086 1729 3127 eos
1742 3072 1854 3128 diuerso

214 3152 350 3216 gestarum
358 3133 567 3197 continentiae
578 3138 665 3185 ιιιιιι
672 3125 792 3183 omnium
801 3123 877 3194 qnasi
884 3119 1005 3176 iterando

214 3235 345 3292 continet.
360 3229 389 3284 ln
403 3226 466 3282 lesu
477 3234 585 3295 quoque
598 3220 666 3274 lilrro
681 3217 727 3273 lilii
743 3215 835 3281 lsrael,
850 3209 1005 3275 ducalem,

213 3326 357 3383 lordauern
373 3325 522 3382 transeunt,
533 3332 565 3371 ae
577 3313 675 3370 occulo
684 3311 914 3369 circumciduntur
924 3325 931 3361 ι
943 3305 1006 3363 snb

216 3417 355 3484 tersisque
367 3411 464 3468 debinc
476 3408 690 3465 Chananmomm
702 3403 826 3476 gentibus
847 3400 1007 3455 ιιιιιιιοιιιι

217 3491 297 3562 terrm
310 3501 477 3561 baereditatis
498 3507 572 3554 sorte
583 3496 742 3565 suscipiunt.
760 3494 788 3549 ln
804 3492 872 3547 libro
883 3489 1007 3548 tedtooro

216 3593 387 3652 cornicantur
410 3596 522 3660 peccata
547 3594 577 3642 ct
597 3584 741 3640 servitutes
763 3580 857 3644 lsrael,
870 3577 1007 3636 exclama-

180 3739 186 3748 ,
216 3686 357 3753 tionesque
368 3688 397 3737 ct
410 3678 597 3734 miserationes
616 3674 674 3729 lici.
698 3671 778 3727 biber
796 3670 868 3724 llutb
887 3667 1007 3738 eiusdem

217 3774 371 3834 llluabitidis
386 3771 451 3827 texit
471 3769 624 3830 historiam,
639 3764 673 3820 de
694 3761 771 3832 cujus
792 3760 885 3829 stirpis
905 3758 1008 3813 familia

219 3866 356 3925 deseendit
369 3863 465 3919 David.
479 3860 557 3916 lluue
578 3857 682 3914 llebraai
703 3854 822 3917 lilmllum
834 3852 868 3906 ad
884 3849 1007 3906 iudicum

219 3960 316 4014 librum
332 3952 512 4026 sulpuragunt,
528 3948 654 4020 quoniam
667 3962 702 4003 co
713 3953 833 4015 tempore
852 3949 928 4012 gesta
949 3954 1010 3995 esse

220 4053 415 4108 rarenroraatur,
431 4057 491 4114 quae
506 4042 533 4097 in
546 4056 579 4097 eo
590 4039 690 4108 scripta
705 4045 770 4092 suat
780 4052 787 4090 ι
799 4044 827 4089 ιι
838 4041 933 4089 ιοιιιι
955 4030 1009 4085 La-

205 4141 267 4196 'tini
283 4154 334 4210 pro
347 4152 390 4203 co,
404 4135 477 4205 quod
490 4148 575 4204 genus
586 4131 689 4202 regium
704 4128 787 4183 Dauid
801 4125 1009 4190 retonsarum

219 4250 253 4290 ex
272 4233 366 4287 cartem
385 4230 457 4286 llutlr
476 4224 649 4289 lloabitbidc‚
665 4222 700 4278 sd
712 4234 812 4291 corpus
822 4218 885 4273 libri
901 4217 1009 4289 llegno·

1056 3169 1177 3231 ternpore
1190 3161 1366 3231 seripserunt,
1381 3162 1408 3217 id
1416 3171 1458 3218 est
1471 3162 1587 3234 bloyses,
1599 3159 1694 3227 baril,
1708 3157 1853 3229 Salomon,

1055 3255 1158 3325 llsapb,
1173 3254 1274 3319 Ειιιι,
1287 3254 1385 3321 limari,
1399 3255 1518 3320 idithun,
1531 3263 1559 3309 ιι
1572 3254 1618 3309 dlii
1635 3254 1733 3316 Chore,
1748 3252 1811 3309 Asin
1822 3262 1855 3308 et

1055 3345 1150 3400 dalralr
1164 3345 1220 3400 sire
1241 3345 1325 3399 Esdra
1339 3363 1346 3400 ε
1362 3345 1482 3401 nonrmlli
1507 3345 1590 3400 etiam
1604 3344 1697 3416 Aggei,
1710 3341 1855 3399 zaetartac

1057 3449 1117 3493 esse
1142 3435 1341 3491 existimantur.
1368 3436 1407 3493 Dc
1429 3436 1473 3492 bis
1492 3445 1593 3503 alitem,
1611 3437 1656 3506 qni
1681 3435 1739 3490 siae
1764 3434 1857 3490 titulis

983 3577 991 3589 ,
1057 3535 1131 3592 sunt,
1154 3526 1265 3583 traditio
1287 3534 1410 3583 veterum
1430 3526 1492 3583 talis
1511 3534 1572 3582 est:
1587 3535 1616 3581 ut
1630 3527 1707 3598 eujus
1732 3527 1858 3583 auctoris

1057 3618 1227 3689 praescriptio
1251 3618 1430 3689 precesserit,
1444 3616 1548 3683 caleri,
1573 3617 1620 3688 qni
1644 3618 1703 3672 sine
1716 3616 1795 3672 titulo
1809 3630 1859 3671 se·

1058 3719 1191 3780 quuntur,
1207 3710 1293 3781 ipsius
1305 3727 1366 3767 esse
1378 3712 1532 3767 credantur.
1553 3710 1604 3766 Est
1616 3719 1706 3766 autem
1723 3709 1768 3766 bic
1780 3709 1857 3766 liber

1059 3802 1209 3875 allegoricis
1223 3809 1256 3859 ae
1275 3804 1372 3876 typicis
1395 3804 1573 3860 sacramentis
1593 3803 1715 3874 signatos
1727 3821 1735 3858 t
1747 3803 1858 3872 specia-

1059 3893 1120 3948 liter
1141 3900 1243 3960 alitem,
1257 3894 1329 3964 qnod
1350 3901 1440 3960 natas,
1452 3894 1524 3964 qnod
1547 3908 1661 3964 passm,
1676 3892 1748 3964 qued
1762 3906 1858 3947 resur-

1060 3983 1130 4038 rexit
1142 3982 1266 4040 Cbristus
1280 3997 1362 4039 :vere
1384 3984 1437 4040 buc
1454 3998 1534 4039 omne
1553 3982 1719 4053 psalnmrnm
1742 3992 1859 4039 resonat

1059 4092 1201 4147 organum.
1213 4074 1360 4133 Sciendum
1375 4083 1475 4142 umen,
1490 4075 1561 4146 quod
1575 4074 1645 4146 apud
1656 4073 1784 4131 tteuraos
1794 4090 1858 4131 om-

999 4208 1005 4221 .
1060 4184 1109 4225 nes
1129 4167 1225 4240 psalmi
1238 4167 1366 4239 permixti
1383 4166 1484 4222 luerint
1495 4175 1523 4223 et
1535 4166 1691 4232 inordinati,
1707 4181 1776 4237 qnos
1791 4166 1858 4236 qni-

1060 4259 1121 4314 dem
1141 4259 1245 4329 primus
1262 4258 1361 4314 Esdras
1379 4258 1407 4313 iu
1427 4274 1510 4313 unum
1524 4257 1649 4313 uolumen
1670 4257 1769 4327 coegit,
1783 4264 1810 4311 et
1823 4254 1856 4309 in

221 4337 281 4376 rum
294 4320 419 4374 veracius
432 4331 494 4373 eum
510 4314 647 4386 pertinere
665 4311 839 4368 cotroendunt.
1441 4348 1448 4361 ,
1534 4348 1541 4361 ‚

1023 4348 1182 4443 „ordinem
1206 4362 1402 4419 numerumque
1422 4348 1566 4418 ilisposnrt,
1590 4362 1623 4402 ac
1641 4360 1690 4417 per
1714 4344 1855 4414 occrrltnm

257 4432 337 4486 litter
347 4430 449 4500 Regum
463 4441 618 4499 quanquam
627 4423 697 4496 apud
708 4422 936 4492 Latinospropter
949 4434 1009 4488 pte
1062 4439 1224 4496 sacramenti
1247 4439 1404 4510 mysterium
1430 4439 1491 4495 aliis
1515 4439 1581 4494 alios
1605 4436 1724 4509 pratnttt
1746 4434 1857 4500 ordine,

222 4522 352 4576 linitatem
367 4519 409 4573 sui
423 4519 450 4572 in
469 4526 586 4587 quatuor
597 4514 720 4586 partibus
734 4512 771 4567 sit
790 4509 913 4565 desertus
927 4507 1013 4579 [dige-
1062 4531 1124 4585 dum
1140 4529 1302 4600 postmqom
1318 4529 1460 4584 ,ideamus
1474 4530 1501 4584 jn
1516 4537 1646 4599 tempore·
1667 4525 1734 4580 Nm
1757 4538 1860 4580 m,

222 4608 303 4681 ⁸¹¹¹³lr
316 4609 387 4677 “llll
409 4606 536 4662 fflbffl'ffl
557 4615 646 4660 lmen
670 4603 697 4657 ³¹¹
721 4601 825 4657 d¹¹⁰b⁰⁸
849 4598 949 4654 divisus
971 4605 1013 4651 θεῖ
1062 4617 1125 4673 dum
1138 4611 1859 4687 historiaecursumtertiuspsalmusqoinqnagcsimo

222 4700 412 4762 uoluminibus,
428 4713 542 4768 qnorum
557 4697 660 4765 primus
676 4693 785 4749 Samuel
803 4692 898 4748 scribit
920 4705 1012 4746 arcam
1063 4707 1205 4778 pompos,
1221 4707 1268 4762 seg
1291 4715 1400 4777 pmpter
1424 4705 1581 4777 mysqerjum
1606 4704 1634 4759 q„
1659 4701 1755 4758 ,mque
1775 4701 1858 4771 prym-

224 4792 328 4848 llomini
343 4789 470 4845 nlrrdaels
485 4789 615 4844 transisse
629 4787 780 4859 adgentes,
795 4785 907 4854 lleliquc
920 4799 1011 4840 sacer·
1063 4807 1115 4855 θεῖ,
1132 4796 1178 4853 syc
1189 4798 1261 4852 enqm
1275 4796 1409 4853 habemur
1423 4805 1450 4853 eq
1465 4796 1566 4861 werp,
1580 4795 1642 4864 quq,
1658 4792 1775 4863 gququ,
1790 4805 1861 4845 ⁸31..

223 4887 325 4940 dotium
346 4883 458 4954 mystice
479 4882 506 4936 in
527 4879 678 4935 Samuelem
702 4877 784 4934 luisse
802 4876 1012 4940 translatum‚iu
1063 4890 1386 4962 „gugeospraeoqumqq
1403 4899 1434 4944 ,η
1496 4889 1544 4943 „qq
1568 4886 1695 4943 331οωοῃ
1711 4883 1859 4939 ignota.

224 4975 308 5032 [ΝΜ
323 4974 411 5031 Βιῑῐιῑθ
424 4973 495 5045 ‘⁰8³⁸
510 4971 662 5041 imperium·
1064 4981 1136 5034 anina
1147 4978 1239 5035 edidit.
1260 4977 1367 5033 Prirnns
1378 4991 1412 5032 ex
1427 4977 1469 5032 lrls
1490 4975 1698 5030 proverbiorum
1711 4973 1789 5028 liber.
1805 4970 1862 5026 Se-

259 5082 400 5138 llalaclrim
415 5097 479 5138 tero
491 5095 568 5151 reges
589 5078 686 5135 tudae
698 5087 725 5134 et
746 5075 899 5132 israeliicac
916 5073 1011 5144 gentis,
1064 5070 1176 5131 condus,
1192 5068 1238 5139 qni
1263 5067 1412 5138 appellatur
1436 5067 1623 5128 Ecclesiastes.
1647 5064 1765 5129 Tettius,
1777 5060 1862 5130 crios

225 5181 353 5244 gestaque
380 5188 474 5227 eorum
497 5186 545 5244 per
571 5169 693 5226 ordinem
719 5169 817 5239 digerit
841 5174 1011 5235 temporum:
1064 5161 1157 5216 titulus
1171 5155 1223 5225 esi,
1238 5160 1571 5220 Canticumcantieornm.
1590 5159 1618 5212 lu
1633 5157 1731 5226 quibus
1745 5155 1860 5225 quidem

226 5265 365 5337 ipsumque
388 5264 469 5318 lsrael
492 5263 527 5318 ob
549 5274 670 5317 errorem
693 5258 848 5314 idololatriae
862 5256 1011 5311 enarratio
1066 5253 1151 5308 tribus
1171 5252 1248 5307 libris
1261 5253 1343 5307 trium
1361 5268 1489 5323 generum
1514 5250 1670 5320 disciplinas
1690 5248 1862 5318 composuit,

225 5354 350 5423 Assyrios
375 5350 660 5424 transmigratum:ad
677 5357 828 5404 extremum
851 5348 947 5401 educet
969 5359 1014 5398 te·
1065 5345 1162 5415 quibus
1185 5344 1219 5398 ad
1246 5360 1335 5399 rerum
1356 5344 1495 5398 scientiam
1518 5342 1685 5412 pervenitur.
1708 5339 1738 5393 la
1760 5338 1865 5408 primis

227 5445 299 5499 nisse
306 5440 554 5499 Nalmclrodonusor
562 5440 722 5504 Jerusalem,
736 5448 897 5507 captumque
905 5436 1014 5490 ausisse
1066 5447 1182 5500 namque
1207 5433 1339 5500 btbicam,
1353 5432 1379 5486 id
1397 5439 1440 5485 cst
1454 5430 1582 5486 moralem
1598 5437 1677 5498 :post
1689 5428 1746 5481 bec
1763 5425 1865 5496 physi-

227 5535 372 5605 principem
387 5551 418 5589 ae
431 5534 568 5606 populum,
585 5543 610 5586 et
624 5524 785 5586 strblertisse
798 5525 889 5581 orbern
904 5534 930 5580 ct
946 5533 1013 5577 tcm-
1065 5539 1135 5586 cam,
1149 5538 1209 5592 qna}
1226 5523 1381 5591 qualitatem
1402 5530 1506 5576 naturae
1520 5516 1734 5589 comprebendit,
1750 5514 1782 5568 ad
1798 5514 1867 5568 ulti·

228 5629 313 5698 pirum
1066 5629 1138 5669 mum
1153 5614 1296 5682 theoriam,
1308 5613 1334 5668 id
1347 5623 1389 5670 cst
1400 5612 1646 5683 contemplativam.
1663 5609 1691 5664 ln
1702 5604 1864 5662 Proverbiis
