4042 6200
258 335 328 392 tite
579 330 609 387 ll.
631 329 755 387 plutei
775 330 884 387 illem
904 329 1062 388 lectitet.
1080 329 1235 389 imcutit.
1255 329 1397 388 prepeti
1415 325 1506 389 PARS
1522 330 1565 389 lit.
1816 335 1893 394 titt

254 453 288 508 de
301 464 356 524 quo
368 448 420 504 alia
445 448 473 503 in
490 444 602 518 epistola
621 446 693 502 laune
717 461 826 502 sensum
851 442 897 500 tali
918 460 1043 501 sermone
1056 449 1081 508 Α
1094 441 1156 499 sciit
1170 441 1242 499 ileos
1259 443 1465 515 promissionem
1486 459 1563 500 suam
1577 453 1758 516 suscepturos,
1778 447 1840 504 sire
1856 461 1893 504 ex

226 581 236 594 .
254 538 384 606 tlrmarit,
397 539 508 595 dioetts:
522 534 554 591 Ut
564 538 593 591 in
605 537 709 592 nornine
719 532 782 591 iesu
793 549 868 592 omne
877 553 945 609 penu
954 535 1046 607 pecto·
1095 527 1204 602 ludaeis,
1229 533 1286 591 site
1306 549 1341 591 ex
1363 533 1498 607 gentibus.
1515 535 1549 591 lii
1565 533 1637 592 enim
1653 544 1715 591 sunt
1734 537 1812 609 digni
1836 538 1893 597 diei

254 644 309 698 tur,
321 629 474 696 celestium,
492 626 654 683 terrestrium
671 633 696 681 οι
716 625 880 696 intirmorum
895 622 978 699 (Pili.
1000 622 1045 698 u).
1095 623 1236 693 israelitae,
1251 624 1278 680 id
1292 634 1346 692 est,
1360 623 1484 680 ridentes
1504 624 1599 691 Deum,
1617 625 1664 696 qul
1678 624 1803 681 οτοιιιτιτι.
1820 625 1892 684 itan

254 724 318 781 ilaec
328 721 491 780 suntomnia
504 735 585 791 super
594 734 654 790 quse
665 702 742 774 Deus*
750 717 875 775 Christus
885 726 937 773 est.
953 716 1046 787 Neque
1096 713 1130 769 de
1141 712 1215 769 lsaae
1228 714 1321 785 utique
1332 727 1428 770 omnes
1439 715 1466 769 iri
1478 713 1525 771 iiiii
1539 722 1604 772 snut
1615 714 1742 774 ibrahae.
1754 718 1819 786 qnia
1831 732 1895 773 om·

255 815 328 870 enim
358 810 480 882 exeeptis
510 810 554 866 iiis
586 818 649 866 sunt
678 808 789 880 aliqua,
820 816 850 864 ul
879 824 933 864 non
963 822 1047 880 snper
1095 803 1138 860 itis
1160 811 1279 877 propago
1307 806 1413 876 generis
1439 805 1591 861 iudeorum
1614 817 1649 861 er
1673 804 1810 860 lineam
1842 819 1896 877 per

255 904 347 960 omnia
358 903 430 960 lieus
441 901 564 959 Christus
576 902 624 969 sit,
639 917 689 959 nec
701 909 791 974 potest
804 917 873 973 genu
887 899 959 958 ileoti
971 900 1046 960 omni
1095 895 1170 953 israe
1188 904 1240 962 est,
1255 912 1287 953 ae
1302 911 1351 968 per
1364 898 1417 955 hoe
1441 897 1536 969 reliqui
1556 896 1603 952 nttt
1628 909 1681 952 nott
1701 905 1766 952 sunt
1783 897 1893 954 dioendi

254 1003 387 1050 creature
408 992 461 1050 nisi
485 992 551 1049 lieo.
567 989 690 1064 lienique
707 991 827 1049 loannes
842 991 981 1064 apostolus
1002 993 1046 1048 in·
1095 993 1221 1050 Abraitte.
1233 991 1371 1049 Abrabam
1391 990 1463 1048 enim
1480 991 1604 1058 eredens,
1618 989 1695 1047 lsaae
1710 991 1893 1061 aeoepitpro-

255 1085 337 1150 seius,
360 1097 422 1140 eum
444 1083 568 1156 angelum
591 1081 671 1138 vellet
689 1097 779 1150 orare,
798 1079 874 1139 audit
889 1081 923 1140 alt
936 1097 987 1139 eo:
1003 1077 1046 1137 Ne
1095 1089 1156 1154 pter
1171 1081 1262 1148 iidem,
1280 1081 1344 1153 quia
1361 1081 1477 1137 eredidit
1487 1080 1554 1148 ileo,
1568 1080 1596 1135 in
1611 1095 1665 1151 quo
1675 1080 1836 1154 mysterium
1848 1079 1892 1136 in-

255 1175 359 1244 iecerit,
378 1174 501 1246 pitoniutn
517 1182 729 1229 consternuntur
746 1189 814 1228 tunt.
833 1173 929 1240 Deum,
946 1172 1044 1245 inquit,
1096 1177 1165 1228 tura
1175 1171 1238 1228 utet
1249 1171 1418 1244 designatum
1429 1180 1482 1238 est,
1495 1180 1525 1227 ut
1541 1171 1579 1228 illi
1591 1184 1682 1229 essent
1694 1173 1795 1230 iratres
1803 1173 1892 1241 kase,

254 1264 338 1318 adora
354 1263 447 1337 (Apoe.
459 1278 516 1330 ιιι,
530 1259 612 1332 rsit),
628 1277 677 1317 nec
693 1261 822 1318 Dominus
832 1261 925 1334 utique
935 1260 1044 1319 adorari
1095 1261 1141 1333 qui
1160 1262 1284 1318 eamdem
1298 1261 1377 1318 iidem
1390 1261 1532 1328 haberent,
1545 1262 1638 1334 inqua
1652 1263 1729 1320 lsaae
1741 1271 1825 1320 natus
1838 1273 1893 1330 est,

257 1373 287 1414 se
300 1366 447 1429 pateretur,
464 1355 516 1412 uisi
531 1356 594 1427 qnia
605 1355 676 1412 linus
687 1365 740 1411 est.
755 1354 783 1411 Si
798 1355 951 1427 quominus,
967 1372 1046 1413 usur·
1095 1351 1160 1424 quia
1173 1352 1249 1409 lsnae
1267 1353 1294 1408 ln
1311 1364 1374 1426 typo
1392 1352 1540 1410 Saltamris
1560 1363 1640 1411 nutus
1659 1365 1701 1411 est
1717 1370 1750 1411 er
1775 1357 1894 1427 promis·

254 1463 334 1518 passe
352 1445 481 1502 dicendus
501 1455 554 1512 est,
574 1451 602 1501 et
615 1460 758 1517 peccasse,
777 1446 850 1516 quod
873 1445 959 1511 absit,
982 1461 1045 1501 eunt
1095 1441 1181 1510 sione,
1197 1442 1284 1513 utqui
1302 1443 1447 1499 crediderit
1459 1441 1596 1500 Citrlstum
1611 1443 1704 1502 lesum
1724 1447 1892 1518 promissum

256 1541 315 1610 ipse
330 1537 466 1595 (fiabolunr
487 1537 640 1608 increpans,
660 1535 803 1593 Dominum
825 1536 910 1592 ileum
929 1536 1046 1593 adoran·
1097 1546 1157 1588 esse
1167 1532 1292 1601 librale,
1306 1533 1352 1589 lrie
1366 1532 1619 1604 sitdliusibraltae,
1634 1536 1892 1596 interseruisset.

252 1633 330 1698 dunt,
348 1639 375 1686 et
398 1629 451 1701 ipsi
475 1628 525 1686 soli
549 1629 719 1685 serviendum
740 1628 875 1684 ostendat.
890 1627 962 1683 Nihil
979 1642 1046 1700 ergo
1096 1621 1205 1680 Dictum
1223 1634 1266 1681 est
1281 1639 1347 1698 ergo
1360 1625 1485 1695 Abrahae,
1497 1627 1559 1699 qnia
1573 1630 1600 1684 in
1618 1631 1775 1688 mninstro
1788 1632 1895 1690 lenedi-

252 1717 444 1790 praejudieatur
464 1716 521 1774 ileo
539 1717 622 1788 patri,
642 1733 703 1800 eum
728 1715 1001 1785 adoraturlllrristus,
1015 1725 1046 1773 ut
1095 1723 1188 1768 centur
1204 1721 1293 1770 omnes
1312 1725 1410 1787 pentes.
1437 1714 1513 1784 Quod
1536 1718 1629 1789 utique
1647 1719 1675 1775 in
1695 1715 1775 1777 isaac
1791 1720 1895 1778 laetum

252 1809 336 1875 Dent,
350 1808 413 1880 quia
433 1822 496 1863 eunt
510 1806 560 1863 soli
581 1806 636 1864 lieo
658 1806 829 1862 serviendum
849 1806 966 1872 dicatur,
989 1794 1083 1863 ser-B
1098 1811 1218 1871 nonest,
1235 1803 1283 1861 sed
1298 1807 1325 1860 ln
1340 1817 1382 1871 eo,
1398 1807 1444 1877 qui
1462 1808 1489 1863 in
1502 1806 1577 1865 istae
1588 1810 1740 1882 promissus
1750 1825 1798 1868 est
1808 1811 1896 1869 Abra·

253 1899 326 1955 ritnr
336 1906 365 1955 et
377 1897 495 1955 Christo.
507 1897 578 1953 Dicit
590 1897 663 1954 enim
674 1896 727 1954 aiio
741 1897 811 1965 loeo,
821 1899 866 1970 qni
879 1899 906 1953 in
916 1899 957 1954 itis
967 1899 1045 1956 seruit
1096 1891 1150 1963 lte,
1164 1895 1211 1966 uui
1223 1904 1265 1952 est
1278 1896 1412 1963 Christus,
1428 1897 1456 1954 ln
1473 1913 1527 1970 quo
1548 1913 1644 1958 omnes
1665 1909 1761 1973 gentes
1782 1903 1896 1958 emedi-

253 1987 466 2059 liliuminter
487 1983 541 2043 ileo
559 1985 648 2061 (Rom.
664 1985 731 2058 mr).
750 1986 820 2057 Quid
831 1999 897 2060 ergo
910 1997 1045 2060 superest,
1098 1996 1196 2043 cuntur
1206 1987 1364 2056 eredentes;
1384 1990 1477 2046 onteri
1502 2005 1566 2063 ergo
1578 1989 1663 2048 iudei
1686 2002 1750 2050 sunt
1768 1994 1818 2051 ιιιιι
1832 2012 1896 2052 ear·

253 2081 305 2138 uisi
318 2089 348 2137 ut
366 2079 448 2136 Pater
467 2078 550 2146 ileos,
574 2079 699 2137 etFilins
720 2082 803 2148 Deus,
819 2090 847 2138 et
868 2081 1046 2142 nihilominus
1098 2078 1229 2146 nis,dum
1242 2081 1421 2151 promissione
1441 2081 1592 2154 privantur,
1615 2099 1667 2142 nee
1688 2087 1815 2157 deputari
1832 2104 1896 2159 pos

254 2187 325 2228 unns
348 2170 420 2227 Deus
439 2171 567 2226 credatur
590 2171 725 2242 uterque?
752 2170 815 2227 sire
835 2173 909 2228 enim
936 2169 1046 2231 Patrem
1096 2177 1162 2228 tunt
1181 2171 1278 2228 merito
1292 2171 1418 2240 dhrahae,
1432 2175 1479 2244 qni
1503 2174 1583 2231 iidem
1605 2191 1659 2232 non
1679 2181 1834 2251 mutentur
1847 2195 1897 2251 per

252 2263 313 2337 quis
330 2262 435 2330 adoret,
451 2257 508 2318 slve
521 2262 631 2329 ιἰιιτιιτ,
644 2277 727 2318 unum
742 2263 827 2320 neum
841 2263 907 2321 dicit
918 2266 1045 2335 sonere,
1095 2276 1177 2332 qnam
1200 2262 1298 2334 dimus
1309 2263 1413 2320 exstitit
1431 2262 1580 2321 tisanam.
1595 2264 1630 2320 ιι
1644 2277 1694 2334 en,
1717 2285 1771 2323 non
1783 2270 1830 2341 osi
1844 2269 1896 2338 iffi

251 2365 280 2413 et
293 2353 491 2422 sertirei‘atrl,
504 2349 643 2421 antidio,
656 2355 767 2412 uuillen
781 2354 921 2412 servitium
935 2357 1047 2414 exhibe-
1097 2352 1196 2419 earnis,
1210 2351 1239 2408 ιιι
1254 2351 1377 2425 iunipiri
1391 2351 1451 2420 Del,
1464 2354 1511 2410 sed
1519 2356 1564 2427 qui
1575 2355 1698 2426 ,illiserit
1708 2352 1895 2429 promissionis

252 2461 305 2507 tur.
318 2443 396 2504 Nulla
407 2445 489 2517 igitur
498 2445 627 2503 diseretio
641 2453 694 2514 est,
706 2445 770 2518 quia
782 2446 829 2520 ιρτι
841 2447 938 2505 adorat
947 2445 1046 2504 Filium
1096 2441 1261 2497 mtimntttr
1271 2443 1299 2499 ii
1308 2442 1554 2516 “elvitiorum
1563 2446 1685 2518 “turris
1707 2463 1762 2505 non
1778 2459 1896 2519 possunt

251 2547 313 2597 urat
328 2546 355 2593 et
371 2535 489 2605 Patrem,
501 2546 529 2593 οι
539 2536 584 2607 qui
597 2536 683 2593 seruit
693 2536 779 2604 Patri,
791 2537 876 2594 servit
888 2536 965 2604 Filio,
978 2548 1006 2594 et
1015 2545 1047 2595 nt
1096 2529 1358 2590 dieiiidieamisiliii
1369 2533 1467 2602 Dei3lti
1479 2535 1552 2591 enim
1563 2539 1896 2610 elnonenpisoentiacan·

252 2630 313 2690 sine
326 2627 481 2684 adulatione
491 2627 600 2683 deitatis
616 2625 696 2697 huius
710 2625 907 2684 euniessionem
924 2642 985 2684 esse
998 2627 1047 2685 do-
1095 2619 1140 2677 ¹ll⁸
1156 2622 1214 2678 nati
1225 2632 1300 2691 ιιιιιι,
1319 2622 1364 2680 itii
1382 2635 1449 2680 tero
1460 2640 1494 2681 ex
1504 2625 1558 2681 lide
1572 2626 1730 2697 spiritaliter
1743 2631 1895 2688 sectandum

250 2728 336 2787 teret,
350 2717 561 2777 inconelusione
575 2717 781 2789 postitium,
802 2717 854 2774 ltoe
870 2726 923 2787 est,
937 2731 1046 2788 rerum,
1097 2714 1171 2784 qnod
1193 2715 1357 2787 promissum
1379 2723 1422 2772 est
1444 2713 1570 2785 Abrahae,
1594 2724 1625 2772 ut
1646 2717 1675 2774 iti
1692 2719 1896 2777 esdmarentnr

251 2808 433 2866 uteirristum
454 2808 538 2865 Deum
553 2808 736 2879 superomnia
750 2809 778 2866 in
796 2809 910 2867 rentate
921 2811 1048 2869 otende-
1096 2815 1189 2862 temen
1200 2821 1272 2875 esse,
1284 2808 1331 2879 qui
1341 2808 1494 2865 crederent.
1505 2805 1693 2865 Prominiouis
1702 2812 1773 2866 etsist
1787 2811 1894 2868 mian

252 2908 295 2958 ret
306 2901 477 2959 benedictum
492 2900 519 2956 ln
534 2900 641 2957 saecula.
678 2935 683 2940 -
1095 2896 1145 2954 ior
1158 2908 1208 2966 οιι,
1222 2898 1365 2955 recondunt
1375 2899 1424 2955 iton
1434 2907 1535 2974 tempus
1549 2904 1661 2972 maiam,
1671 2913 1695 2959 οι
1706 2905 1756 2959 erit
1768 2902 1846 2962 Snrae
1857 2906 1895 2976 fi·

286 2989 349 3047 liert
370 3000 457 3046 ostem
471 2989 541 3062 guod
560 2990 686 3046 exciderit
708 2990 813 3047 mium
834 2989 892 3059 θοι,
906 3007 959 3048 nott
977 2992 1047 3048 eninr
1095 2987 1159 3044 iius.
1174 2985 1274 3064 (θήρ.)
1288 2987 1435 3062 Proposuit
1453 2990 1895 3066 tposmtnsperseqntqnndttoet

249 3100 339 3139 omnm
353 3083 398 3155 psi
408 3099 441 3139 es
458 3080 585 3140 israeliti
600 3091 662 3137 sant
675 3079 817 3152 israelite,
836 3097 918 3156 neque
928 3083 991 3156 quio
1005 3100 1047 3140 se-
1096 3079 1255 3150 repudiatus
1270 3078 1305 3137 sit
1317 3079 1433 3153 populus
1454 3080 1537 3138 lsrael
1556 3097 1606 3156 per
1619 3081 1819 3154 infidelitatem,
1838 3103 1894 3145 noo

249 3191 309 3230 men
329 3184 390 3230 sunt
401 3173 514 3229 Airoltoe
526 3190 616 3230 ornnes
631 3172 692 3245 ιιιιι,
713 3173 760 3229 sed
773 3174 801 3229 itt
813 3173 892 3231 ltuue
912 3149 1081 3232 ttocniiturC
1096 3176 1188 3227 tamen
1202 3170 1395 3241 promissiones
1414 3170 1473 3239 θοι,
1487 3186 1548 3244 quae
1568 3187 1632 3247 erga
1648 3190 1696 3230 eos
1711 3176 1813 3233 eunitae
1830 3177 1892 3235 ine·

250 3265 298 3320 tili
310 3280 408 3320 semen.
421 3262 520 3336 (orig.)
537 3264 670 3331 Quoniam
684 3277 766 3335 supra
779 3264 895 3329 dixerat,
911 3264 983 3335 quod
995 3276 1046 3335 pro
1095 3269 1159 3319 rtnt
1181 3263 1342 3331 deciderint,
1362 3273 1390 3320 et
1407 3262 1543 3322 irustratau
1563 3266 1629 3335 sint,
1649 3268 1795 3340 docetque,
1819 3272 1892 3343 quod
1998 3308 1999 3315 ι

249 3356 381 3414 iratribus
390 3355 457 3419 suis,
471 3370 480 3407 t
496 3355 541 3426 qui
557 3362 620 3411 sunt
636 3354 743 3426 cognati
763 3354 910 3410 mundum
923 3368 1044 3421 earnem,
1095 3369 1158 3411 eum
1167 3355 1244 3412 multi
1258 3353 1306 3412 dlii
1319 3355 1663 3425 ineuntiumnaemnsoto
1676 3359 1753 3417 lsaae
1766 3364 1805 3419 sit
1818 3361 1892 3421 tacta
1997 3374 1998 3383 ¹

250 3444 519 3517 pulsanensem,
533 3464 550 3499 n
559 3452 664 3515 optaret
677 3443 758 3499 etiam
775 3442 919 3498 anamma
930 3441 1000 3511 lieri,
1012 3454 1046 3500 eo
1095 3447 1250 3521 promissio.
1264 3444 1441 3517 «nonenim,
1456 3449 1607 3523 inquit,qui
1618 3451 1665 3508 iiiii
1676 3455 1767 3510 earnis
1777 3466 1854 3522 sunt,
1864 3457 1892 3513 iti
1996 3512 1997 3541 ¹

250 3534 323 3608 quod
339 3536 459 3606 ipsorum
478 3541 550 3590 esset
563 3533 671 3604 adoptio
684 3532 811 3600 illiorum,
825 3540 853 3588 et
871 3532 1003 3604 legislatio
1019 3542 1047 3590 et
1096 3537 1214 3596 suntilii
1226 3538 1300 3606 perp
1313 3546 1343 3595 et
1354 3538 1493 3596 contendit
1503 3540 1657 3608 minitere,
1668 3544 1805 3613 quomodo
1816 3545 1892 3602 tsaae

249 3627 404 3701 pmmissio,
426 3626 459 3681 de
471 3626 514 3683 ltis
534 3636 607 3681 nune
621 3624 698 3693 dicit,
717 3624 781 3696 quis
801 3624 913 3680 veritum
927 3623 976 3680 θοι
990 3638 1045 3682 non
1098 3643 1154 3685 non
1175 3629 1211 3685 sit
1225 3627 1296 3685 illius
1307 3630 1409 3696 earnis,
1432 3630 1479 3687 sed
1494 3632 1530 3687 sit
1548 3628 1633 3688 Filius
1654 3632 1712 3700 θοι,
1727 3642 1756 3690 οι
1769 3636 1843 3691 redit
1857 3638 1892 3692 ad
1995 3634 1996 3637 ’

252 3718 364 3785 eteidit,
375 3720 427 3775 lton
444 3726 497 3783 est,
509 3716 665 3789 promissio,
675 3730 735 3789 quae
745 3714 771 3772 ei
783 3716 855 3773 iacta
865 3725 970 3772 estnon
982 3729 1046 3772 era·
1094 3733 1127 3777 ea
1147 3733 1208 3791 quae
1224 3720 1258 3778 de
1274 3721 1333 3792 ipso
1349 3720 1377 3776 iu
1397 3718 1495 3778 Genesi
1516 3723 1619 3794 scripta
1633 3732 1714 3779 sunt:
1729 3722 1893 3782 Promissio-

250 3806 1046 3881 nult(emir.)idest,lmoetenit‚lnqnit,quodtlirltDeus
1096 3812 1146 3876 nis,
1164 3811 1437 3883 inquinamentum
1452 3820 1499 3880 est,
1513 3814 1723 3887 adtoetenpss
1736 3816 1851 3883 uniant,
1866 3826 1891 3874 et
1993 3838 1994 3879 ι

248 3900 382 3968 loturum,
392 3910 422 3955 ut
433 3910 487 3957 non
497 3900 526 3956 iti
538 3900 693 3956 dicerentur
701 3899 988 3956 semenessetilsrahae
997 3898 1045 3973 uui
1096 3899 1229 3959 eritSoroe
1243 3902 1327 3973 ptius.
1343 3897 1402 3958 Non
1414 3916 1490 3975 ergo,
1505 3903 1603 3974 inquit,
1618 3905 1805 3975 perordinem
1820 3908 1893 3963 nati·

245 3990 370 4062 liliolus
383 4000 483 4057 essent,
496 3990 643 4047 seeundum
658 3990 890 4057 earnem,sedlstl
903 3990 950 4061 qui
964 3990 1044 4047 tuen
1096 3993 1211 4050 tititatis
1241 3991 1358 4049 earttalis
1386 3991 1461 4049 isaac
1489 3992 1628 4061 nascitur,
1650 3993 1751 4066 qnippe
1772 4010 1837 4050 oum
1862 3998 1893 4053 et

242 4086 417 4158 ⁴neeeperint,
433 4101 483 4156 per
503 4098 585 4156 quam
598 4093 679 4141 natus
695 4091 738 4139 est
761 4081 845 4151 istae
868 4084 1044 4140 reformatam
1094 4080 1230 4140 Ahmhum
1241 4083 1355 4140 emortui
1366 4082 1423 4152 iarn
1443 4080 1740 4153 enrponseaneretur,
1762 4094 1793 4141 et
1806 4084 1890 4142 rnlrs

250 4176 612 4251 tentporecliristimoniam
621 4174 765 4248 specialem
777 4175 825 4232 sed
834 4174 997 4247 generalem.
1009 4174 1045 4232 ιιι
1094 4173 1170 4233 Same
1184 4184 1257 4233 esset
1268 4184 1402 4243 emortua,
1415 4173 1485 4232 sient
1496 4184 1578 4247 supra
1591 4172 1693 4232 dietum
1702 4185 1757 4243 est,
1775 4177 1827 4234 sed
1838 4192 1891 4249 per

250 4273 321 4346 guod
331 4270 469 4328 Abraham
480 4270 594 4328 eredidit
603 4268 637 4324 de
647 4267 785 4334 lsaae,istl
794 4267 936 4324 crederent
948 4268 1043 4325 deileo
1093 4268 1222 4325 virtutem
1239 4265 1308 4339 ejus,
1324 4267 1370 4339 qui
1387 4266 1465 4334 dixit,
1489 4265 1525 4321 τι
1544 4267 1593 4345 itae
1613 4274 1714 4340 ternpus
1730 4270 1846 4337 urin,
1864 4274 1890 4326 et
1989 4324 1990 4331 ,

249 4376 278 4420 οι
289 4362 406 4427 Christo,
418 4362 568 4433 quianntns
581 4357 676 4416 e'stDei
686 4356 812 4415 tdtusad
823 4357 937 4414 salntem
947 4356 1044 4413 huma·
1093 4360 1143 4416 erit
1155 4358 1230 4415 Suro
1245 4358 1328 4430 piiss.
1343 4358 1440 4416 llerito
1454 4358 1536 4432 igitur
1547 4370 1601 4415 uon
1617 4361 1720 4428 earnis,
1736 4362 1785 4418 sed
1802 4358 1890 4421 runs

250 4454 278 4509 ni
288 4454 396 4527 generis
407 4452 600 4508 redimendam.
609 4448 708 4523 (θήρ.)
721 4449 771 4519 unt
784 4450 856 4506 enim
869 4463 949 4505 terus
961 4446 1044 4505 luerit
1094 4450 1142 4509 θοι
1165 4450 1273 4517 ιιοιιτιτ,
1298 4451 1344 4522 qut
1366 4465 1400 4507 ex
1420 4450 1537 4506 adventu
1560 4458 1588 4505 et
1612 4462 1740 4509 sermone
1761 4455 1887 4510 nascitur
1987 4468 1988 4471 ’

250 4546 334 4604 lsrael
357 4562 411 4603 non
428 4561 463 4602 er
483 4543 585 4602 carnali
609 4557 707 4615 genere
725 4550 828 4599 mnium
849 4542 884 4597 de
903 4538 1041 4597 Abraham
1057 4498 1159 4601 nitet.
1173 4543 1288 4617 (emir.)
1300 4540 1500 4608 Promissionis,
1522 4542 1620 4613 inquit,
1644 4542 1754 4598 terium
1772 4545 1824 4600 itec
1835 4556 1886 4611 est,

250 4654 335 4711 genus
345 4637 478 4704 dunensi
489 4651 541 4691 non
551 4634 624 4690 enim
640 4632 687 4704 qui
697 4631 744 4689 iiiii
755 4632 845 4688 earnis
856 4651 866 4686 τ
879 4641 950 4696 sunt,
962 4650 971 4682 t
982 4631 1043 4687 hiet
1069 4658 1072 4667 ¹
1093 4635 1371 4709 quodpreliguratum
1381 4634 1409 4689 ln
1420 4632 1528 4691 Chdsto
1538 4642 1628 4701 estut
1641 4632 1751 4692 intumis
1760 4635 1886 4695 christus

251 4730 298 4785 tilii
315 4728 389 4785 pet»
416 4734 494 4793 sunt;
519 4724 781 4796 seduniseeundum
803 4723 1041 4794 repromissionem
1092 4728 1297 4802 promitteretur
1323 4726 1394 4783 illius
1417 4725 1542 4794 Abrahae,
1568 4725 1596 4781 in
1619 4742 1675 4797 quo
1695 4729 1884 4799 promissionis

251 4819 313 4876 ildei
328 4817 511 4875 denintunam
521 4815 671 4881 deseendit,
684 4814 742 4885 ipse
753 4814 835 4870 etiam
849 4808 896 4868 θοι
908 4813 1042 4885 promissa
1092 4818 1204 4875 verbum
1228 4817 1396 4889 impieretur,
1421 4824 1453 4871 ut
1475 4816 1502 4871 in
1524 4814 1633 4873 Christo
1657 4817 1884 4877 benedioerentrr
1984 4808 1985 4815 '

251 4908 436 4981 consequitur.
459 4904 526 4962 liam
543 4906 578 4962 de
590 4914 688 4977 genere
706 4904 790 4960 lsrael
805 4901 881 4960 multi
901 4910 975 4971 ntnt,
993 4902 1041 4960 sed
1092 4922 1187 4967 omnes
1208 4918 1302 4983 gentes
1322 4917 1417 4965 teme:
1430 4908 1537 4980 qnando
1554 4908 1628 4964 enim
1648 4911 1796 4980 promissio
1813 4911 1884 4969 laets

250 5014 305 5056 non
319 5013 414 5056 omnes
424 4996 509 5055 lsrael
523 4994 701 5068 appellantur.
723 4992 936 5065 limitemque
952 4993 1036 5049 Deum
1091 4998 1266 5068 estilotahte,
1275 5007 1303 5055 οι
1312 4999 1423 5065 audivit,
1432 5000 1495 5070 puin
1504 4997 1636 5054 intestine
1646 5002 1884 5058 ιτιοιοιτιιιαττιιτ

249 5090 365 5149 ridendo
384 5089 538 5146 nominatus
560 5095 613 5153 est,
628 5085 698 5143 sieut
715 5085 772 5156 lpse
789 5082 872 5140 iacob
890 5082 1038 5140 dieitzuidl
1091 5104 1180 5145 omnes
1196 5099 1284 5162 pentes
1301 5098 1388 5155 terre,
1411 5087 1536 5146 christus
1557 5087 1651 5159 utique
1671 5088 1709 5145 ilii
1733 5094 1882 5162 promissos

250 5182 390 5238 Demittunt
407 5180 477 5251 ineis
496 5179 531 5234 nd
552 5178 656 5248 inciam,
678 5185 702 5232 et
724 5172 796 5232 soluo
811 5174 882 5245 [octo
897 5183 934 5229 est
948 5174 1038 5230 eninm
1091 5187 1133 5235 est
1145 5192 1180 5232 ex
1191 5177 1302 5234 traduce
1312 5176 1399 5244 isaac,
1413 5178 1440 5233 in
1457 5191 1511 5248 quo
1524 5174 1575 5232 ltoe
1595 5175 1734 5248 impletum
1748 5181 1880 5238 ridemus.

248 5289 306 5328 meo
321 5269 397 5346 (Gen.
409 5269 506 5343 ωτι).
521 5268 604 5340 Ergo,
619 5269 684 5339 quia
701 5267 769 5323 vidit
782 5264 877 5329 Deum,
888 5262 975 5320 lsrael
988 5278 1038 5335 ap·
1129 5264 1286 5323 liopertum
1306 5277 1393 5323 nutent
1414 5264 1472 5333 iilo,
1486 5265 1531 5321 τοι
1541 5275 1566 5320 οι
1581 5262 1698 5322 fletum
1710 5284 1744 5323 er
1757 5284 1810 5325 ruo
1824 5288 1883 5327 ete

249 5363 363 5434 peilatus
375 5372 432 5428 est,
446 5361 493 5433 qui
507 5375 572 5416 tero
585 5376 639 5417 non
654 5358 726 5415 ridet
745 5373 806 5415 eum
820 5357 867 5428 qui
886 5356 954 5413 dixit
967 5373 974 5410 :
986 5354 1039 5422 Qui
1092 5358 1181 5413 cubitu
1196 5357 1294 5413 inient
1312 5356 1391 5414 lsooc
1403 5358 1487 5429 potiit
1501 5356 1594 5412 ιιοιιιι.
1608 5353 1701 5428 (Aug.)
1716 5356 1775 5415 lion
1793 5363 1881 5417 solum

249 5455 377 5522 ueniter,
392 5454 460 5511 οιιοι
471 5463 497 5509 οι
513 5448 621 5507 Putrem
636 5450 727 5524 (loon.
744 5448 812 5524 tm).
830 5449 913 5506 lsrael
925 5465 977 5505 non
991 5463 1041 5521 po-
1090 5447 1180 5518 inquit
1190 5447 1266 5505 issae
1281 5448 1433 5520 promissus
1446 5454 1499 5513 est,
1521 5455 1583 5501 oum
1599 5444 1702 5501 dietum
1716 5456 1769 5516 est,
1784 5451 1821 5505 nd
1832 5452 1880 5505 tor

251 5546 377 5602 tettdiel.
393 5546 506 5618 (Antis.)
520 5544 584 5600 linit
595 5559 661 5617 ergo
672 5543 785 5615 intelligi
796 5556 849 5599 non
859 5542 917 5615 jam
928 5541 989 5599 ideo
998 5540 1040 5600 dl·
1089 5547 1189 5609 tempor
1203 5539 1316 5604 minin,
1337 5548 1362 5594 οι
1374 5537 1423 5593 etit
1443 5532 1519 5594 Suro
1531 5533 1605 5605 ilisa
1615 5532 1693 5605 (Gela
1710 5550 1788 5603 rtttt,
1804 5544 1879 5612 nr),

247 5634 570 5707 gnomonumque
579 5634 626 5690 diii
636 5642 700 5691 sunt
709 5633 834 5700 lemna,
846 5634 895 5691 sed
906 5633 967 5691 illos
976 5648 1037 5693 esse
1088 5632 1135 5703 qul
1156 5632 1250 5703 utique
1272 5630 1353 5688 duilis
1373 5630 1501 5702 operibus
1522 5636 1711 5701 promeruerat
1728 5628 1827 5697 lieuru,

248 5721 399 5794 ΰῑιΰθὸιΰὶ
414 5726 461 5783 filil
475 5724 665 5796 θιθιιιῑιιιθιῐὶδ
680 5734 754 5790 iuni·
771 5724 800 5782 ii
813 5733 865 5789 ιιι.
886 5738 954 5790 ortos
966 5740 1037 5787 prte-
1088 5725 1242 5783 nttsciturttt
1258 5726 1472 5798 ptomittenetur,
1494 5729 1525 5778 ut
1540 5717 1571 5775 in
1591 5716 1666 5775 ittae
1679 5730 1879 5779 nuceretum·
