4042 6200
187 251 239 315 lte
514 243 545 309 o.
565 245 693 309 inibunt
713 247 829 307 debui
841 245 1001 305 uncinos.
1023 245 1179 306 nocuus.
1199 247 1341 309 orendil
1361 249 1451 307 PARS
1469 250 1501 305 ll.
1762 255 1817 317 ιο)

186 369 291 425 actibus
305 366 362 422 suis
379 373 408 421 et
420 365 556 422 vaticiniis
572 365 662 421 iutora
675 362 875 434 exemplabant.
892 359 1011 426 simi-A
1025 357 1083 434 iege
1094 360 1195 416 monde
1207 359 1405 426 describuntur,
1418 360 1543 416 homines
1553 367 1617 417 sunt
1630 364 1717 420 uncti
1727 364 1821 427 divine

185 462 248 518 liter
259 468 288 517 et
306 461 333 516 in
346 458 421 514 Novo
434 457 608 515 Testameuto
627 457 715 530 signa.
727 462 851 527 portentu
867 461 896 511 et
911 467 975 524 pto-
1024 459 1159 521 praeceptn
1169 458 1254 506 oreet
1264 452 1346 507 corde
1356 451 1414 507 sive
1425 464 1508 520 opere
1521 463 1631 522 semper
1639 455 1821 530 meditanteeg

186 554 257 625 digia
273 551 400 624 leguntur
416 550 558 607 accidisse.
579 549 657 618 Quod
667 549 750 606 etiam
765 556 794 603 et
804 545 862 603 ioci
883 546 975 602 instro
1026 541 1056 595 ut
1071 550 1114 600 est
1127 540 1193 596 lliud
1207 541 1234 596 in
1253 540 1378 612 psalmo:
1394 537 1530 596 lleelitotin
1544 542 1631 597 cordis
1648 545 1699 598 mei
1716 543 1745 600 in
1759 562 1822 604 con·

186 647 256 702 num
274 645 421 716 pfaegfioeffi
438 644 561 710 videtu„
577 651 607 698 ug
628 648 672 699 ese
693 641 758 697 illud
773 659 780 695 :
796 639 831 695 Er
846 641 905 707 erte,
918 648 976 711 porr
1025 640 1171 701 specterum
1184 647 1286 703 semper
1299 630 1392 705 (Psoi.
1410 631 1498 704 run).
1513 634 1647 690 Animalia
1666 651 1744 702 vero,
1761 654 1823 709 que

186 737 242 791 dne
255 735 389 805 effundere
404 734 525 804 spiritam
544 745 632 787 mentm
646 747 724 803 repen
735 743 837 786 omnem
848 743 975 785 cumen:
1025 736 1079 777 nou
1093 724 1248 789 ruminant,
1259 731 1419 794 peccatores
1433 731 1497 779 sunt
1510 733 1538 779 ct
1553 725 1694 791 immundi.
1709 730 1820 786 minime

185 835 209 879 et
223 823 412 895 prophetabunt
424 820 474 890 lilii
483 824 570 887 seren,
581 829 606 875 et
619 819 683 890 plin
694 829 784 873 oestroe
795 833 805 873 .·
816 833 889 873 tenes
898 818 976 872 nentri
1025 812 1077 885 iegi
1090 812 1138 869 liei
1149 827 1259 884 operam
1274 814 1380 880 dautes,
1393 829 1443 871 nec
1459 815 1486 870 iu
1498 813 1559 884 ejus
1573 818 1748 876 meditatione
1762 825 1822 876 slu-

185 914 287 968 sonrnin
306 911 530 966 somniabuntret
545 911 656 982 juvenes
675 908 752 964 nestri
772 908 884 968 οἰιὶοιιι
904 907 977 962 sille-
1026 905 1131 960 dentes.
1153 904 1287 962 Animalia
1306 907 1421 977 quippe,
1441 920 1502 977 quse
1522 906 1648 977 ungulam
1667 907 1773 966 dudunt
1794 921 1824 969 et

187 1002 261 1056 iant.
276 999 329 1056 Sed
351 1011 374 1055 et
389 1016 467 1070 snper
479 1015 565 1055 rernm
583 1005 666 1062 meos,
684 1006 710 1051 et
730 994 841 1052 aucium
861 1011 934 1050 tneor
944 995 976 1049 in
1026 994 1178 1059 ruminent,
1192 1009 1254 1065 que
1267 995 1294 1051 iu
1309 995 1370 1067 lege
1382 997 1518 1052 mundana
1537 996 1744 1064 describuntur,
1758 1010 1824 1058 sunt

185 1099 277 1154 dicim
289 1097 343 1152 iltis
353 1094 487 1168 effundunt
507 1095 628 1166 spiritum
646 1108 750 1147 uranu
762 1100 787 1146 et
804 1090 872 1145 doio
886 1089 977 1161 prodi-
1026 1083 1135 1151 fideles,
1152 1085 1180 1140 in
1192 1093 1308 1155 utroque
1320 1093 1484 1141 testamento
1497 1086 1651 1152 credontes,
1666 1097 1695 1144 el
1707 1088 1781 1144 reiut
1794 1090 1821 1146 ia

187 1191 230 1261 gio
242 1191 270 1244 in
285 1187 423 1243 reinerio
443 1195 513 1241 terra
525 1199 534 1237 .·
545 1185 697 1256 snnprdnrrn
707 1191 731 1237 et
747 1183 845 1253 ignens,
859 1189 884 1235 et
896 1195 975 1250 rupo·
1027 1174 1132 1231 duabus
1146 1175 1253 1245 ungulis
1264 1176 1360 1246 pedem
1372 1176 1463 1246 operis
1475 1174 1561 1230 iorma
1574 1190 1684 1246 gressus
1698 1177 1819 1249 [lgentes.

187 1296 241 1334 rent
256 1279 334 1356 [nuri.
348 1276 518 1333 Soluertetnr
533 1274 692 1328 intenebrat
711 1281 736 1326 et
747 1271 811 1325 lanu
825 1272 853 1324 in
870 1269 977 1340 sangui
1027 1265 1163 1321 doimalin
1179 1267 1252 1322 euim
1272 1282 1335 1337 goe
1356 1268 1493 1323 rumimut
1510 1275 1539 1322 et
1556 1267 1682 1340 ungulam
1702 1284 1756 1324 uon
1772 1269 1820 1325 liu·

187 1379 411 1438 »nemausensem
431 1366 516 1420 neuim
533 1364 588 1418 diet
606 1361 712 1417 bonini
726 1375 837 1431 mupnnr
853 1367 878 1412 et
890 1357 977 1412 borm-
1027 1356 1109 1422 dunt,
1126 1371 1187 1426 quae
1205 1357 1343 1413 immundo
1359 1366 1523 1422 narrantur,
1536 1358 1627 1428 populi
1641 1368 1705 1414 sunt
1717 1358 1822 1416 induo·

184 1458 246 1513 iilia
261 1472 271 1510 .·
289 1466 313 1512 et
336 1457 396 1522 erit,
417 1455 502 1510 omnis
529 1454 675 1525 puicnngue
689 1449 859 1514 ‚intumuerit
883 1462 977 1501 nonten
1027 1461 1105 1511 rum,
1123 1449 1170 1518 uui
1190 1455 1379 1504 testamentum
1397 1457 1476 1504 retus
1493 1463 1542 1504 ore
1561 1449 1753 1505 meditantur:
1774 1452 1821 1507 sei

189 1552 294 1608 Domini
307 1551 395 1607 suiuus
408 1551 456 1605 erit
469 1546 540 1621 (inei
552 1545 595 1618 ιι).
607 1544 684 1602 Unde
706 1541 785 1598 nobis
803 1556 858 1596 non
872 1546 916 1595 est
931 1552 977 1593 ne·
1028 1554 1126 1595 uorum
1137 1541 1250 1596 minime
1263 1540 1406 1611 recipiunt.
1417 1539 1484 1596 item
1499 1540 1626 1597 animalia
1638 1551 1762 1609 cornuta,
1774 1543 1821 1613 qni

185 1659 264 1703 cesse
284 1643 319 1700 de
334 1643 468 1714 portentis
482 1653 542 1711 qua
553 1636 696 1711 gentilium
708 1633 770 1690 libri
782 1639 896 1688 narrant
915 1628 976 1686 dio·
1028 1630 1056 1684 iu
1071 1629 1205 1687 mendcio
1222 1631 1279 1687 lico
1291 1629 1382 1687 offerri
1396 1631 1603 1703 praecipiuntur,
1620 1631 1646 1687 lu
1664 1647 1740 1688 esum
1753 1633 1820 1692 ildc·

189 1740 243 1794 lios
266 1737 416 1807 disputare.
439 1730 494 1788 Sed
514 1739 545 1786 et
565 1730 618 1786 hoc
637 1741 687 1782 nos
707 1722 835 1781 murenis
880 1716 976 1775 crede·
992 1711 1093 1775 Biium
1106 1735 1204 1776 carues
1218 1719 1324 1776 iliorum
1344 1721 1547 1787 conceduntur,
1563 1722 1635 1777 siem
1646 1722 1739 1785 rituli.
1753 1724 1822 1779 arie·

187 1843 230 1897 re,
272 1824 582 1899 qumuuqnereraeiter
593 1822 621 1877 in
634 1818 716 1876 relius
728 1818 795 1873 dunt
805 1823 834 1872 et
851 1815 879 1870 in
899 1820 977 1868 natu-
1028 1821 1080 1877 tes,
1094 1811 1172 1877 birci,
1183 1811 1267 1877 cerui,
1279 1810 1403 1877 damulae
1418 1819 1446 1867 et
1456 1812 1573 1883 capreoli
1588 1812 1702 1869 uirtutes
1717 1813 1822 1884 siguilia

190 1935 281 1976 rurum
297 1918 446 1974 mutatione
461 1913 661 1977 describuntur,
675 1923 731 1966 nou
744 1907 795 1963 nisi
807 1904 978 1961 ordinatione
1026 1907 1092 1955 cam
1104 1908 1272 1966 sauctorum,
1284 1915 1385 1955 cornua
1398 1901 1530 1956 uirtutum
1539 1901 1673 1958 aduersus
1684 1901 1821 1960 citandum

186 2019 216 2066 ct
229 2009 367 2065 volumtate
388 2007 434 2063 bei
449 2006 508 2062 iieri
525 2017 617 2074 posse,
631 2001 677 2073 gui
690 1999 782 2056 omnia
795 1991 868 2069 iuste
883 1996 940 2067 agit
950 2003 979 2051 et
1027 2002 1055 2047 et
1065 1992 1132 2048 vitia
1144 2000 1319 2064 peecatorum
1332 2000 1478 2064 gestantes.
1489 1990 1579 2048 Cornu
1594 1994 1708 2066 mystice
1720 1994 1822 2052 Christi

173 2109 263 2172 ,recte
277 2098 415 2169 disponit:
428 2096 556 2167 quonlam
570 2092 661 2162 jnsms
677 2099 721 2147 est
735 2087 865 2145 bombus
880 2087 907 2142 in
920 2100 979 2141 om·
1027 2096 1141 2152 reguum
1156 2081 1183 2136 iu
1196 2080 1344 2153 Evangelio
1363 2081 1498 2153 significat
1515 2103 1522 2134 ι
1537 2080 1572 2135 Et
1586 2083 1668 2137 merit
1682 2099 1764 2139 cornu
1775 2100 1821 2140 tu·

188 2189 332 2246 itibusriis
345 2187 413 2254 suis,
428 2194 457 2242 el
469 2193 580 2241 numos
592 2182 620 2237 in
634 2180 760 2237 omnibus
774 2177 902 2248 mertias
909 2175 976 2232 suis.
1028 2170 1091 2227 iulis
1104 2172 1180 2227 nolis
1196 2173 1224 2226 in
1236 2171 1315 2225 domo
1335 2170 1421 2236 ilould
1434 2170 1509 2241 pueri
1521 2172 1563 2225 tui
1577 2170 1655 2242 (ine.
1668 2171 1701 2244 i).
1714 2170 1822 2229 Cornua
1895 2187 1899 2194 ⁴

484 2291 598 2352 CAPUT
615 2292 672 2350 pm
1028 2271 1133 2332 sptem
1151 2269 1301 2333 potesmtes
1318 2275 1368 2333 per
1384 2273 1464 2316 omne
1479 2268 1595 2332 tempus.
1617 2259 1694 2317 {iude
1708 2262 1735 2316 in
1748 2263 1821 2332 Apu·

397 2366 437 2423 θα
450 2365 585 2437 pecorile·
599 2373 623 2418 et
633 2334 771 2434 jumentis.
1029 2353 1142 2425 eclypsi,
1159 2351 1228 2418 lidi,
1244 2351 1343 2424 inquit,
1356 2367 1452 2422 agnen
1468 2353 1545 2423 geori
1558 2352 1673 2406 οαὶιιιιιι
1687 2352 1823 2438 micarent

221 2457 551 2518 Omnibusanlnautinaa
564 2454 649 2510 udan
666 2454 753 2525 priua
765 2447 897 2508 vocabilia
910 2433 981 2506 indi·
1014 2458 1129 2512 ‚eornm
1149 2453 1245 2513 neptun
1263 2451 1288 2497 et
1308 2441 1398 2496 natu
1416 2450 1513 2506 tentem
1534 2439 1631 2513 (Aron
1651 2441 1694 2512 vl.
1714 2440 1823 2498 corum

188 2553 238 2617 dit,
252 2531 390 2622 appellans
411 2546 556 2613 uuicuique
570 2558 667 2598 nomen
682 2557 715 2597 er
727 2541 853 2612 praesenti
869 2539 978 2595 institu-
1030 2536 1180 2607 tropitoeom
1190 2533 1400 2592 crucisCltristi.
1413 2533 1442 2589 lu
1451 2532 1579 2588 llanamc
1591 2552 1598 2587 ε
1609 2531 1718 2588 domun
1728 2535 1755 2589 in
1767 2550 1825 2588 ιιι·

190 2642 276 2704 tione,
288 2635 365 2705 inula
379 2633 562 2690 conditionem
575 2638 696 2696 uentre,
711 2630 755 2685 coi
770 2630 894 2684 serviret.
908 2627 981 2684 Gen-
1029 2628 1107 2683 nilus
1120 2628 1178 2699 einr
1193 2641 1203 2679 .·
1218 2626 1255 2682 lia·
1268 2625 1422 2681 diuendita
1434 2634 1473 2680 ert
1489 2623 1617 2694 fortitudo
1634 2625 1693 2696 ejus
1706 2624 1822 2696 (iiniac.

189 2738 230 2784 tes
249 2737 339 2784 aulem
359 2724 504 2793 nonnique
529 2720 686 2776 animalium
709 2733 742 2773 er
760 2719 869 2789 propria
889 2716 980 2788 iiagua
1029 2717 1082 2792 ιιι).
1096 2716 1204 2774 &mua
1218 2716 1345 2788 superbia
1358 2715 1475 2781 diaboli,
1491 2714 1534 2771 uel
1546 2723 1667 2788 potestas
1680 2715 1738 2785 eius
1750 2730 1824 2788 με·

189 2819 321 2875 dederont
342 2812 483 2869 vocabola.
505 2809 564 2866 Nou
586 2818 676 2865 autem
697 2804 844 2863 monadum
862 2807 981 2878 linguam
1030 2811 1102 2867 senti
1114 2809 1143 2867 in
1155 2819 1287 2881 tempore,
1301 2810 1359 2864 sire
1374 2822 1486 2880 regnum
1501 2807 1662 2864 Antichrisli
1677 2808 1704 2863 in
1718 2809 1824 2881 Apocu-
1870 2855 1876 2864 .

189 2912 402 2977 Latinarumque
410 2903 532 2961 Graeeam
541 2897 907 2970 autquarumiibetgeutium
919 2896 981 2951 bar·
1031 2903 1110 2976 lypsi,
1125 2903 1232 2960 Cornua
1248 2917 1329 2975 regnu
1344 2901 1434 2958 saeculi
1449 2902 1529 2973 liujus
1539 2904 1566 2957 in
1582 2902 1701 2959 Daniele,
1716 2901 1825 2959 (20me

190 3005 315 3057 baiarum
328 2999 437 3055 unrldnu
450 2995 495 3051 iila
508 2995 636 3066 imposuit
646 2992 748 3057 ddum
760 2991 807 3046 sed
819 2988 864 3044 illu
877 2989 979 3060 lingua,
1029 2994 1157 3065 superbia
1184 2993 1212 3049 ln
1236 2992 1344 3050 Psalmo
1365 3006 1373 3045 t
1404 2990 1439 3045 Et
1460 3009 1477 3045 a
1505 2992 1628 3048 enrnilna
1659 2992 1825 3048 emerendum

188 3110 249 3166 quse
263 3102 326 3147 aute
336 3089 467 3144 diluviem
480 3085 606 3142 omuibus
617 3099 669 3139 uua
681 3081 742 3147 init,
754 3094 815 3152 quse
826 3089 854 3137 et
866 3077 980 3135 beiram
992 3063 1016 3126 C
1031 3083 1205 3140 humiditatem
1215 3100 1299 3139 meum
1312 3079 1398 3156 (Ptol.
1411 3081 1478 3155 uxr).
1489 3081 1596 3140 Etuiibi
1609 3079 1658 3138 :m
1669 3084 1757 3140 omniu
1767 3101 1826 3140 cor·

190 3192 342 3254 rlltttetlpaia
356 3167 408 3236 rel.
428 3177 523 3234 Leline
537 3186 627 3231 aulem
647 3173 775 3229 animalia
789 3173 846 3229 sive
858 3171 981 3226 auiman-
1031 3186 1259 3249 pauperculorum
1272 3177 1436 3248 confringam
1451 3173 1537 3247 (Paul.
1553 3177 1656 3251 bxxlll).
1669 3178 1827 3250 ngdrupg.

191 3278 226 3328 tiu
242 3276 325 3336 «licta,
339 3272 411 3342 (ruod
424 3270 577 3324 &diluentur
590 3266 645 3321 rita
654 3274 684 3321 ei
693 3270 855 3320 m⁰i⁰²¹¹iilr
873 3261 979 3333 spiritu·
1031 3269 1074 3325 dia
1087 3278 1193 3335 rocam,
1203 3268 1265 3338 qnia
1275 3268 1392 3338 qtratudr
1401 3270 1514 3341 pedibus
1527 3270 1697 3339 gradiuntur.
1705 3269 1826 3336 Qrtorum

190 3368 268 3422 lauta
287 3366 442 3438 allegoriam
461 3379 526 3420 vero
546 3362 673 3418 animalia
690 3362 785 3417 brutos
803 3358 928 3416 homines
945 3357 982 3414 si·
1030 3360 1154 3430 quedam
1167 3359 1230 3414 dum
1245 3359 1300 3414 siut
1313 3359 1411 3415 similia
1425 3361 1579 3432 pecoribus,
1593 3370 1684 3416 tamen
1696 3361 1747 3416 sub
1760 3376 1825 3418 cura

190 3460 335 3529 guiticuut,
351 3465 378 3512 ot
392 3466 499 3511 terrem
517 3451 703 3508 tantummodo
721 3451 881 3522 cogitantes.
904 3447 982 3505 [lude
1032 3446 1149 3508 bumau'a
1170 3465 1223 3505 non
1242 3459 1323 3517 sunt,
1335 3460 1364 3506 nt
1379 3452 1469 3518 cervi,
1485 3451 1571 3507 damur
1587 3453 1739 3523 monagri,
1753 3462 1824 3519 cte.;

191 3548 312 3602 dil-inu:
333 3543 461 3601 Animalia
484 3545 561 3599 borno
581 3559 633 3596 non
659 3541 767 3612 percipit
788 3556 820 3595 en
843 3554 903 3610 gnte
920 3545 983 3592 sunt
1031 3543 1079 3599 sed
1093 3557 1181 3612 oeque
1196 3543 1375 3610 besliaeeuut,
1387 3552 1417 3600 ot
1430 3543 1532 3609 leones,
1549 3546 1782 3616 nequejmnenta,
1797 3554 1828 3601 ut

190 3637 307 3707 Spiritus
322 3635 388 3701 Dei,
402 3632 515 3689 stultitia
532 3642 571 3687 est
584 3632 624 3687 illi
635 3629 661 3704 (i
675 3630 737 3686 Gor.
751 3628 793 3701 ιι).
806 3628 875 3685 iiiuc
889 3639 917 3684 et
932 3642 983 3699 per
1031 3647 1098 3689 usus
1118 3632 1259 3689 bominum
1270 3631 1360 3701 juvari
1373 3634 1487 3705 possint.
1503 3633 1591 3689 Pecus
1605 3635 1721 3707 dicimus
1747 3648 1827 3691 omne

192 3730 361 3784 i’saltuistem
382 3726 504 3782 dicitnr:
523 3725 656 3778 Animalia
675 3720 932 3777 tundentium
949 3735 982 3773 er
1032 3723 1104 3794 quod
1117 3723 1235 3778 bumana
1249 3722 1339 3795 lingon
1353 3733 1382 3780 et
1395 3724 1484 3796 elligie
1502 3734 1587 3782 mret-
1606 3726 1719 3798 Proprie
1736 3737 1827 3784 tutem

192 3818 280 3891 (Paul.
295 3818 391 3887 ιιιιι).
405 3816 538 3872 brumalia
551 3814 660 3871 luerunt
671 3823 765 3886 gentes
776 3827 840 3868 nera
854 3810 982 3882 reiigione
1030 3828 1160 3885 pecorum
1179 3827 1277 3870 nomen
1296 3814 1340 3870 bis
1353 3815 1515 3871 animalibus
1532 3818 1731 3873 accommodari
1745 3819 1826 3885 solet,

193 3919 323 3965 cannata.
337 3907 390 3965 Sed
402 3923 464 3963 cum
475 3909 509 3963 ad
523 3907 665 3962 iiouurlum
674 3914 816 3971 venerunt,
829 3900 906 3958 lacte
918 3909 983 3957 suut
1031 3920 1093 3978 que
1106 3913 1169 3962 sunl
1189 3907 1283 3961 autad
1298 3906 1459 3962 vescendum
1472 3915 1534 3977 apta
1547 3947 1555 3973 ,
1572 3915 1602 3962 nt
1615 3922 1680 3963 ores
1695 3915 1724 3964 et
1737 3924 1801 3965 sues
1818 3926 1825 3964 :

188 4004 250 4083 ¹ejus
264 4002 479 4071 upedltataezut
490 3998 547 4068 iam
562 3996 630 4053 niidi
644 3997 789 4066 indigeant,
805 3995 852 4051 sed
865 3993 983 4048 rationa-
1032 4005 1080 4053 aut
1097 3995 1159 4052 usui
1177 3996 1318 4051 bominum
1332 3997 1828 4070 comnioda,utequietbores.1lil·
1933 4013 1936 4018 ·

194 4092 238 4147 bili
254 4110 284 4146 ac
299 4090 378 4162 pleno
391 4089 491 4145 lumine
502 4087 695 4158 compleantur.
710 4085 757 4142 liae
786 4083 981 4140 inabitabtrutiu
1032 4085 1087 4143 lert
1103 4094 1194 4141 aulem
1215 4085 1285 4141 luter
1298 4100 1395 4156 pecora
1410 4095 1438 4142 et
1454 4087 1580 4158 pecudes.
1595 4087 1661 4143 iiam
1675 4090 1826 4145 communi·

194 4184 323 4249 Ecclesia,
336 4199 397 4238 cum
414 4172 484 4237 uerae
498 4179 635 4250 religionis
648 4178 760 4241 cultum,
772 4176 830 4247 ipso
847 4176 981 4231 miseran·
1032 4178 1555 4249 terreteresiosignilicationeomnium
1566 4181 1827 4263 animaliumpecora

196 4285 236 4341 te.
253 4275 431 4347 perceperint.
454 4274 520 4328 item
538 4270 618 4335 iliud,
638 4269 709 4341 quod
729 4267 794 4324 dicit
811 4266 954 4337 nposmm
972 4279 981 4320 t
1033 4271 1169 4330 dixerunt.
1183 4269 1305 4327 Pecudes
1326 4281 1415 4326 autem
1429 4279 1535 4327 tantum
1550 4271 1597 4327 ilia
1611 4273 1750 4339 animalia,
1766 4290 1826 4344 quan

195 4369 240 4421 list
253 4384 345 4437 corpur
358 4363 481 4428 animale,
501 4374 538 4417 eat
553 4371 576 4416 et
591 4359 708 4431 spiritale
724 4374 797 4413 :non
816 4359 889 4429 prius
901 4357 981 4427 spiri·
1034 4361 1131 4425 odnnt,
1148 4361 1225 4431 quasi
1238 4360 1374 4431 pecudes.
1389 4359 1559 4417 Generaliter
1572 4371 1663 4417 nutem
1677 4378 1757 4418 omne
1770 4364 1826 4419 uui·

193 4459 255 4522 lule,
268 4457 312 4510 rad
327 4455 395 4526 qnod
407 4452 537 4517 uuiinale,
550 4452 643 4507 debinc
657 4449 728 4522 qnod
742 4449 860 4520 amuleta
878 4446 905 4520 (l
919 4445 981 4502 Gor.
1034 4451 1089 4507 mal
1107 4465 1190 4523 pecus
1212 4466 1229 4507 a
1251 4451 1387 4522 pascendo
1408 4460 1543 4507 mentum.
1568 4450 1694 4509 iumenta
1717 4453 1826 4508 nomina

193 4546 249 4615 ιι).
265 4545 293 4600 iu
309 4559 423 4613 corpore
437 4542 545 4599 animali
558 4542 693 4615 signidem
706 4541 917 4613 praesentiente
927 4548 983 4596 sta·
1033 4542 1098 4599 inde
1110 4551 1261 4607 traxerunt,
1275 4541 1348 4614 quod
1361 4550 1484 4598 nestrum
1495 4541 1628 4609 laborem,
1640 4544 1684 4602 vel
1695 4558 1764 4600 onus
1776 4559 1827 4600 suo

193 4643 267 4701 tam,
280 4633 399 4704 qurundiu
418 4634 498 4688 bomo
514 4632 582 4703 gerit
597 4647 694 4703 corpus
717 4630 839 4688 mortale.
856 4629 983 4700 Spiritale
1034 4632 1182 4703 adjutorio,
1200 4632 1390 4703 subjectrndo,
1406 4631 1449 4687 uel
1462 4632 1565 4689 arando
1575 4632 1679 4703 jurent.
1692 4632 1761 4689 llam
1777 4634 1827 4690 boe

192 4738 282 4783 autem
295 4738 394 4796 eorpus
407 4723 541 4795 signiticat
553 4721 650 4778 loturae
660 4723 722 4779 rite
738 4721 980 4789 immortalitatem,
1032 4732 1190 4797 carpentum
1205 4723 1299 4789 trabit,
1311 4730 1338 4777 et
1349 4722 1509 4780 durissimas
1521 4732 1603 4779 terne
1613 4723 1705 4794 glebas
1716 4738 1827 4782 molere

191 4819 301 4892 girando
310 4817 361 4874 boc
373 4814 549 4886 corruptibile
562 4828 659 4883 contus
672 4813 790 4870 induerit
801 4812 982 4882 incorruptio-
1033 4815 1117 4871 rerlit
1133 4832 1141 4869 ι
1158 4826 1245 4886 egum
1256 4821 1285 4870 et
1301 4815 1396 4872 asinus
1410 4829 1513 4881 onera,
1528 4826 1557 4871 et
1569 4815 1710 4871 bominum
1724 4815 1751 4871 in
1764 4830 1827 4888 grs-

193 4926 263 4966 uem.
279 4907 401 4966 Animaie
419 4920 517 4976 corpus
530 4914 583 4969 esl,
598 4906 663 4959 dum
681 4904 749 4960 cibis
760 4910 935 4969 sustentatur,
950 4910 981 4959 ut
1032 4904 1131 4961 diendo
1149 4903 1267 4959 laborem
1289 4913 1451 4973 temperant
1468 4904 1546 4963 Unde
1563 4903 1722 4975 etjamenta
1735 4904 1828 4977 appel·

192 5004 265 5058 vivat
285 5020 293 5058 ε
310 5000 430 5072 spiritale
443 5008 552 5063 numm.
572 5012 634 5053 curn
654 4997 750 5054 borum
768 4996 835 5052 nibil
852 4995 982 5068 indigebit
1032 4995 1541 5068 lauturabeomuodjmentbomiues.
1554 4995 1704 5053 Suntenim
1714 5008 1826 5067 magna·

191 5106 339 5147 cont'ersus
360 5092 387 5145 in
409 5091 501 5144 sitnm.
527 5087 623 5144 Omnia
646 5087 799 5159 supradicta
822 5086 874 5143 boc
899 5102 980 5143 seusu
1031 5087 1348 5145 rumririumrnimalia.
1361 5086 1486 5144 iumenta
1503 5096 1594 5145 autem
1604 5089 1718 5160 mystice
1731 5086 1825 5145 lideles

192 5184 362 5238 clauduntur.
378 5180 519 5235 ilonemm
536 5180 610 5234 aliud
623 5179 777 5235 continetur
792 5179 820 5233 in
835 5178 981 5249 elpenori-
1032 5181 1136 5236 suntin
1150 5179 1287 5244 Ecclesia.
1301 5180 1349 5235 sed
1367 5179 1482 5250 spiritali
1497 5179 1633 5236 intellectu
1654 5186 1780 5236 mreutes
1796 5180 1824 5234 lu

193 5272 258 5335 bus.
274 5272 325 5328 nisi
342 5272 405 5342 quia
420 5270 536 5327 animale
553 5269 796 5340 conposuerunt,
812 5277 839 5324 et
857 5276 980 5340 resurget
1031 5271 1159 5328 Psalmo:
1175 5271 1302 5327 lionrsner
1313 5284 1337 5326 et
1345 5273 1467 5343 jumenta
1478 5271 1603 5339 sciendis,
1614 5270 1822 5345 ilonineffrui.

193 5360 323 5430 ipiritale
334 5362 406 5432 quod
417 5376 504 5433 neque
515 5361 571 5432 jam
586 5361 739 5426 manducet,
754 5374 804 5415 uec
817 5359 978 5423 infirmetur,
1032 5361 1125 5435 ιιιι).
1139 5362 1205 5418 item
1215 5363 1336 5433 jumenta
1350 5361 1490 5417 intellectu
1499 5371 1527 5416 ct
1540 5362 1647 5432 eloquio
1659 5370 1782 5417 carentes
1795 5359 1824 5416 iu

147 5472 152 5482 ·
195 5470 243 5509 nce
262 5455 298 5510 sit
317 5455 625 5528 ielidum‚necaegrum
644 5463 754 5521 natura;
780 5456 844 5525 quia
862 5453 979 5510 animale
1031 5453 1135 5523 psalmo
1158 5472 1164 5507 ι
1187 5450 1220 5506 Ut
1235 5453 1385 5522 intuentum
1404 5450 1489 5520 [uetur
1513 5467 1571 5505 enin
1591 5451 1661 5522 opud
1687 5460 1713 5504 te
1733 5448 1820 5520 (Psoi.

192 5562 224 5599 cu
245 5545 348 5609 ullam,
368 5546 492 5614 spirituale
506 5562 569 5602 vero
591 5560 640 5616 per
654 5544 791 5601 Christum
807 5545 835 5598 in
855 5559 978 5602 resurre-
1032 5543 1127 5616 ιιιιι).
1145 5543 1262 5598 iltrrsum
1273 5542 1395 5612 innitente
1411 5543 1534 5598 bomiues
1550 5541 1680 5597 inxuriosi
1696 5550 1772 5605 sunt,
1789 5541 1823 5596 de

195 5639 282 5689 erinon
295 5647 470 5691 umrtuurum.
483 5638 627 5703 Animalia,
642 5652 702 5707 quar
717 5637 861 5698 ruminant,
878 5650 938 5705 qun
951 5636 978 5692 iu
1033 5635 1131 5706 utribus
1143 5637 1169 5690 iu
1182 5635 1239 5691 ioci
1259 5639 1296 5692 itu
1312 5636 1443 5706 scriptum
1462 5644 1504 5689 est
1519 5650 1526 5689 :
1546 5632 1766 5706 conpari-noran
1774 5633 1823 5705 je·
