<?xml version="1.0" encoding="UTF-8"?>
<!DOCTYPE html PUBLIC "-//W3C//DTD XHTML 1.0 Transitional//EN"
    "http://www.w3.org/TR/xhtml1/DTD/xhtml1-transitional.dtd">
<html xmlns="http://www.w3.org/1999/xhtml" xml:lang="en" lang="en">
 <head>
  <title>
</title>
<meta http-equiv="Content-Type" content="text/html;charset=utf-8" />
  <meta name='ocr-system' content='tesseract 3.04.00' />
  <meta name='ocr-capabilities' content='ocr_page ocr_carea ocr_par ocr_line ocrx_word'/>
</head>
<body>
  <div class='ocr_page' id='page_1' title='image "./patrologiaecurs164unkngoog_0661.png"; bbox 0 0 4042 6200; ppageno 0'>
   <div class='ocr_carea' id='block_1_1' title="bbox 184 212 1808 277">
    <p class='ocr_par' dir='ltr' id='par_1_1' title="bbox 184 212 1808 277">
     <span class='ocr_line' id='line_1_1' title="bbox 184 212 1808 277; baseline 0.006 -11"><span class='ocrx_word' id='word_1_1' title='bbox 184 212 253 268; x_wconf 71' lang='lat' dir='ltr'>teti</span> <span class='ocrx_word' id='word_1_2' title='bbox 466 213 738 271; x_wconf 71' lang='lat' dir='ltr'>enanntttorttnt</span> <span class='ocrx_word' id='word_1_3' title='bbox 758 214 791 270; x_wconf 72' lang='lat' dir='ltr'>tu</span> <span class='ocrx_word' id='word_1_4' title='bbox 811 214 886 269; x_wconf 77' lang='lat' dir='ltr'><strong>EPP.</strong></span> <span class='ocrx_word' id='word_1_5' title='bbox 904 213 1009 271; x_wconf 75' lang='lat' dir='ltr'>batti</span> <span class='ocrx_word' id='word_1_6' title='bbox 1029 215 1093 271; x_wconf 80' lang='lat' dir='ltr'>nto.</span> <span class='ocrx_word' id='word_1_7' title='bbox 1114 217 1134 271; x_wconf 77' lang='lat' dir='ltr'>l¹</span> <span class='ocrx_word' id='word_1_8' title='bbox 1155 247 1188 258; x_wconf 91' lang='lat'>-</span> <span class='ocrx_word' id='word_1_9' title='bbox 1206 217 1240 272; x_wconf 81' lang='lat' dir='ltr'>tn·</span> <span class='ocrx_word' id='word_1_10' title='bbox 1257 217 1365 274; x_wconf 77' lang='lat' dir='ltr'>ertst.</span> <span class='ocrx_word' id='word_1_11' title='bbox 1386 217 1432 274; x_wconf 77' lang='lat' dir='ltr'>ab</span> <span class='ocrx_word' id='word_1_12' title='bbox 1450 218 1534 276; x_wconf 77' lang='lat' dir='ltr'>nott.</span> <span class='ocrx_word' id='word_1_13' title='bbox 1739 218 1808 277; x_wconf 76' lang='lat' dir='ltr'>tatu</span> 
     </span>
    </p>
   </div>
   <div class='ocr_carea' id='block_1_2' title="bbox 147 324 1872 5655">
    <p class='ocr_par' dir='ltr' id='par_1_2' title="bbox 147 324 1872 5655">
     <span class='ocr_line' id='line_1_2' title="bbox 182 324 1809 408; baseline 0.012 -30"><span class='ocrx_word' id='word_1_14' title='bbox 182 338 246 379; x_wconf 87' lang='lat' dir='ltr'>nunt</span> <span class='ocrx_word' id='word_1_15' title='bbox 261 331 400 392; x_wconf 82' lang='lat' dir='ltr'>putamus,</span> <span class='ocrx_word' id='word_1_16' title='bbox 414 325 461 394; x_wconf 82' lang='lat' dir='ltr'>qui</span> <span class='ocrx_word' id='word_1_17' title='bbox 478 324 656 380; x_wconf 62' lang='lat' dir='ltr'>crealitlerititt</span> <span class='ocrx_word' id='word_1_18' title='bbox 670 326 789 392; x_wconf 78' lang='lat' dir='ltr'>Christo,</span> <span class='ocrx_word' id='word_1_19' title='bbox 803 336 829 382; x_wconf 90' lang='lat' dir='ltr'>ct</span> <span class='ocrx_word' id='word_1_20' title='bbox 843 337 903 397; x_wconf 83' lang='lat' dir='ltr'>post</span> <span class='ocrx_word' id='word_1_21' title='bbox 919 328 971 384; x_wconf 86' lang='lat' dir='ltr'>boe</span> <span class='ocrx_word' id='word_1_22' title='bbox 984 335 1008 392; x_wconf 76' lang='grc' dir='ltr'>Α</span> <span class='ocrx_word' id='word_1_23' title='bbox 1021 329 1091 384; x_wconf 75' lang='lat' dir='ltr'>tium</span> <span class='ocrx_word' id='word_1_24' title='bbox 1107 329 1235 407; x_wconf 86' lang='lat' dir='ltr'>bonitatis</span> <span class='ocrx_word' id='word_1_25' title='bbox 1257 333 1301 388; x_wconf 91' lang='lat' dir='ltr'>ltic</span> <span class='ocrx_word' id='word_1_26' title='bbox 1316 332 1408 400; x_wconf 83' lang='lat' dir='ltr'>lateat,</span> <span class='ocrx_word' id='word_1_27' title='bbox 1440 350 1520 404; x_wconf 89' lang='lat' dir='ltr'>quarn</span> <span class='ocrx_word' id='word_1_28' title='bbox 1542 350 1648 408; x_wconf 77' lang='lat' dir='ltr'>semper</span> <span class='ocrx_word' id='word_1_29' title='bbox 1668 337 1809 397; x_wconf 81' lang='lat' dir='ltr'><strong>abscondit</strong></span> 
     </span>
     <span class='ocr_line' id='line_1_3' title="bbox 183 407 1808 498; baseline 0.007 -26"><span class='ocrx_word' id='word_1_30' title='bbox 183 416 357 473; x_wconf 75' lang='lat' dir='ltr'>homicidium</span> <span class='ocrx_word' id='word_1_31' title='bbox 376 417 416 472; x_wconf 84' lang='lat' dir='ltr'>rel</span> <span class='ocrx_word' id='word_1_32' title='bbox 436 419 597 475; x_wconf 86' lang='lat' dir='ltr'>adulterium</span> <span class='ocrx_word' id='word_1_33' title='bbox 610 421 786 485; x_wconf 70' lang='lat' dir='ltr'>commiserit,</span> <span class='ocrx_word' id='word_1_34' title='bbox 812 430 859 476; x_wconf 91' lang='lat' dir='ltr'>aut</span> <span class='ocrx_word' id='word_1_35' title='bbox 872 419 970 475; x_wconf 86' lang='lat' dir='ltr'>laisum</span> <span class='ocrx_word' id='word_1_36' title='bbox 1022 418 1179 475; x_wconf 88' lang='lat' dir='ltr'>timentibus</span> <span class='ocrx_word' id='word_1_37' title='bbox 1193 435 1238 487; x_wconf 91' lang='lat' dir='ltr'>se;</span> <span class='ocrx_word' id='word_1_38' title='bbox 1259 407 1382 480; x_wconf 74' lang='lat' dir='ltr'>fortassis</span> <span class='ocrx_word' id='word_1_39' title='bbox 1399 421 1481 490; x_wconf 90' lang='lat' dir='ltr'>enim,</span> <span class='ocrx_word' id='word_1_40' title='bbox 1503 423 1594 480; x_wconf 91' lang='lat' dir='ltr'>obboc</span> <span class='ocrx_word' id='word_1_41' title='bbox 1622 426 1675 482; x_wconf 92' lang='lat' dir='ltr'>sibi</span> <span class='ocrx_word' id='word_1_42' title='bbox 1691 443 1808 498; x_wconf 83' lang='lat' dir='ltr'>propen-</span> 
     </span>
     <span class='ocr_line' id='line_1_4' title="bbox 147 503 1810 590; baseline 0.01 -30"><span class='ocrx_word' id='word_1_43' title='bbox 147 571 150 580; x_wconf 22' lang='grc' dir='ltr'>ἱ</span> <span class='ocrx_word' id='word_1_44' title='bbox 184 503 367 562; x_wconf 86' lang='lat' dir='ltr'>testimonium</span> <span class='ocrx_word' id='word_1_45' title='bbox 381 507 492 574; x_wconf 75' lang='lat' dir='ltr'>dixerit,</span> <span class='ocrx_word' id='word_1_46' title='bbox 506 518 552 564; x_wconf 90' lang='lat' dir='ltr'>aut</span> <span class='ocrx_word' id='word_1_47' title='bbox 567 509 668 579; x_wconf 82' lang='lat' dir='ltr'>aliquid</span> <span class='ocrx_word' id='word_1_48' title='bbox 681 510 834 578; x_wconf 77' lang='lat' dir='ltr'>huiusmodi</span> <span class='ocrx_word' id='word_1_49' title='bbox 846 509 970 582; x_wconf 76' lang='lat' dir='ltr'>gesserit,</span> <span class='ocrx_word' id='word_1_50' title='bbox 1020 508 1119 580; x_wconf 81' lang='lat' dir='ltr'>siorem</span> <span class='ocrx_word' id='word_1_51' title='bbox 1133 525 1225 565; x_wconf 87' lang='lat' dir='ltr'>curum</span> <span class='ocrx_word' id='word_1_52' title='bbox 1247 527 1296 582; x_wconf 83' lang='lat' dir='ltr'>pro</span> <span class='ocrx_word' id='word_1_53' title='bbox 1310 515 1353 569; x_wconf 90' lang='lat' dir='ltr'>bis</span> <span class='ocrx_word' id='word_1_54' title='bbox 1367 515 1412 585; x_wconf 83' lang='lat' dir='ltr'>qui</span> <span class='ocrx_word' id='word_1_55' title='bbox 1430 523 1553 586; x_wconf 87' lang='lat' dir='ltr'>pereunt,</span> <span class='ocrx_word' id='word_1_56' title='bbox 1580 517 1668 573; x_wconf 84' lang='lat' dir='ltr'>inesse</span> <span class='ocrx_word' id='word_1_57' title='bbox 1682 519 1739 590; x_wconf 83' lang='lat' dir='ltr'>ipsc</span> <span class='ocrx_word' id='word_1_58' title='bbox 1757 520 1810 577; x_wconf 85' lang='lat' dir='ltr'>bo-</span> 
     </span>
     <span class='ocr_line' id='line_1_5' title="bbox 182 599 1809 679; baseline 0.009 -27"><span class='ocrx_word' id='word_1_59' title='bbox 182 611 244 666; x_wconf 77' lang='lat' dir='ltr'>quae</span> <span class='ocrx_word' id='word_1_60' title='bbox 260 611 452 668; x_wconf 81' lang='lat' dir='ltr'>nonnunquam</span> <span class='ocrx_word' id='word_1_61' title='bbox 466 599 588 654; x_wconf 86' lang='lat' dir='ltr'>ridemus</span> <span class='ocrx_word' id='word_1_62' title='bbox 610 600 752 655; x_wconf 84' lang='lat' dir='ltr'>admittere</span> <span class='ocrx_word' id='word_1_63' title='bbox 770 600 854 655; x_wconf 88' lang='lat' dir='ltr'>etium</span> <span class='ocrx_word' id='word_1_64' title='bbox 868 599 970 666; x_wconf 83' lang='lat' dir='ltr'>[itleles,</span> <span class='ocrx_word' id='word_1_65' title='bbox 1021 600 1110 654; x_wconf 89' lang='lat' dir='ltr'>miuus</span> <span class='ocrx_word' id='word_1_66' title='bbox 1134 599 1163 654; x_wconf 87' lang='grc' dir='ltr'>ιιι</span> <span class='ocrx_word' id='word_1_67' title='bbox 1175 600 1319 673; x_wconf 78' lang='lat' dir='ltr'>Evangelio</span> <span class='ocrx_word' id='word_1_68' title='bbox 1331 606 1458 671; x_wconf 85' lang='lat' dir='ltr'>ostendit,</span> <span class='ocrx_word' id='word_1_69' title='bbox 1479 622 1539 661; x_wconf 85' lang='lat' dir='ltr'>oum</span> <span class='ocrx_word' id='word_1_70' title='bbox 1555 607 1630 673; x_wconf 90' lang='lat' dir='ltr'>dicit,</span> <span class='ocrx_word' id='word_1_71' title='bbox 1654 609 1714 679; x_wconf 81' lang='lat' dir='ltr'>quio</span> <span class='ocrx_word' id='word_1_72' title='bbox 1740 612 1809 665; x_wconf 81' lang='lat' dir='ltr'>uenit</span> 
     </span>
     <span class='ocr_line' id='line_1_6' title="bbox 183 685 1807 769; baseline 0.009 -29"><span class='ocrx_word' id='word_1_73' title='bbox 183 687 302 757; x_wconf 85' lang='lat' dir='ltr'>quiapro</span> <span class='ocrx_word' id='word_1_74' title='bbox 313 685 356 741; x_wconf 87' lang='lat' dir='ltr'>his</span> <span class='ocrx_word' id='word_1_75' title='bbox 363 687 419 757; x_wconf 85' lang='lat' dir='ltr'>jorn</span> <span class='ocrx_word' id='word_1_76' title='bbox 433 687 664 757; x_wconf 83' lang='lat' dir='ltr'>nonjudicabitur,</span> <span class='ocrx_word' id='word_1_77' title='bbox 674 690 723 759; x_wconf 78' lang='lat' dir='ltr'>qui</span> <span class='ocrx_word' id='word_1_78' title='bbox 734 688 969 746; x_wconf 85' lang='lat' dir='ltr'>crediditinChri·</span> <span class='ocrx_word' id='word_1_79' title='bbox 1022 687 1108 743; x_wconf 81' lang='lat' dir='ltr'>Filius</span> <span class='ocrx_word' id='word_1_80' title='bbox 1119 689 1231 745; x_wconf 81' lang='lat' dir='ltr'>bominis</span> <span class='ocrx_word' id='word_1_81' title='bbox 1245 709 1360 764; x_wconf 74' lang='lat' dir='ltr'>querere</span> <span class='ocrx_word' id='word_1_82' title='bbox 1380 704 1403 748; x_wconf 80' lang='lat' dir='ltr'>et</span> <span class='ocrx_word' id='word_1_83' title='bbox 1417 695 1519 750; x_wconf 82' lang='lat' dir='ltr'>eulurrre</span> <span class='ocrx_word' id='word_1_84' title='bbox 1529 695 1599 766; x_wconf 78' lang='lat' dir='ltr'>urtod</span> <span class='ocrx_word' id='word_1_85' title='bbox 1610 696 1721 766; x_wconf 77' lang='lat' dir='ltr'>perierat</span> <span class='ocrx_word' id='word_1_86' title='bbox 1732 695 1807 769; x_wconf 82' lang='lat' dir='ltr'>(Luc.</span> 
     </span>
     <span class='ocr_line' id='line_1_7' title="bbox 171 774 1810 852; baseline 0.01 -23"><span class='ocrx_word' id='word_1_87' title='bbox 171 776 246 830; x_wconf 80' lang='lat' dir='ltr'>sto?</span> <span class='ocrx_word' id='word_1_88' title='bbox 266 774 376 829; x_wconf 79' lang='lat' dir='ltr'>Certum</span> <span class='ocrx_word' id='word_1_89' title='bbox 390 785 431 830; x_wconf 90' lang='lat' dir='ltr'>est</span> <span class='ocrx_word' id='word_1_90' title='bbox 445 777 504 831; x_wconf 77' lang='lat' dir='ltr'>bno</span> <span class='ocrx_word' id='word_1_91' title='bbox 523 778 613 832; x_wconf 90' lang='lat' dir='ltr'>omnia</span> <span class='ocrx_word' id='word_1_92' title='bbox 630 779 723 834; x_wconf 87' lang='lat' dir='ltr'>venire</span> <span class='ocrx_word' id='word_1_93' title='bbox 736 779 770 833; x_wconf 88' lang='lat' dir='ltr'>ad</span> <span class='ocrx_word' id='word_1_94' title='bbox 787 779 928 849; x_wconf 87' lang='lat' dir='ltr'>judicium,</span> <span class='ocrx_word' id='word_1_95' title='bbox 944 785 973 833; x_wconf 86' lang='lat' dir='ltr'>et</span> <span class='ocrx_word' id='word_1_96' title='bbox 1021 779 1095 852; x_wconf 80' lang='lat' dir='ltr'>xtx);</span> <span class='ocrx_word' id='word_1_97' title='bbox 1120 790 1148 836; x_wconf 88' lang='lat' dir='ltr'>et</span> <span class='ocrx_word' id='word_1_98' title='bbox 1172 783 1269 837; x_wconf 88' lang='lat' dir='ltr'>iterum</span> <span class='ocrx_word' id='word_1_99' title='bbox 1291 784 1374 839; x_wconf 75' lang='lat' dir='ltr'>dicit:</span> <span class='ocrx_word' id='word_1_100' title='bbox 1392 784 1452 840; x_wconf 88' lang='lat' dir='ltr'>Nou</span> <span class='ocrx_word' id='word_1_101' title='bbox 1463 804 1520 841; x_wconf 82' lang='lat' dir='ltr'>sum</span> <span class='ocrx_word' id='word_1_102' title='bbox 1533 788 1628 841; x_wconf 82' lang='lat' dir='ltr'>missus</span> <span class='ocrx_word' id='word_1_103' title='bbox 1642 787 1692 842; x_wconf 84' lang='lat' dir='ltr'>uisi</span> <span class='ocrx_word' id='word_1_104' title='bbox 1703 790 1738 843; x_wconf 88' lang='lat' dir='ltr'>od</span> <span class='ocrx_word' id='word_1_105' title='bbox 1753 807 1810 846; x_wconf 79' lang='lat' dir='ltr'>oues</span> 
     </span>
     <span class='ocr_line' id='line_1_8' title="bbox 183 864 1808 946; baseline 0.01 -29"><span class='ocrx_word' id='word_1_106' title='bbox 183 864 245 918; x_wconf 88' lang='lat' dir='ltr'>ideo</span> <span class='ocrx_word' id='word_1_107' title='bbox 254 864 294 919; x_wconf 89' lang='lat' dir='ltr'>sic</span> <span class='ocrx_word' id='word_1_108' title='bbox 308 864 496 935; x_wconf 76' lang='lat' dir='ltr'>intelligendus</span> <span class='ocrx_word' id='word_1_109' title='bbox 509 873 550 921; x_wconf 89' lang='lat' dir='ltr'>est</span> <span class='ocrx_word' id='word_1_110' title='bbox 562 867 668 921; x_wconf 81' lang='lat' dir='ltr'>Domini</span> <span class='ocrx_word' id='word_1_111' title='bbox 685 881 785 935; x_wconf 90' lang='lat' dir='ltr'>sermo,</span> <span class='ocrx_word' id='word_1_112' title='bbox 799 883 878 937; x_wconf 83' lang='lat' dir='ltr'>quem</span> <span class='ocrx_word' id='word_1_113' title='bbox 896 867 971 933; x_wconf 85' lang='lat' dir='ltr'>dicit,</span> <span class='ocrx_word' id='word_1_114' title='bbox 1022 886 1080 939; x_wconf 81' lang='lat' dir='ltr'>quo</span> <span class='ocrx_word' id='word_1_115' title='bbox 1089 871 1220 941; x_wconf 82' lang='lat' dir='ltr'>perierunt</span> <span class='ocrx_word' id='word_1_116' title='bbox 1231 871 1323 926; x_wconf 77' lang='lat' dir='ltr'>domus</span> <span class='ocrx_word' id='word_1_117' title='bbox 1334 872 1420 928; x_wconf 82' lang='lat' dir='ltr'>lsrael</span> <span class='ocrx_word' id='word_1_118' title='bbox 1430 875 1583 946; x_wconf 69' lang='lat' dir='ltr'>(licutinxb</span> <span class='ocrx_word' id='word_1_119' title='bbox 1598 886 1625 931; x_wconf 85' lang='lat' dir='ltr'>et</span> <span class='ocrx_word' id='word_1_120' title='bbox 1637 877 1719 932; x_wconf 84' lang='lat' dir='ltr'>David</span> <span class='ocrx_word' id='word_1_121' title='bbox 1730 879 1808 934; x_wconf 87' lang='lat' dir='ltr'>dicit:</span> 
     </span>
     <span class='ocr_line' id='line_1_9' title="bbox 181 952 1813 1035; baseline 0.012 -30"><span class='ocrx_word' id='word_1_122' title='bbox 181 952 229 1022; x_wconf 79' lang='lat' dir='ltr'>qui</span> <span class='ocrx_word' id='word_1_123' title='bbox 242 952 323 1006; x_wconf 82' lang='lat' dir='ltr'>credit</span> <span class='ocrx_word' id='word_1_124' title='bbox 336 954 363 1006; x_wconf 87' lang='lat' dir='ltr'>in</span> <span class='ocrx_word' id='word_1_125' title='bbox 376 970 417 1007; x_wconf 83' lang='lat' dir='ltr'>me</span> <span class='ocrx_word' id='word_1_126' title='bbox 429 970 480 1007; x_wconf 85' lang='lat' dir='ltr'>nou</span> <span class='ocrx_word' id='word_1_127' title='bbox 490 954 666 1023; x_wconf 81' lang='lat' dir='ltr'>judicabitur,</span> <span class='ocrx_word' id='word_1_128' title='bbox 677 956 742 1026; x_wconf 83' lang='lat' dir='ltr'>quia</span> <span class='ocrx_word' id='word_1_129' title='bbox 756 957 902 1012; x_wconf 89' lang='lat' dir='ltr'>secundum</span> <span class='ocrx_word' id='word_1_130' title='bbox 921 957 972 1012; x_wconf 87' lang='lat' dir='ltr'>boc</span> <span class='ocrx_word' id='word_1_131' title='bbox 1023 957 1118 1014; x_wconf 82' lang='lat' dir='ltr'>Errooi</span> <span class='ocrx_word' id='word_1_132' title='bbox 1128 962 1380 1031; x_wconf 82' lang='lat' dir='ltr'>eicutouirperdito;</span> <span class='ocrx_word' id='word_1_133' title='bbox 1392 967 1492 1035; x_wconf 81' lang='lat' dir='ltr'>require</span> <span class='ocrx_word' id='word_1_134' title='bbox 1502 977 1694 1033; x_wconf 84' lang='lat' dir='ltr'>serrumtaum,</span> <span class='ocrx_word' id='word_1_135' title='bbox 1703 967 1813 1026; x_wconf 81' lang='lat' dir='ltr'>Domine</span> 
     </span>
     <span class='ocr_line' id='line_1_10' title="bbox 182 1042 1814 1130; baseline 0.012 -34"><span class='ocrx_word' id='word_1_136' title='bbox 182 1043 255 1112; x_wconf 85' lang='lat' dir='ltr'>quod</span> <span class='ocrx_word' id='word_1_137' title='bbox 268 1042 383 1098; x_wconf 82' lang='lat' dir='ltr'>metlidit</span> <span class='ocrx_word' id='word_1_138' title='bbox 404 1057 456 1098; x_wconf 90' lang='lat' dir='ltr'>nou</span> <span class='ocrx_word' id='word_1_139' title='bbox 479 1043 646 1114; x_wconf 85' lang='lat' dir='ltr'>judicabitur</span> <span class='ocrx_word' id='word_1_140' title='bbox 665 1047 743 1115; x_wconf 86' lang='lat' dir='ltr'>quasi</span> <span class='ocrx_word' id='word_1_141' title='bbox 768 1046 922 1102; x_wconf 87' lang='lat' dir='ltr'>incredulus</span> <span class='ocrx_word' id='word_1_142' title='bbox 945 1055 974 1101; x_wconf 92' lang='lat' dir='ltr'>et</span> <span class='ocrx_word' id='word_1_143' title='bbox 1024 1047 1223 1124; x_wconf 80' lang='lat' dir='ltr'>(Pml.cxrttt).</span> <span class='ocrx_word' id='word_1_144' title='bbox 1233 1051 1322 1110; x_wconf 88' lang='lat' dir='ltr'>Sedet</span> <span class='ocrx_word' id='word_1_145' title='bbox 1334 1054 1647 1126; x_wconf 71' lang='lat' dir='ltr'>inbrangclindracbmu</span> <span class='ocrx_word' id='word_1_146' title='bbox 1657 1074 1716 1130; x_wconf 80' lang='lat' dir='ltr'>quae</span> <span class='ocrx_word' id='word_1_147' title='bbox 1726 1060 1814 1130; x_wconf 80' lang='lat' dir='ltr'>perie-</span> 
     </span>
     <span class='ocr_line' id='line_1_11' title="bbox 183 1132 1806 1219; baseline 0.011 -33"><span class='ocrx_word' id='word_1_148' title='bbox 183 1132 317 1189; x_wconf 79' lang='lat' dir='ltr'>infidelis:</span> <span class='ocrx_word' id='word_1_149' title='bbox 330 1135 364 1190; x_wconf 92' lang='lat' dir='ltr'>de</span> <span class='ocrx_word' id='word_1_150' title='bbox 377 1135 482 1189; x_wconf 88' lang='lat' dir='ltr'>actibus</span> <span class='ocrx_word' id='word_1_151' title='bbox 491 1150 556 1190; x_wconf 87' lang='lat' dir='ltr'>reto</span> <span class='ocrx_word' id='word_1_152' title='bbox 565 1136 622 1193; x_wconf 87' lang='lat' dir='ltr'>stris</span> <span class='ocrx_word' id='word_1_153' title='bbox 634 1137 693 1192; x_wconf 88' lang='lat' dir='ltr'>sine</span> <span class='ocrx_word' id='word_1_154' title='bbox 705 1136 971 1207; x_wconf 81' lang='lat' dir='ltr'>dubiojodicabitur:</span> <span class='ocrx_word' id='word_1_155' title='bbox 1024 1148 1065 1193; x_wconf 88' lang='lat' dir='ltr'>rat</span> <span class='ocrx_word' id='word_1_156' title='bbox 1078 1141 1204 1195; x_wconf 80' lang='lat' dir='ltr'>mundata</span> <span class='ocrx_word' id='word_1_157' title='bbox 1216 1142 1295 1196; x_wconf 90' lang='lat' dir='ltr'>domo</span> <span class='ocrx_word' id='word_1_158' title='bbox 1309 1141 1469 1196; x_wconf 80' lang='lat' dir='ltr'>inuenitura</span> <span class='ocrx_word' id='word_1_159' title='bbox 1484 1146 1605 1211; x_wconf 86' lang='lat' dir='ltr'>muliere,</span> <span class='ocrx_word' id='word_1_160' title='bbox 1619 1157 1646 1200; x_wconf 90' lang='lat' dir='ltr'>et</span> <span class='ocrx_word' id='word_1_161' title='bbox 1656 1149 1752 1218; x_wconf 73' lang='lat' dir='ltr'>gaudet</span> <span class='ocrx_word' id='word_1_162' title='bbox 1762 1166 1806 1219; x_wconf 81' lang='lat' dir='ltr'>pa·</span> 
     </span>
     <span class='ocr_line' id='line_1_12' title="bbox 184 1223 1811 1307; baseline 0.009 -30"><span class='ocrx_word' id='word_1_163' title='bbox 184 1223 222 1278; x_wconf 88' lang='lat' dir='ltr'>ita</span> <span class='ocrx_word' id='word_1_164' title='bbox 234 1239 300 1295; x_wconf 74' lang='lat' dir='ltr'>ergo</span> <span class='ocrx_word' id='word_1_165' title='bbox 312 1232 341 1280; x_wconf 88' lang='lat' dir='ltr'>et</span> <span class='ocrx_word' id='word_1_166' title='bbox 353 1224 398 1279; x_wconf 89' lang='lat' dir='ltr'>ille</span> <span class='ocrx_word' id='word_1_167' title='bbox 413 1223 471 1295; x_wconf 82' lang='lat' dir='ltr'>jam</span> <span class='ocrx_word' id='word_1_168' title='bbox 481 1224 618 1293; x_wconf 83' lang='lat' dir='ltr'>judicatus</span> <span class='ocrx_word' id='word_1_169' title='bbox 637 1236 702 1298; x_wconf 73' lang='lat' dir='ltr'>cst,</span> <span class='ocrx_word' id='word_1_170' title='bbox 718 1229 764 1298; x_wconf 84' lang='lat' dir='ltr'>qui</span> <span class='ocrx_word' id='word_1_171' title='bbox 788 1243 841 1284; x_wconf 92' lang='lat' dir='ltr'>oon</span> <span class='ocrx_word' id='word_1_172' title='bbox 866 1223 969 1298; x_wconf 77' lang='lat' dir='ltr'>crodit,</span> <span class='ocrx_word' id='word_1_173' title='bbox 1023 1236 1154 1300; x_wconf 87' lang='lat' dir='ltr'>tersupcr</span> <span class='ocrx_word' id='word_1_174' title='bbox 1166 1230 1221 1284; x_wconf 90' lang='lat' dir='ltr'>stlio</span> <span class='ocrx_word' id='word_1_175' title='bbox 1229 1229 1338 1298; x_wconf 84' lang='lat' dir='ltr'>juniore</span> <span class='ocrx_word' id='word_1_176' title='bbox 1347 1232 1574 1304; x_wconf 64' lang='lat' dir='ltr'>poenitentemne</span> <span class='ocrx_word' id='word_1_177' title='bbox 1586 1246 1704 1292; x_wconf 79' lang='lat' dir='ltr'>tuot-tuus</span> <span class='ocrx_word' id='word_1_178' title='bbox 1715 1238 1811 1307; x_wconf 69' lang='lat' dir='ltr'>iuerat,</span> 
     </span>
     <span class='ocr_line' id='line_1_13' title="bbox 183 1316 1815 1404; baseline 0.011 -33"><span class='ocrx_word' id='word_1_179' title='bbox 183 1316 332 1372; x_wconf 86' lang='lat' dir='ltr'>secundum</span> <span class='ocrx_word' id='word_1_180' title='bbox 346 1317 398 1371; x_wconf 89' lang='lat' dir='ltr'>boc</span> <span class='ocrx_word' id='word_1_181' title='bbox 415 1317 486 1386; x_wconf 87' lang='lat' dir='ltr'>quod</span> <span class='ocrx_word' id='word_1_182' title='bbox 499 1331 553 1371; x_wconf 92' lang='lat' dir='ltr'>non</span> <span class='ocrx_word' id='word_1_183' title='bbox 567 1317 698 1384; x_wconf 79' lang='lat' dir='ltr'>credidit3</span> <span class='ocrx_word' id='word_1_184' title='bbox 714 1327 742 1374; x_wconf 89' lang='lat' dir='ltr'>et</span> <span class='ocrx_word' id='word_1_185' title='bbox 753 1319 824 1374; x_wconf 86' lang='lat' dir='ltr'>sicut</span> <span class='ocrx_word' id='word_1_186' title='bbox 840 1319 966 1376; x_wconf 86' lang='lat' dir='ltr'>credenti</span> <span class='ocrx_word' id='word_1_187' title='bbox 1023 1330 1046 1374; x_wconf 87' lang='lat' dir='ltr'>et</span> <span class='ocrx_word' id='word_1_188' title='bbox 1058 1322 1164 1388; x_wconf 69' lang='grc' dir='ltr'><strong>ιιιιιιις</strong></span> <span class='ocrx_word' id='word_1_189' title='bbox 1175 1326 1332 1394; x_wconf 65' lang='lat' dir='ltr'>perierem!</span> <span class='ocrx_word' id='word_1_190' title='bbox 1341 1325 1458 1381; x_wconf 73' lang='lat' dir='ltr'>inuentus</span> <span class='ocrx_word' id='word_1_191' title='bbox 1468 1339 1505 1381; x_wconf 83' lang='lat' dir='ltr'>cst</span> <span class='ocrx_word' id='word_1_192' title='bbox 1514 1328 1643 1400; x_wconf 55' lang='lat' dir='ltr'>(lucar)</span> <span class='ocrx_word' id='word_1_193' title='bbox 1654 1349 1661 1396; x_wconf 89' lang='lat'>;</span> <span class='ocrx_word' id='word_1_194' title='bbox 1671 1331 1815 1404; x_wconf 84' lang='lat' dir='ltr'>quijunior</span> 
     </span>
     <span class='ocr_line' id='line_1_14' title="bbox 183 1407 1813 1486; baseline 0.009 -23"><span class='ocrx_word' id='word_1_195' title='bbox 183 1409 206 1463; x_wconf 89' lang='lat' dir='ltr'>si</span> <span class='ocrx_word' id='word_1_196' title='bbox 225 1408 393 1464; x_wconf 81' lang='lat' dir='ltr'>extrinsecus</span> <span class='ocrx_word' id='word_1_197' title='bbox 405 1408 509 1478; x_wconf 80' lang='lat' dir='ltr'>peccati</span> <span class='ocrx_word' id='word_1_198' title='bbox 530 1407 630 1479; x_wconf 81' lang='lat' dir='ltr'>aliquid</span> <span class='ocrx_word' id='word_1_199' title='bbox 642 1409 817 1474; x_wconf 86' lang='lat' dir='ltr'>commiserit,</span> <span class='ocrx_word' id='word_1_200' title='bbox 833 1409 906 1486; x_wconf 77' lang='lat' dir='ltr'>salta</span> <span class='ocrx_word' id='word_1_201' title='bbox 922 1409 974 1466; x_wconf 81' lang='lat' dir='ltr'>lide</span> <span class='ocrx_word' id='word_1_202' title='bbox 1025 1408 1102 1471; x_wconf 82' lang='lat' dir='ltr'>llius,</span> <span class='ocrx_word' id='word_1_203' title='bbox 1119 1422 1147 1466; x_wconf 91' lang='lat' dir='ltr'>nt</span> <span class='ocrx_word' id='word_1_204' title='bbox 1162 1428 1212 1481; x_wconf 75' lang='lat' dir='ltr'>ego</span> <span class='ocrx_word' id='word_1_205' title='bbox 1227 1415 1354 1476; x_wconf 74' lang='lat' dir='ltr'>arbitror,</span> <span class='ocrx_word' id='word_1_206' title='bbox 1369 1415 1451 1470; x_wconf 89' lang='lat' dir='ltr'>etiam</span> <span class='ocrx_word' id='word_1_207' title='bbox 1466 1416 1522 1485; x_wconf 86' lang='lat' dir='ltr'>ipse</span> <span class='ocrx_word' id='word_1_208' title='bbox 1542 1421 1689 1475; x_wconf 88' lang='lat' dir='ltr'>secundum</span> <span class='ocrx_word' id='word_1_209' title='bbox 1701 1430 1813 1477; x_wconf 90' lang='lat' dir='ltr'>nutura-</span> 
     </span>
     <span class='ocr_line' id='line_1_15' title="bbox 180 1498 1813 1577; baseline 0.009 -24"><span class='ocrx_word' id='word_1_210' title='bbox 180 1499 312 1571; x_wconf 77' lang='lat' dir='ltr'>judicium</span> <span class='ocrx_word' id='word_1_211' title='bbox 332 1507 440 1564; x_wconf 88' lang='lat' dir='ltr'>manet;</span> <span class='ocrx_word' id='word_1_212' title='bbox 463 1498 502 1553; x_wconf 91' lang='lat' dir='ltr'>ita</span> <span class='ocrx_word' id='word_1_213' title='bbox 521 1507 549 1554; x_wconf 90' lang='lat' dir='ltr'>et</span> <span class='ocrx_word' id='word_1_214' title='bbox 566 1513 619 1553; x_wconf 89' lang='lat' dir='ltr'>nou</span> <span class='ocrx_word' id='word_1_215' title='bbox 639 1499 775 1562; x_wconf 86' lang='lat' dir='ltr'>credenti,</span> <span class='ocrx_word' id='word_1_216' title='bbox 795 1500 818 1553; x_wconf 88' lang='lat' dir='ltr'>si</span> <span class='ocrx_word' id='word_1_217' title='bbox 833 1498 973 1567; x_wconf 84' lang='lat' dir='ltr'>quidboni</span> <span class='ocrx_word' id='word_1_218' title='bbox 1023 1500 1140 1577; x_wconf 66' lang='lat' dir='ltr'>buriam</span> <span class='ocrx_word' id='word_1_219' title='bbox 1157 1503 1245 1558; x_wconf 87' lang='lat' dir='ltr'>lucrat</span> <span class='ocrx_word' id='word_1_220' title='bbox 1257 1504 1354 1574; x_wconf 81' lang='lat' dir='ltr'>legem,</span> <span class='ocrx_word' id='word_1_221' title='bbox 1373 1507 1425 1560; x_wconf 87' lang='lat' dir='ltr'>boo</span> <span class='ocrx_word' id='word_1_222' title='bbox 1437 1506 1508 1562; x_wconf 92' lang='lat' dir='ltr'>euim</span> <span class='ocrx_word' id='word_1_223' title='bbox 1527 1509 1633 1563; x_wconf 84' lang='lat' dir='ltr'>videtur</span> <span class='ocrx_word' id='word_1_224' title='bbox 1652 1511 1763 1566; x_wconf 84' lang='lat' dir='ltr'>indicari</span> <span class='ocrx_word' id='word_1_225' title='bbox 1786 1513 1813 1567; x_wconf 93' lang='lat' dir='ltr'>in</span> 
     </span>
     <span class='ocr_line' id='line_1_16' title="bbox 184 1587 1816 1672; baseline 0.008 -28"><span class='ocrx_word' id='word_1_226' title='bbox 184 1590 274 1662; x_wconf 82' lang='lat' dir='ltr'>operis</span> <span class='ocrx_word' id='word_1_227' title='bbox 286 1588 382 1659; x_wconf 71' lang='lat' dir='ltr'>egerit,</span> <span class='ocrx_word' id='word_1_228' title='bbox 395 1596 506 1659; x_wconf 73' lang='lat' dir='ltr'>excepta</span> <span class='ocrx_word' id='word_1_229' title='bbox 530 1587 696 1654; x_wconf 82' lang='lat' dir='ltr'>infidelitate,</span> <span class='ocrx_word' id='word_1_230' title='bbox 716 1589 897 1644; x_wconf 74' lang='lat' dir='ltr'>remuneratio</span> <span class='ocrx_word' id='word_1_231' title='bbox 919 1603 972 1642; x_wconf 91' lang='lat' dir='ltr'>non</span> <span class='ocrx_word' id='word_1_232' title='bbox 1024 1605 1057 1644; x_wconf 88' lang='lat' dir='ltr'>co</span> <span class='ocrx_word' id='word_1_233' title='bbox 1081 1594 1150 1661; x_wconf 84' lang='lat' dir='ltr'>qttod</span> <span class='ocrx_word' id='word_1_234' title='bbox 1164 1596 1331 1664; x_wconf 86' lang='lat' dir='ltr'>consumpsit</span> <span class='ocrx_word' id='word_1_235' title='bbox 1343 1598 1447 1664; x_wconf 74' lang='lat' dir='ltr'>partim</span> <span class='ocrx_word' id='word_1_236' title='bbox 1458 1607 1577 1667; x_wconf 82' lang='lat' dir='ltr'>pateram</span> <span class='ocrx_word' id='word_1_237' title='bbox 1590 1601 1745 1656; x_wconf 80' lang='lat' dir='ltr'>sttltstautiue</span> <span class='ocrx_word' id='word_1_238' title='bbox 1755 1618 1816 1672; x_wconf 76' lang='lat' dir='ltr'>utrae</span> 
     </span>
     <span class='ocr_line' id='line_1_17' title="bbox 185 1674 1817 1753; baseline 0.01 -20"><span class='ocrx_word' id='word_1_239' title='bbox 185 1677 360 1749; x_wconf 73' lang='lat' dir='ltr'>peribitauisi</span> <span class='ocrx_word' id='word_1_240' title='bbox 373 1676 443 1733; x_wconf 90' lang='lat' dir='ltr'>lorte</span> <span class='ocrx_word' id='word_1_241' title='bbox 461 1677 522 1746; x_wconf 87' lang='lat' dir='ltr'>quis</span> <span class='ocrx_word' id='word_1_242' title='bbox 535 1677 637 1748; x_wconf 81' lang='lat' dir='ltr'>aliquid</span> <span class='ocrx_word' id='word_1_243' title='bbox 651 1691 733 1748; x_wconf 78' lang='lat' dir='ltr'>grate</span> <span class='ocrx_word' id='word_1_244' title='bbox 756 1687 784 1733; x_wconf 92' lang='lat' dir='ltr'>et</span> <span class='ocrx_word' id='word_1_245' title='bbox 803 1677 970 1733; x_wconf 81' lang='lat' dir='ltr'>intolerabile</span> <span class='ocrx_word' id='word_1_246' title='bbox 986 1674 1007 1732; x_wconf 89' lang='lat' dir='ltr'><strong>B</strong></span> <span class='ocrx_word' id='word_1_247' title='bbox 1020 1692 1081 1735; x_wconf 87' lang='lat' dir='ltr'>euru</span> <span class='ocrx_word' id='word_1_248' title='bbox 1095 1683 1267 1753; x_wconf 75' lang='lat' dir='ltr'>contingebat</span> <span class='ocrx_word' id='word_1_249' title='bbox 1291 1684 1405 1740; x_wconf 81' lang='lat' dir='ltr'>vivendo</span> <span class='ocrx_word' id='word_1_250' title='bbox 1418 1686 1565 1743; x_wconf 79' lang='lat' dir='ltr'>luxuriose</span> <span class='ocrx_word' id='word_1_251' title='bbox 1589 1689 1642 1745; x_wconf 88' lang='lat' dir='ltr'>Sed</span> <span class='ocrx_word' id='word_1_252' title='bbox 1658 1701 1686 1746; x_wconf 91' lang='lat' dir='ltr'>et</span> <span class='ocrx_word' id='word_1_253' title='bbox 1709 1694 1735 1746; x_wconf 90' lang='lat' dir='ltr'>in</span> <span class='ocrx_word' id='word_1_254' title='bbox 1750 1694 1817 1750; x_wconf 85' lang='lat' dir='ltr'>Ene-</span> 
     </span>
     <span class='ocr_line' id='line_1_18' title="bbox 186 1767 1817 1848; baseline 0.009 -28"><span class='ocrx_word' id='word_1_255' title='bbox 186 1769 250 1824; x_wconf 88' lang='lat' dir='ltr'>telit</span> <span class='ocrx_word' id='word_1_256' title='bbox 264 1767 390 1837; x_wconf 73' lang='lat' dir='ltr'>obticere,</span> <span class='ocrx_word' id='word_1_257' title='bbox 401 1767 511 1824; x_wconf 89' lang='lat' dir='ltr'>utdicat</span> <span class='ocrx_word' id='word_1_258' title='bbox 522 1768 640 1837; x_wconf 82' lang='lat' dir='ltr'>eutuqui</span> <span class='ocrx_word' id='word_1_259' title='bbox 654 1775 758 1837; x_wconf 75' lang='lat' dir='ltr'>peccat,</span> <span class='ocrx_word' id='word_1_260' title='bbox 766 1767 976 1838; x_wconf 73' lang='lat' dir='ltr'>consputamlum</span> <span class='ocrx_word' id='word_1_261' title='bbox 1025 1768 1113 1824; x_wconf 80' lang='lat' dir='ltr'>obtele</span> <span class='ocrx_word' id='word_1_262' title='bbox 1123 1772 1370 1845; x_wconf 78' lang='lat' dir='ltr'>propbetu(Eueelt</span> <span class='ocrx_word' id='word_1_263' title='bbox 1387 1775 1491 1847; x_wconf 83' lang='lat' dir='ltr'>xxxtv),</span> <span class='ocrx_word' id='word_1_264' title='bbox 1507 1779 1678 1845; x_wconf 84' lang='lat' dir='ltr'>pastortbus</span> <span class='ocrx_word' id='word_1_265' title='bbox 1671 1790 1817 1848; x_wconf 78' lang='lat' dir='ltr'>annotatur</span> 
     </span>
     <span class='ocr_line' id='line_1_19' title="bbox 186 1858 1816 1948; baseline 0.007 -33"><span class='ocrx_word' id='word_1_266' title='bbox 186 1877 238 1917; x_wconf 91' lang='lat' dir='ltr'>nott</span> <span class='ocrx_word' id='word_1_267' title='bbox 254 1875 315 1916; x_wconf 87' lang='lat' dir='ltr'>esse</span> <span class='ocrx_word' id='word_1_268' title='bbox 333 1860 404 1915; x_wconf 84' lang='lat' dir='ltr'>inter</span> <span class='ocrx_word' id='word_1_269' title='bbox 427 1860 578 1924; x_wconf 85' lang='lat' dir='ltr'>credentes,</span> <span class='ocrx_word' id='word_1_270' title='bbox 594 1859 657 1929; x_wconf 84' lang='lat' dir='ltr'>quia</span> <span class='ocrx_word' id='word_1_271' title='bbox 681 1859 704 1914; x_wconf 91' lang='lat' dir='ltr'>si</span> <span class='ocrx_word' id='word_1_272' title='bbox 725 1860 819 1914; x_wconf 88' lang='lat' dir='ltr'>credat</span> <span class='ocrx_word' id='word_1_273' title='bbox 839 1858 911 1927; x_wconf 84' lang='lat' dir='ltr'>quis,</span> <span class='ocrx_word' id='word_1_274' title='bbox 923 1873 976 1912; x_wconf 92' lang='lat' dir='ltr'>nou</span> <span class='ocrx_word' id='word_1_275' title='bbox 1026 1861 1098 1928; x_wconf 83' lang='lat' dir='ltr'>quod</span> <span class='ocrx_word' id='word_1_276' title='bbox 1113 1860 1248 1916; x_wconf 89' lang='lat' dir='ltr'>iulirtnum</span> <span class='ocrx_word' id='word_1_277' title='bbox 1267 1878 1320 1917; x_wconf 92' lang='lat' dir='ltr'>non</span> <span class='ocrx_word' id='word_1_278' title='bbox 1333 1864 1537 1935; x_wconf 77' lang='lat' dir='ltr'>colligaverunt,</span> <span class='ocrx_word' id='word_1_279' title='bbox 1563 1876 1591 1921; x_wconf 92' lang='lat' dir='ltr'>et</span> <span class='ocrx_word' id='word_1_280' title='bbox 1604 1870 1677 1948; x_wconf 86' lang='lat' dir='ltr'>quod</span> <span class='ocrx_word' id='word_1_281' title='bbox 1696 1872 1816 1940; x_wconf 80' lang='lat' dir='ltr'>perierat</span> 
     </span>
     <span class='ocr_line' id='line_1_20' title="bbox 185 1949 1815 2028; baseline 0.007 -24"><span class='ocrx_word' id='word_1_282' title='bbox 185 1959 289 2023; x_wconf 79' lang='lat' dir='ltr'>peccet,</span> <span class='ocrx_word' id='word_1_283' title='bbox 309 1951 335 2008; x_wconf 92' lang='lat' dir='ltr'>si</span> <span class='ocrx_word' id='word_1_284' title='bbox 358 1964 422 2004; x_wconf 84' lang='lat' dir='ltr'>vero</span> <span class='ocrx_word' id='word_1_285' title='bbox 434 1957 538 2020; x_wconf 74' lang='lat' dir='ltr'>tremat</span> <span class='ocrx_word' id='word_1_286' title='bbox 558 1964 592 2004; x_wconf 86' lang='lat' dir='ltr'>ex</span> <span class='ocrx_word' id='word_1_287' title='bbox 613 1950 692 2004; x_wconf 86' lang='lat' dir='ltr'>hoe</span> <span class='ocrx_word' id='word_1_288' title='bbox 685 1964 744 2019; x_wconf 82' lang='lat' dir='ltr'>tpso</span> <span class='ocrx_word' id='word_1_289' title='bbox 762 1959 892 2020; x_wconf 75' lang='lat' dir='ltr'>arguatur</span> <span class='ocrx_word' id='word_1_290' title='bbox 905 1949 978 2019; x_wconf 86' lang='lat' dir='ltr'>quod</span> <span class='ocrx_word' id='word_1_291' title='bbox 1027 1968 1081 2006; x_wconf 92' lang='lat' dir='ltr'>uon</span> <span class='ocrx_word' id='word_1_292' title='bbox 1093 1953 1268 2021; x_wconf 78' lang='lat' dir='ltr'>quesierunt</span> <span class='ocrx_word' id='word_1_293' title='bbox 1290 1963 1318 2008; x_wconf 87' lang='lat' dir='ltr'>et</span> <span class='ocrx_word' id='word_1_294' title='bbox 1326 1967 1480 2028; x_wconf 79' lang='lat' dir='ltr'>postpauca</span> <span class='ocrx_word' id='word_1_295' title='bbox 1497 1957 1555 2026; x_wconf 82' lang='lat' dir='ltr'>ipse</span> <span class='ocrx_word' id='word_1_296' title='bbox 1578 1959 1707 2014; x_wconf 88' lang='lat' dir='ltr'>Dominus</span> <span class='ocrx_word' id='word_1_297' title='bbox 1729 1961 1815 2018; x_wconf 87' lang='lat' dir='ltr'>dicit.</span> 
     </span>
     <span class='ocr_line' id='line_1_21' title="bbox 187 2030 1817 2116; baseline 0.001 -19"><span class='ocrx_word' id='word_1_298' title='bbox 187 2042 355 2098; x_wconf 87' lang='lat' dir='ltr'>trancredut.</span> <span class='ocrx_word' id='word_1_299' title='bbox 368 2038 421 2096; x_wconf 83' lang='lat' dir='ltr'>Sed</span> <span class='ocrx_word' id='word_1_300' title='bbox 435 2041 586 2110; x_wconf 86' lang='lat' dir='ltr'>haeequam</span> <span class='ocrx_word' id='word_1_301' title='bbox 603 2040 670 2096; x_wconf 85' lang='lat' dir='ltr'>dura</span> <span class='ocrx_word' id='word_1_302' title='bbox 692 2039 728 2095; x_wconf 89' lang='lat' dir='ltr'>sit</span> <span class='ocrx_word' id='word_1_303' title='bbox 749 2039 892 2103; x_wconf 85' lang='lat' dir='ltr'>sententia,</span> <span class='ocrx_word' id='word_1_304' title='bbox 910 2030 978 2093; x_wconf 71' lang='lat' dir='ltr'>nulli</span> <span class='ocrx_word' id='word_1_305' title='bbox 1027 2042 1062 2097; x_wconf 84' lang='lat' dir='ltr'>Et</span> <span class='ocrx_word' id='word_1_306' title='bbox 1079 2043 1149 2116; x_wconf 81' lang='lat' dir='ltr'>quod</span> <span class='ocrx_word' id='word_1_307' title='bbox 1168 2045 1254 2114; x_wconf 83' lang='lat' dir='ltr'>periit,</span> <span class='ocrx_word' id='word_1_308' title='bbox 1270 2043 1368 2115; x_wconf 84' lang='lat' dir='ltr'>inquit,</span> <span class='ocrx_word' id='word_1_309' title='bbox 1391 2062 1438 2116; x_wconf 75' lang='lat' dir='ltr'>eoo</span> <span class='ocrx_word' id='word_1_310' title='bbox 1460 2048 1601 2116; x_wconf 77' lang='lat' dir='ltr'>requiram.</span> <span class='ocrx_word' id='word_1_311' title='bbox 1624 2047 1817 2108; x_wconf 76' lang='lat' dir='ltr'>Verumtamen</span> 
     </span>
     <span class='ocr_line' id='line_1_22' title="bbox 187 2129 1817 2207; baseline 0.003 -18"><span class='ocrx_word' id='word_1_312' title='bbox 187 2135 342 2207; x_wconf 73' lang='lat' dir='ltr'>ambiguum</span> <span class='ocrx_word' id='word_1_313' title='bbox 356 2141 438 2204; x_wconf 81' lang='lat' dir='ltr'>puto;</span> <span class='ocrx_word' id='word_1_314' title='bbox 454 2143 553 2203; x_wconf 77' lang='lat' dir='ltr'>quotus</span> <span class='ocrx_word' id='word_1_315' title='bbox 565 2131 763 2202; x_wconf 85' lang='lat' dir='ltr'>enimquisque</span> <span class='ocrx_word' id='word_1_316' title='bbox 782 2130 933 2187; x_wconf 82' lang='lat' dir='ltr'>invenietur</span> <span class='ocrx_word' id='word_1_317' title='bbox 950 2129 977 2186; x_wconf 91' lang='lat' dir='ltr'>in</span> <span class='ocrx_word' id='word_1_318' title='bbox 1027 2132 1223 2189; x_wconf 88' lang='lat' dir='ltr'>observandum</span> <span class='ocrx_word' id='word_1_319' title='bbox 1243 2141 1286 2188; x_wconf 82' lang='lat' dir='ltr'>est</span> <span class='ocrx_word' id='word_1_320' title='bbox 1319 2133 1419 2203; x_wconf 81' lang='lat' dir='ltr'>quod</span> <span class='ocrx_word' id='word_1_321' title='bbox 1411 2150 1439 2189; x_wconf 94' lang='lat' dir='ltr'>tn</span> <span class='ocrx_word' id='word_1_322' title='bbox 1459 2134 1502 2190; x_wconf 85' lang='lat' dir='ltr'>bis</span> <span class='ocrx_word' id='word_1_323' title='bbox 1526 2135 1653 2190; x_wconf 86' lang='lat' dir='ltr'>omnibus</span> <span class='ocrx_word' id='word_1_324' title='bbox 1680 2152 1817 2207; x_wconf 85' lang='lat' dir='ltr'>nunquam</span> 
     </span>
     <span class='ocr_line' id='line_1_23' title="bbox 189 2221 1818 2299; baseline 0.003 -19"><span class='ocrx_word' id='word_1_325' title='bbox 189 2226 281 2290; x_wconf 88' lang='lat' dir='ltr'>torris,</span> <span class='ocrx_word' id='word_1_326' title='bbox 295 2224 340 2295; x_wconf 87' lang='lat' dir='ltr'>qui</span> <span class='ocrx_word' id='word_1_327' title='bbox 351 2225 388 2279; x_wconf 89' lang='lat' dir='ltr'>ita</span> <span class='ocrx_word' id='word_1_328' title='bbox 401 2224 484 2279; x_wconf 86' lang='lat' dir='ltr'>ritum</span> <span class='ocrx_word' id='word_1_329' title='bbox 495 2238 572 2279; x_wconf 92' lang='lat' dir='ltr'>suam</span> <span class='ocrx_word' id='word_1_330' title='bbox 602 2222 689 2287; x_wconf 78' lang='lat' dir='ltr'>libret</span> <span class='ocrx_word' id='word_1_331' title='bbox 704 2230 734 2277; x_wconf 89' lang='lat' dir='ltr'>ut</span> <span class='ocrx_word' id='word_1_332' title='bbox 746 2222 773 2277; x_wconf 90' lang='lat' dir='ltr'>iu</span> <span class='ocrx_word' id='word_1_333' title='bbox 786 2221 860 2278; x_wconf 87' lang='lat' dir='ltr'>nullo</span> <span class='ocrx_word' id='word_1_334' title='bbox 870 2221 978 2291; x_wconf 81' lang='lat' dir='ltr'>penitus</span> <span class='ocrx_word' id='word_1_335' title='bbox 1028 2221 1098 2278; x_wconf 83' lang='lat' dir='ltr'>Deus</span> <span class='ocrx_word' id='word_1_336' title='bbox 1112 2224 1228 2293; x_wconf 83' lang='lat' dir='ltr'>aliquem</span> <span class='ocrx_word' id='word_1_337' title='bbox 1240 2224 1339 2280; x_wconf 89' lang='lat' dir='ltr'>dicitur</span> <span class='ocrx_word' id='word_1_338' title='bbox 1350 2225 1508 2295; x_wconf 86' lang='lat' dir='ltr'>perdidisse,</span> <span class='ocrx_word' id='word_1_339' title='bbox 1526 2224 1574 2282; x_wconf 88' lang='lat' dir='ltr'>sed</span> <span class='ocrx_word' id='word_1_340' title='bbox 1589 2228 1818 2299; x_wconf 81' lang='lat' dir='ltr'>unusquisqneex</span> 
     </span>
     <span class='ocr_line' id='line_1_24' title="bbox 189 2307 1818 2390; baseline 0.001 -18"><span class='ocrx_word' id='word_1_341' title='bbox 189 2317 347 2388; x_wconf 78' lang='lat' dir='ltr'>delinquat?</span> <span class='ocrx_word' id='word_1_342' title='bbox 361 2315 415 2374; x_wconf 86' lang='lat' dir='ltr'>Sed</span> <span class='ocrx_word' id='word_1_343' title='bbox 428 2323 457 2372; x_wconf 87' lang='lat' dir='ltr'>et</span> <span class='ocrx_word' id='word_1_344' title='bbox 467 2314 585 2372; x_wconf 81' lang='lat' dir='ltr'>ioannes</span> <span class='ocrx_word' id='word_1_345' title='bbox 597 2315 733 2387; x_wconf 86' lang='lat' dir='ltr'>apostolus</span> <span class='ocrx_word' id='word_1_346' title='bbox 748 2315 775 2370; x_wconf 91' lang='lat' dir='ltr'>in</span> <span class='ocrx_word' id='word_1_347' title='bbox 786 2307 904 2386; x_wconf 80' lang='lat' dir='ltr'>Epistula</span> <span class='ocrx_word' id='word_1_348' title='bbox 916 2328 977 2378; x_wconf 90' lang='lat' dir='ltr'>sua,</span> <span class='ocrx_word' id='word_1_349' title='bbox 1028 2329 1057 2369; x_wconf 89' lang='lat' dir='ltr'>se</span> <span class='ocrx_word' id='word_1_350' title='bbox 1069 2314 1124 2385; x_wconf 81' lang='lat' dir='ltr'>pati</span> <span class='ocrx_word' id='word_1_351' title='bbox 1149 2315 1202 2371; x_wconf 89' lang='lat' dir='ltr'>boc</span> <span class='ocrx_word' id='word_1_352' title='bbox 1214 2315 1285 2383; x_wconf 81' lang='lat' dir='ltr'>quod</span> <span class='ocrx_word' id='word_1_353' title='bbox 1298 2316 1388 2383; x_wconf 80' lang='lat' dir='ltr'>periit,</span> <span class='ocrx_word' id='word_1_354' title='bbox 1412 2327 1443 2372; x_wconf 90' lang='lat' dir='ltr'>ut</span> <span class='ocrx_word' id='word_1_355' title='bbox 1453 2316 1481 2371; x_wconf 93' lang='lat' dir='ltr'>in</span> <span class='ocrx_word' id='word_1_356' title='bbox 1492 2315 1544 2371; x_wconf 86' lang='lat' dir='ltr'>hoe</span> <span class='ocrx_word' id='word_1_357' title='bbox 1553 2317 1612 2386; x_wconf 82' lang='lat' dir='ltr'>ipso</span> <span class='ocrx_word' id='word_1_358' title='bbox 1624 2317 1673 2383; x_wconf 91' lang='lat' dir='ltr'>ait,</span> <span class='ocrx_word' id='word_1_359' title='bbox 1694 2318 1750 2372; x_wconf 79' lang='lat' dir='ltr'>siue</span> <span class='ocrx_word' id='word_1_360' title='bbox 1763 2317 1818 2390; x_wconf 67' lang='lat' dir='ltr'>leue</span> 
     </span>
     <span class='ocr_line' id='line_1_25' title="bbox 186 2402 1817 2479; baseline -0.001 -15"><span class='ocrx_word' id='word_1_361' title='bbox 186 2408 328 2465; x_wconf 81' lang='lat' dir='ltr'>euidenter</span> <span class='ocrx_word' id='word_1_362' title='bbox 354 2407 436 2463; x_wconf 84' lang='lat' dir='ltr'>etium</span> <span class='ocrx_word' id='word_1_363' title='bbox 453 2406 605 2478; x_wconf 83' lang='lat' dir='ltr'>opinionem</span> <span class='ocrx_word' id='word_1_364' title='bbox 628 2404 783 2476; x_wconf 86' lang='lat' dir='ltr'>hujusmodi</span> <span class='ocrx_word' id='word_1_365' title='bbox 804 2411 891 2470; x_wconf 90' lang='lat' dir='ltr'>notat,</span> <span class='ocrx_word' id='word_1_366' title='bbox 913 2402 978 2457; x_wconf 89' lang='lat' dir='ltr'>dum</span> <span class='ocrx_word' id='word_1_367' title='bbox 1027 2404 1191 2475; x_wconf 61' lang='lat' dir='ltr'>pedianum</span> <span class='ocrx_word' id='word_1_368' title='bbox 1200 2407 1265 2461; x_wconf 86' lang='lat' dir='ltr'>uenit</span> <span class='ocrx_word' id='word_1_369' title='bbox 1273 2403 1360 2460; x_wconf 79' lang='lat' dir='ltr'>Filius</span> <span class='ocrx_word' id='word_1_370' title='bbox 1370 2405 1481 2461; x_wconf 80' lang='lat' dir='ltr'>bominis</span> <span class='ocrx_word' id='word_1_371' title='bbox 1490 2422 1605 2477; x_wconf 74' lang='lat' dir='ltr'>numere</span> <span class='ocrx_word' id='word_1_372' title='bbox 1615 2406 1685 2479; x_wconf 78' lang='lat' dir='ltr'>quod</span> <span class='ocrx_word' id='word_1_373' title='bbox 1694 2409 1817 2477; x_wconf 63' lang='lat' dir='ltr'>panorm,</span> 
     </span>
     <span class='ocr_line' id='line_1_26' title="bbox 188 2494 1832 2570; baseline -0.002 -13"><span class='ocrx_word' id='word_1_374' title='bbox 188 2501 228 2557; x_wconf 83' lang='lat' dir='ltr'>ait</span> <span class='ocrx_word' id='word_1_375' title='bbox 243 2518 250 2555; x_wconf 94' lang='lat'><strong>:</strong></span> <span class='ocrx_word' id='word_1_376' title='bbox 264 2498 295 2556; x_wconf 88' lang='lat' dir='ltr'>Si</span> <span class='ocrx_word' id='word_1_377' title='bbox 308 2499 367 2570; x_wconf 78' lang='lat' dir='ltr'>uuir</span> <span class='ocrx_word' id='word_1_378' title='bbox 380 2499 487 2563; x_wconf 75' lang='lat' dir='ltr'>dimrit,</span> <span class='ocrx_word' id='word_1_379' title='bbox 512 2499 576 2569; x_wconf 75' lang='lat' dir='ltr'>onio</span> <span class='ocrx_word' id='word_1_380' title='bbox 597 2505 731 2568; x_wconf 79' lang='lat' dir='ltr'>peccatum</span> <span class='ocrx_word' id='word_1_381' title='bbox 759 2511 812 2549; x_wconf 85' lang='lat' dir='ltr'>uon</span> <span class='ocrx_word' id='word_1_382' title='bbox 835 2494 921 2559; x_wconf 75' lang='lat' dir='ltr'>nutet,</span> <span class='ocrx_word' id='word_1_383' title='bbox 936 2494 978 2550; x_wconf 81' lang='lat' dir='ltr'>irie</span> <span class='ocrx_word' id='word_1_384' title='bbox 1028 2496 1158 2567; x_wconf 80' lang='lat' dir='ltr'>nonquod</span> <span class='ocrx_word' id='word_1_385' title='bbox 1167 2495 1331 2566; x_wconf 80' lang='lat' dir='ltr'>perdiderat,</span> <span class='ocrx_word' id='word_1_386' title='bbox 1343 2496 1415 2557; x_wconf 78' lang='lat' dir='ltr'>cnud</span> <span class='ocrx_word' id='word_1_387' title='bbox 1424 2510 1488 2552; x_wconf 86' lang='lat' dir='ltr'>ores</span> <span class='ocrx_word' id='word_1_388' title='bbox 1498 2496 1618 2566; x_wconf 83' lang='lat' dir='ltr'>perditas</span> <span class='ocrx_word' id='word_1_389' title='bbox 1629 2496 1725 2552; x_wconf 90' lang='lat' dir='ltr'>domus</span> <span class='ocrx_word' id='word_1_390' title='bbox 1735 2496 1832 2569; x_wconf 89' lang='lat' dir='ltr'>lsrael,</span> 
     </span>
     <span class='ocr_line' id='line_1_27' title="bbox 189 2585 1817 2657; baseline -0.004 -10"><span class='ocrx_word' id='word_1_391' title='bbox 189 2592 401 2657; x_wconf 55' lang='lat' dir='ltr'>weuduaettm</span> <span class='ocrx_word' id='word_1_392' title='bbox 415 2589 551 2646; x_wconf 73' lang='grc' dir='ltr'><strong>υσιιιιιιιιι</strong></span> <span class='ocrx_word' id='word_1_393' title='bbox 570 2606 602 2646; x_wconf 82' lang='lat' dir='ltr'>eo</span> <span class='ocrx_word' id='word_1_394' title='bbox 628 2600 739 2644; x_wconf 80' lang='lat' dir='ltr'>nonest.</span> <span class='ocrx_word' id='word_1_395' title='bbox 753 2585 783 2643; x_wconf 86' lang='lat' dir='ltr'>Si</span> <span class='ocrx_word' id='word_1_396' title='bbox 807 2586 979 2656; x_wconf 73' lang='lat' dir='ltr'>confiteantur</span> <span class='ocrx_word' id='word_1_397' title='bbox 1028 2601 1082 2641; x_wconf 89' lang='lat' dir='ltr'>nou</span> <span class='ocrx_word' id='word_1_398' title='bbox 1102 2601 1169 2655; x_wconf 81' lang='lat' dir='ltr'>quus</span> <span class='ocrx_word' id='word_1_399' title='bbox 1191 2585 1400 2656; x_wconf 65' lang='lat' dir='ltr'>perdideramus</span> <span class='ocrx_word' id='word_1_400' title='bbox 1419 2599 1482 2641; x_wconf 86' lang='lat' dir='ltr'>cunr</span> <span class='ocrx_word' id='word_1_401' title='bbox 1496 2585 1553 2657; x_wconf 78' lang='lat' dir='ltr'>ipse</span> <span class='ocrx_word' id='word_1_402' title='bbox 1576 2586 1707 2642; x_wconf 83' lang='lat' dir='ltr'>Dominus</span> <span class='ocrx_word' id='word_1_403' title='bbox 1731 2587 1817 2643; x_wconf 86' lang='lat' dir='ltr'>dicit:</span> 
     </span>
     <span class='ocr_line' id='line_1_28' title="bbox 188 2674 1821 2751; baseline -0.001 -15"><span class='ocrx_word' id='word_1_404' title='bbox 188 2691 297 2751; x_wconf 79' lang='lat' dir='ltr'>peceato</span> <span class='ocrx_word' id='word_1_405' title='bbox 312 2690 411 2746; x_wconf 82' lang='lat' dir='ltr'>nostru,</span> <span class='ocrx_word' id='word_1_406' title='bbox 424 2678 548 2735; x_wconf 79' lang='lat' dir='ltr'>babemus</span> <span class='ocrx_word' id='word_1_407' title='bbox 563 2679 717 2735; x_wconf 81' lang='lat' dir='ltr'>aduocatum</span> <span class='ocrx_word' id='word_1_408' title='bbox 730 2677 800 2748; x_wconf 80' lang='lat' dir='ltr'>opud</span> <span class='ocrx_word' id='word_1_409' title='bbox 814 2675 921 2731; x_wconf 81' lang='lat' dir='ltr'>Putrem</span> <span class='ocrx_word' id='word_1_410' title='bbox 932 2674 979 2731; x_wconf 74' lang='grc' dir='ltr'><strong>ιε-</strong></span> <span class='ocrx_word' id='word_1_411' title='bbox 1030 2675 1134 2743; x_wconf 76' lang='lat' dir='ltr'>Omnes,</span> <span class='ocrx_word' id='word_1_412' title='bbox 1150 2677 1247 2746; x_wconf 88' lang='lat' dir='ltr'>inquit,</span> <span class='ocrx_word' id='word_1_413' title='bbox 1258 2692 1322 2747; x_wconf 76' lang='lat' dir='ltr'>quos</span> <span class='ocrx_word' id='word_1_414' title='bbox 1331 2676 1426 2731; x_wconf 77' lang='lat' dir='ltr'>dedisti</span> <span class='ocrx_word' id='word_1_415' title='bbox 1442 2676 1505 2732; x_wconf 86' lang='lat' dir='ltr'>milri</span> <span class='ocrx_word' id='word_1_416' title='bbox 1518 2678 1630 2744; x_wconf 73' lang='lat' dir='ltr'>rumori,</span> <span class='ocrx_word' id='word_1_417' title='bbox 1643 2687 1667 2733; x_wconf 85' lang='lat' dir='ltr'>et</span> <span class='ocrx_word' id='word_1_418' title='bbox 1680 2676 1768 2733; x_wconf 75' lang='lat' dir='ltr'>uellus</span> <span class='ocrx_word' id='word_1_419' title='bbox 1786 2694 1821 2735; x_wconf 70' lang='lat' dir='ltr'>ee</span> 
     </span>
     <span class='ocr_line' id='line_1_29' title="bbox 189 2763 1818 2846; baseline 0.002 -20"><span class='ocrx_word' id='word_1_420' title='bbox 189 2787 248 2840; x_wconf 79' lang='lat' dir='ltr'>sum</span> <span class='ocrx_word' id='word_1_421' title='bbox 255 2770 370 2841; x_wconf 80' lang='lat' dir='ltr'>justum,</span> <span class='ocrx_word' id='word_1_422' title='bbox 380 2770 425 2842; x_wconf 80' lang='lat' dir='ltr'>qui</span> <span class='ocrx_word' id='word_1_423' title='bbox 442 2777 532 2828; x_wconf 77' lang='lat' dir='ltr'>euorm</span> <span class='ocrx_word' id='word_1_424' title='bbox 552 2785 600 2839; x_wconf 74' lang='lat' dir='ltr'>pro</span> <span class='ocrx_word' id='word_1_425' title='bbox 626 2768 737 2839; x_wconf 74' lang='lat' dir='ltr'>peccarit</span> <span class='ocrx_word' id='word_1_426' title='bbox 753 2766 848 2821; x_wconf 76' lang='lat' dir='ltr'>uostris</span> <span class='ocrx_word' id='word_1_427' title='bbox 861 2763 886 2837; x_wconf 91' lang='lat' dir='ltr'>(l</span> <span class='ocrx_word' id='word_1_428' title='bbox 897 2764 977 2819; x_wconf 75' lang='lat' dir='ltr'>ioan.</span> <span class='ocrx_word' id='word_1_429' title='bbox 1028 2768 1064 2823; x_wconf 81' lang='lat' dir='ltr'>eis</span> <span class='ocrx_word' id='word_1_430' title='bbox 1078 2770 1154 2838; x_wconf 80' lang='lat' dir='ltr'>periit</span> <span class='ocrx_word' id='word_1_431' title='bbox 1170 2768 1261 2841; x_wconf 73' lang='lat' dir='ltr'>(loun.</span> <span class='ocrx_word' id='word_1_432' title='bbox 1282 2769 1361 2840; x_wconf 74' lang='lat' dir='ltr'>aru),</span> <span class='ocrx_word' id='word_1_433' title='bbox 1384 2787 1437 2827; x_wconf 90' lang='lat' dir='ltr'>non</span> <span class='ocrx_word' id='word_1_434' title='bbox 1451 2771 1642 2835; x_wconf 77' lang='lat' dir='ltr'>dinibnullum.</span> <span class='ocrx_word' id='word_1_435' title='bbox 1653 2789 1687 2829; x_wconf 89' lang='lat' dir='ltr'>etr</span> <span class='ocrx_word' id='word_1_436' title='bbox 1700 2774 1740 2830; x_wconf 90' lang='lat' dir='ltr'>eis</span> <span class='ocrx_word' id='word_1_437' title='bbox 1755 2790 1818 2846; x_wconf 80' lang='lat' dir='ltr'>per-</span> 
     </span>
     <span class='ocr_line' id='line_1_30' title="bbox 192 2856 1819 2936; baseline 0.003 -19"><span class='ocrx_word' id='word_1_438' title='bbox 192 2861 436 2935; x_wconf 64' lang='lat' dir='ltr'>nranimento</span> <span class='ocrx_word' id='word_1_439' title='bbox 450 2860 527 2919; x_wconf 89' lang='lat' dir='ltr'>nobis</span> <span class='ocrx_word' id='word_1_440' title='bbox 541 2860 569 2916; x_wconf 92' lang='lat' dir='ltr'>io</span> <span class='ocrx_word' id='word_1_441' title='bbox 585 2861 637 2916; x_wconf 87' lang='lat' dir='ltr'>hoo</span> <span class='ocrx_word' id='word_1_442' title='bbox 651 2859 722 2926; x_wconf 86' lang='lat' dir='ltr'>loeo,</span> <span class='ocrx_word' id='word_1_443' title='bbox 737 2867 816 2930; x_wconf 82' lang='lat' dir='ltr'>prout</span> <span class='ocrx_word' id='word_1_444' title='bbox 829 2858 976 2929; x_wconf 80' lang='lat' dir='ltr'>potuimus,</span> <span class='ocrx_word' id='word_1_445' title='bbox 1029 2856 1094 2914; x_wconf 90' lang='lat' dir='ltr'>didi.</span> <span class='ocrx_word' id='word_1_446' title='bbox 1120 2857 1191 2915; x_wconf 87' lang='lat' dir='ltr'>Sane</span> <span class='ocrx_word' id='word_1_447' title='bbox 1202 2859 1289 2920; x_wconf 86' lang='lat' dir='ltr'>sicubi</span> <span class='ocrx_word' id='word_1_448' title='bbox 1307 2861 1421 2930; x_wconf 81' lang='lat' dir='ltr'>perdere</span> <span class='ocrx_word' id='word_1_449' title='bbox 1432 2862 1505 2918; x_wconf 82' lang='lat' dir='ltr'>Deus</span> <span class='ocrx_word' id='word_1_450' title='bbox 1523 2862 1634 2931; x_wconf 86' lang='lat' dir='ltr'>dieitur,</span> <span class='ocrx_word' id='word_1_451' title='bbox 1658 2879 1709 2935; x_wconf 82' lang='lat' dir='ltr'>pto</span> <span class='ocrx_word' id='word_1_452' title='bbox 1727 2879 1819 2936; x_wconf 79' lang='lat' dir='ltr'>mpro-</span> 
     </span>
     <span class='ocr_line' id='line_1_31' title="bbox 184 2950 1809 3025; baseline 0.002 -18"><span class='ocrx_word' id='word_1_453' title='bbox 184 2951 309 3007; x_wconf 80' lang='lat' dir='ltr'>discussa</span> <span class='ocrx_word' id='word_1_454' title='bbox 324 2961 399 3017; x_wconf 86' lang='lat' dir='ltr'>snut,</span> <span class='ocrx_word' id='word_1_455' title='bbox 410 2950 645 3005; x_wconf 73' lang='lat' dir='ltr'>considerantibus</span> <span class='ocrx_word' id='word_1_456' title='bbox 656 2951 736 3004; x_wconf 86' lang='lat' dir='ltr'>etiam</span> <span class='ocrx_word' id='word_1_457' title='bbox 753 2951 827 3016; x_wconf 88' lang='lat' dir='ltr'>illud,</span> <span class='ocrx_word' id='word_1_458' title='bbox 842 2952 915 3020; x_wconf 79' lang='lat' dir='ltr'>quod</span> <span class='ocrx_word' id='word_1_459' title='bbox 928 2953 972 3007; x_wconf 91' lang='lat' dir='ltr'>di·</span> <span class='ocrx_word' id='word_1_460' title='bbox 1027 2951 1094 3008; x_wconf 83' lang='lat' dir='ltr'>bare</span> <span class='ocrx_word' id='word_1_461' title='bbox 1108 2954 1192 3025; x_wconf 75' lang='lat' dir='ltr'>magis</span> <span class='ocrx_word' id='word_1_462' title='bbox 1206 2954 1329 3009; x_wconf 83' lang='lat' dir='ltr'>inuenies</span> <span class='ocrx_word' id='word_1_463' title='bbox 1344 2958 1457 3022; x_wconf 88' lang='lat' dir='ltr'>dictum,</span> <span class='ocrx_word' id='word_1_464' title='bbox 1474 2957 1547 3012; x_wconf 76' lang='lat' dir='ltr'>sicut</span> <span class='ocrx_word' id='word_1_465' title='bbox 1559 2972 1621 3013; x_wconf 84' lang='lat' dir='ltr'>eum</span> <span class='ocrx_word' id='word_1_466' title='bbox 1635 2957 1701 3014; x_wconf 89' lang='lat' dir='ltr'>dicit</span> <span class='ocrx_word' id='word_1_467' title='bbox 1716 2975 1723 3014; x_wconf 76' lang='grc' dir='ltr'><strong>ε</strong></span> <span class='ocrx_word' id='word_1_468' title='bbox 1742 2958 1809 3012; x_wconf 83' lang='lat' dir='ltr'>Per·</span> 
     </span>
     <span class='ocr_line' id='line_1_32' title="bbox 188 3008 1807 3121; baseline 0.002 -20"><span class='ocrx_word' id='word_1_469' title='bbox 188 3043 228 3101; x_wconf 89' lang='lat' dir='ltr'>cit</span> <span class='ocrx_word' id='word_1_470' title='bbox 240 3040 385 3114; x_wconf 79' lang='lat' dir='ltr'>Apostolus</span> <span class='ocrx_word' id='word_1_471' title='bbox 401 3042 437 3114; x_wconf 85' lang='lat' dir='ltr'>(c.</span> <span class='ocrx_word' id='word_1_472' title='bbox 454 3041 493 3114; x_wconf 89' lang='lat' dir='ltr'>tu)</span> <span class='ocrx_word' id='word_1_473' title='bbox 513 3061 520 3097; x_wconf 93' lang='lat'><strong>:</strong></span> <span class='ocrx_word' id='word_1_474' title='bbox 541 3042 744 3100; x_wconf 69' lang='lat' dir='ltr'>rutundorum</span> <span class='ocrx_word' id='word_1_475' title='bbox 769 3044 838 3099; x_wconf 76' lang='lat' dir='ltr'>Dour</span> <span class='ocrx_word' id='word_1_476' title='bbox 858 3053 972 3111; x_wconf 79' lang='lat' dir='ltr'>tontum,</span> <span class='ocrx_word' id='word_1_477' title='bbox 987 3008 1008 3066; x_wconf 69' lang='lat' dir='ltr'><strong>c</strong></span> <span class='ocrx_word' id='word_1_478' title='bbox 1025 3045 1250 3116; x_wconf 79' lang='lat' dir='ltr'>dumtouieutium</span> <span class='ocrx_word' id='word_1_479' title='bbox 1259 3048 1463 3119; x_wconf 68' lang='lat' dir='ltr'>annuntiemur</span> <span class='ocrx_word' id='word_1_480' title='bbox 1472 3050 1631 3107; x_wconf 73' lang='lat' dir='ltr'>intellectum</span> <span class='ocrx_word' id='word_1_481' title='bbox 1640 3050 1807 3121; x_wconf 71' lang='lat' dir='ltr'>prudentium</span> 
     </span>
     <span class='ocr_line' id='line_1_33' title="bbox 188 3133 1807 3212; baseline 0.003 -22"><span class='ocrx_word' id='word_1_482' title='bbox 188 3151 275 3191; x_wconf 83' lang='lat' dir='ltr'>noune</span> <span class='ocrx_word' id='word_1_483' title='bbox 286 3144 311 3190; x_wconf 84' lang='lat' dir='ltr'>et</span> <span class='ocrx_word' id='word_1_484' title='bbox 324 3136 452 3207; x_wconf 71' lang='lat' dir='ltr'>nentium?</span> <span class='ocrx_word' id='word_1_485' title='bbox 467 3133 525 3190; x_wconf 88' lang='lat' dir='ltr'>luto</span> <span class='ocrx_word' id='word_1_486' title='bbox 535 3141 559 3190; x_wconf 82' lang='lat' dir='ltr'>u</span> <span class='ocrx_word' id='word_1_487' title='bbox 573 3135 717 3206; x_wconf 71' lang='lat' dir='ltr'>nouitium?</span> <span class='ocrx_word' id='word_1_488' title='bbox 733 3145 762 3190; x_wconf 90' lang='lat' dir='ltr'>ut</span> <span class='ocrx_word' id='word_1_489' title='bbox 781 3150 829 3204; x_wconf 82' lang='lat' dir='ltr'>per</span> <span class='ocrx_word' id='word_1_490' title='bbox 848 3136 904 3189; x_wconf 84' lang='lat' dir='ltr'>itaec</span> <span class='ocrx_word' id='word_1_491' title='bbox 918 3137 974 3190; x_wconf 88' lang='lat' dir='ltr'>eti·</span> <span class='ocrx_word' id='word_1_492' title='bbox 1024 3139 1166 3209; x_wconf 75' lang='lat' dir='ltr'>reprobabo</span> <span class='ocrx_word' id='word_1_493' title='bbox 1180 3137 1208 3209; x_wconf 79' lang='lat' dir='ltr'>(l</span> <span class='ocrx_word' id='word_1_494' title='bbox 1216 3139 1277 3196; x_wconf 84' lang='lat' dir='ltr'>Gor.</span> <span class='ocrx_word' id='word_1_495' title='bbox 1295 3141 1413 3212; x_wconf 82' lang='lat' dir='ltr'>t).Quotl</span> <span class='ocrx_word' id='word_1_496' title='bbox 1427 3140 1594 3199; x_wconf 75' lang='lat' dir='ltr'>autemdicit</span> <span class='ocrx_word' id='word_1_497' title='bbox 1604 3144 1666 3212; x_wconf 79' lang='lat' dir='ltr'>quit</span> <span class='ocrx_word' id='word_1_498' title='bbox 1681 3149 1807 3212; x_wconf 72' lang='grc' dir='ltr'><strong>ιμιοιᾳιιοι</strong></span> 
     </span>
     <span class='ocr_line' id='line_1_34' title="bbox 190 3225 1809 3304; baseline 0.001 -19"><span class='ocrx_word' id='word_1_499' title='bbox 190 3227 299 3284; x_wconf 89' lang='lat' dir='ltr'>derttior</span> <span class='ocrx_word' id='word_1_500' title='bbox 319 3228 366 3281; x_wconf 83' lang='lat' dir='ltr'>liat</span> <span class='ocrx_word' id='word_1_501' title='bbox 386 3227 554 3296; x_wconf 80' lang='lat' dir='ltr'>explanatio,</span> <span class='ocrx_word' id='word_1_502' title='bbox 572 3227 707 3295; x_wconf 80' lang='lat' dir='ltr'>quomodo</span> <span class='ocrx_word' id='word_1_503' title='bbox 733 3225 819 3281; x_wconf 77' lang='lat' dir='ltr'>iudai</span> <span class='ocrx_word' id='word_1_504' title='bbox 843 3226 971 3296; x_wconf 80' lang='lat' dir='ltr'>primum,</span> <span class='ocrx_word' id='word_1_505' title='bbox 1023 3233 1052 3287; x_wconf 81' lang='lat' dir='ltr'>iu</span> <span class='ocrx_word' id='word_1_506' title='bbox 1070 3232 1125 3303; x_wconf 66' lang='lat' dir='ltr'>lene</span> <span class='ocrx_word' id='word_1_507' title='bbox 1136 3242 1320 3301; x_wconf 79' lang='lat' dir='ltr'>peccauerunt,</span> <span class='ocrx_word' id='word_1_508' title='bbox 1333 3233 1809 3304; x_wconf 64' lang='lat' dir='ltr'>perlemniedicobrtutur,intuere,</span> 
     </span>
     <span class='ocr_line' id='line_1_35' title="bbox 190 3318 1810 3398; baseline 0.001 -22"><span class='ocrx_word' id='word_1_509' title='bbox 190 3320 289 3376; x_wconf 88' lang='lat' dir='ltr'>deinde</span> <span class='ocrx_word' id='word_1_510' title='bbox 304 3319 394 3376; x_wconf 74' lang='lat' dir='ltr'>Greci</span> <span class='ocrx_word' id='word_1_511' title='bbox 409 3326 544 3389; x_wconf 80' lang='lat' dir='ltr'>ponuntur</span> <span class='ocrx_word' id='word_1_512' title='bbox 556 3318 590 3372; x_wconf 88' lang='lat' dir='ltr'>ab</span> <span class='ocrx_word' id='word_1_513' title='bbox 609 3318 748 3387; x_wconf 68' lang='lat' dir='ltr'>apostolo,</span> <span class='ocrx_word' id='word_1_514' title='bbox 766 3319 815 3375; x_wconf 79' lang='lat' dir='ltr'>sed</span> <span class='ocrx_word' id='word_1_515' title='bbox 827 3326 929 3374; x_wconf 71' lang='grc' dir='ltr'><strong>ιιιῑιιιιι</strong></span> <span class='ocrx_word' id='word_1_516' title='bbox 944 3319 972 3373; x_wconf 74' lang='lat' dir='ltr'>in</span> <span class='ocrx_word' id='word_1_517' title='bbox 1026 3339 1059 3379; x_wconf 91' lang='lat' dir='ltr'>ne</span> <span class='ocrx_word' id='word_1_518' title='bbox 1075 3325 1145 3380; x_wconf 82' lang='lat' dir='ltr'>torte</span> <span class='ocrx_word' id='word_1_519' title='bbox 1160 3326 1308 3381; x_wconf 84' lang='lat' dir='ltr'>secundum</span> <span class='ocrx_word' id='word_1_520' title='bbox 1325 3326 1459 3398; x_wconf 77' lang='lat' dir='ltr'>uindictae</span> <span class='ocrx_word' id='word_1_521' title='bbox 1468 3328 1517 3381; x_wconf 84' lang='lat' dir='ltr'>bas</span> <span class='ocrx_word' id='word_1_522' title='bbox 1524 3339 1585 3395; x_wconf 80' lang='lat' dir='ltr'>quae</span> <span class='ocrx_word' id='word_1_523' title='bbox 1596 3324 1622 3380; x_wconf 93' lang='lat' dir='ltr'>in</span> <span class='ocrx_word' id='word_1_524' title='bbox 1637 3326 1695 3393; x_wconf 73' lang='lat' dir='ltr'>lege</span> <span class='ocrx_word' id='word_1_525' title='bbox 1708 3325 1810 3391; x_wconf 72' lang='lat' dir='ltr'>scritta</span> 
     </span>
     <span class='ocr_line' id='line_1_36' title="bbox 189 3409 1809 3487; baseline -0.009 -5"><span class='ocrx_word' id='word_1_526' title='bbox 189 3410 305 3468; x_wconf 62' lang='grc' dir='ltr'>θῐῧῑῑῐῑθ</span> <span class='ocrx_word' id='word_1_527' title='bbox 321 3410 433 3481; x_wconf 57' lang='grc' dir='ltr'><strong>Ιθιθΰῑῑῧ</strong></span> <span class='ocrx_word' id='word_1_528' title='bbox 447 3411 483 3466; x_wconf 62' lang='grc' dir='ltr'>θῑῑ</span> <span class='ocrx_word' id='word_1_529' title='bbox 496 3409 611 3481; x_wconf 69' lang='lat' dir='ltr'>Pf⁰b³¹⁰</span> <span class='ocrx_word' id='word_1_530' title='bbox 624 3424 683 3479; x_wconf 68' lang='lat' dir='ltr'>‹1¹¹ae</span> <span class='ocrx_word' id='word_1_531' title='bbox 692 3410 762 3464; x_wconf 54' lang='lat' dir='ltr'>diist</span> <span class='ocrx_word' id='word_1_532' title='bbox 776 3419 851 3474; x_wconf 72' lang='lat'><strong>⁸⁰⁰¹·</strong></span> <span class='ocrx_word' id='word_1_533' title='bbox 865 3424 918 3465; x_wconf 74' lang='lat'><strong>¹¹⁰8</strong></span> <span class='ocrx_word' id='word_1_534' title='bbox 927 3425 977 3465; x_wconf 70' lang='grc' dir='ltr'><strong>ιιι·</strong></span> <span class='ocrx_word' id='word_1_535' title='bbox 1028 3426 1103 3482; x_wconf 84' lang='lat' dir='ltr'>ouut,</span> <span class='ocrx_word' id='word_1_536' title='bbox 1118 3417 1217 3487; x_wconf 84' lang='lat' dir='ltr'>qulbus</span> <span class='ocrx_word' id='word_1_537' title='bbox 1232 3417 1381 3486; x_wconf 78' lang='lat' dir='ltr'>agebantur</span> <span class='ocrx_word' id='word_1_538' title='bbox 1398 3416 1509 3486; x_wconf 83' lang='lat' dir='ltr'>judicia,</span> <span class='ocrx_word' id='word_1_539' title='bbox 1526 3417 1571 3471; x_wconf 89' lang='lat' dir='ltr'>ubi</span> <span class='ocrx_word' id='word_1_540' title='bbox 1591 3416 1700 3486; x_wconf 82' lang='lat' dir='ltr'>lapidari</span> <span class='ocrx_word' id='word_1_541' title='bbox 1725 3415 1766 3469; x_wconf 84' lang='lat' dir='ltr'>rel</span> <span class='ocrx_word' id='word_1_542' title='bbox 1782 3415 1809 3468; x_wconf 91' lang='lat' dir='ltr'>iu</span> 
     </span>
     <span class='ocr_line' id='line_1_37' title="bbox 192 3496 1811 3578; baseline -0.003 -15"><span class='ocrx_word' id='word_1_543' title='bbox 192 3517 245 3563; x_wconf 89' lang='lat' dir='ltr'>tem</span> <span class='ocrx_word' id='word_1_544' title='bbox 261 3505 339 3575; x_wconf 77' lang='lat' dir='ltr'>plura</span> <span class='ocrx_word' id='word_1_545' title='bbox 352 3503 513 3559; x_wconf 80' lang='lat' dir='ltr'>adduximus</span> <span class='ocrx_word' id='word_1_546' title='bbox 525 3503 552 3557; x_wconf 92' lang='lat' dir='ltr'>in</span> <span class='ocrx_word' id='word_1_547' title='bbox 568 3510 723 3567; x_wconf 80' lang='lat' dir='ltr'>tractaturo,</span> <span class='ocrx_word' id='word_1_548' title='bbox 738 3517 772 3556; x_wconf 86' lang='lat' dir='ltr'>ue</span> <span class='ocrx_word' id='word_1_549' title='bbox 785 3502 850 3572; x_wconf 87' lang='lat' dir='ltr'>quid</span> <span class='ocrx_word' id='word_1_550' title='bbox 861 3502 895 3557; x_wconf 88' lang='lat' dir='ltr'>de</span> <span class='ocrx_word' id='word_1_551' title='bbox 904 3504 978 3574; x_wconf 83' lang='lat' dir='ltr'>Apo-</span> <span class='ocrx_word' id='word_1_552' title='bbox 1028 3507 1118 3578; x_wconf 77' lang='lat' dir='ltr'>iguem</span> <span class='ocrx_word' id='word_1_553' title='bbox 1132 3507 1213 3573; x_wconf 88' lang='lat' dir='ltr'>tradi,</span> <span class='ocrx_word' id='word_1_554' title='bbox 1224 3506 1265 3561; x_wconf 83' lang='lat' dir='ltr'>tel</span> <span class='ocrx_word' id='word_1_555' title='bbox 1275 3496 1412 3563; x_wconf 80' lang='lat' dir='ltr'>ciuitatem</span> <span class='ocrx_word' id='word_1_556' title='bbox 1426 3508 1520 3577; x_wconf 74' lang='lat' dir='ltr'>reltrgli</span> <span class='ocrx_word' id='word_1_557' title='bbox 1537 3509 1623 3571; x_wconf 87' lang='lat' dir='ltr'>adire,</span> <span class='ocrx_word' id='word_1_558' title='bbox 1636 3506 1676 3561; x_wconf 87' lang='lat' dir='ltr'>tel</span> <span class='ocrx_word' id='word_1_559' title='bbox 1693 3506 1746 3560; x_wconf 86' lang='lat' dir='ltr'>alia</span> <span class='ocrx_word' id='word_1_560' title='bbox 1760 3506 1811 3560; x_wconf 89' lang='lat' dir='ltr'>bu·</span> 
     </span>
     <span class='ocr_line' id='line_1_38' title="bbox 191 3594 1872 3671; baseline 0 -21"><span class='ocrx_word' id='word_1_561' title='bbox 191 3599 254 3655; x_wconf 83' lang='lat' dir='ltr'>stoli</span> <span class='ocrx_word' id='word_1_562' title='bbox 268 3613 348 3653; x_wconf 75' lang='lat' dir='ltr'>seusu</span> <span class='ocrx_word' id='word_1_563' title='bbox 366 3598 546 3652; x_wconf 85' lang='lat' dir='ltr'>indiscussum</span> <span class='ocrx_word' id='word_1_564' title='bbox 558 3595 712 3665; x_wconf 84' lang='lat' dir='ltr'>relinquere</span> <span class='ocrx_word' id='word_1_565' title='bbox 726 3594 890 3650; x_wconf 80' lang='lat' dir='ltr'>videremur.</span> <span class='ocrx_word' id='word_1_566' title='bbox 1026 3599 1143 3671; x_wconf 77' lang='lat' dir='ltr'>jusmodi</span> <span class='ocrx_word' id='word_1_567' title='bbox 1153 3600 1207 3671; x_wconf 81' lang='lat' dir='ltr'>pati</span> <span class='ocrx_word' id='word_1_568' title='bbox 1216 3598 1394 3669; x_wconf 82' lang='lat' dir='ltr'>jubebantur,</span> <span class='ocrx_word' id='word_1_569' title='bbox 1407 3600 1442 3658; x_wconf 88' lang='lat' dir='ltr'>ita</span> <span class='ocrx_word' id='word_1_570' title='bbox 1452 3600 1486 3657; x_wconf 90' lang='lat' dir='ltr'>sit</span> <span class='ocrx_word' id='word_1_571' title='bbox 1496 3610 1523 3654; x_wconf 88' lang='lat' dir='ltr'>ot</span> <span class='ocrx_word' id='word_1_572' title='bbox 1533 3601 1665 3667; x_wconf 71' lang='lat' dir='ltr'>iudicium</span> <span class='ocrx_word' id='word_1_573' title='bbox 1677 3598 1810 3663; x_wconf 84' lang='lat' dir='ltr'>luturutu,</span> <span class='ocrx_word' id='word_1_574' title='bbox 1869 3595 1872 3602; x_wconf 87' lang='lat'>&#39;</span> 
     </span>
     <span class='ocr_line' id='line_1_39' title="bbox 228 3682 1810 3762; baseline -0.003 -18"><span class='ocrx_word' id='word_1_575' title='bbox 228 3687 789 3762; x_wconf 68' lang='lat' dir='ltr'>Quieuurqrteenr&#39;tnrineboepecroueruut,</span> <span class='ocrx_word' id='word_1_576' title='bbox 805 3688 860 3741; x_wconf 80' lang='lat' dir='ltr'>siue</span> <span class='ocrx_word' id='word_1_577' title='bbox 871 3688 924 3760; x_wconf 70' lang='lat' dir='ltr'>lene</span> <span class='ocrx_word' id='word_1_578' title='bbox 934 3702 975 3757; x_wconf 74' lang='lat' dir='ltr'>pt·</span> <span class='ocrx_word' id='word_1_579' title='bbox 1010 3691 1156 3762; x_wconf 71' lang='lat' dir='ltr'>ouoniaru</span> <span class='ocrx_word' id='word_1_580' title='bbox 1171 3690 1281 3760; x_wconf 84' lang='lat' dir='ltr'>quidum</span> <span class='ocrx_word' id='word_1_581' title='bbox 1304 3701 1365 3762; x_wconf 81' lang='lat' dir='ltr'>tyno</span> <span class='ocrx_word' id='word_1_582' title='bbox 1379 3699 1406 3744; x_wconf 92' lang='lat' dir='ltr'>et</span> <span class='ocrx_word' id='word_1_583' title='bbox 1422 3682 1524 3745; x_wconf 60' lang='lat' dir='ltr'>umbrae</span> <span class='ocrx_word' id='word_1_584' title='bbox 1540 3688 1692 3745; x_wconf 79' lang='lat' dir='ltr'>coelestium</span> <span class='ocrx_word' id='word_1_585' title='bbox 1717 3686 1810 3741; x_wconf 86' lang='lat' dir='ltr'>deser·</span> 
     </span>
     <span class='ocr_line' id='line_1_40' title="bbox 193 3770 1833 3854; baseline -0.002 -20"><span class='ocrx_word' id='word_1_586' title='bbox 193 3770 403 3854; x_wconf 57' lang='lat' dir='ltr'>riieutssmbb.</span> <span class='ocrx_word' id='word_1_587' title='bbox 413 3779 552 3847; x_wconf 83' lang='lat' dir='ltr'>Quomodo</span> <span class='ocrx_word' id='word_1_588' title='bbox 561 3788 648 3848; x_wconf 81' lang='lat' dir='ltr'>poten</span> <span class='ocrx_word' id='word_1_589' title='bbox 658 3780 716 3835; x_wconf 87' lang='lat' dir='ltr'>sine</span> <span class='ocrx_word' id='word_1_590' title='bbox 725 3779 781 3850; x_wconf 74' lang='lat' dir='ltr'>loge</span> <span class='ocrx_word' id='word_1_591' title='bbox 789 3780 906 3849; x_wconf 82' lang='lat' dir='ltr'>peccari,</span> <span class='ocrx_word' id='word_1_592' title='bbox 916 3792 973 3835; x_wconf 84' lang='lat' dir='ltr'>cun</span> <span class='ocrx_word' id='word_1_593' title='bbox 1030 3780 1225 3836; x_wconf 88' lang='lat' dir='ltr'>riredlcuutur</span> <span class='ocrx_word' id='word_1_594' title='bbox 1236 3780 1275 3847; x_wconf 86' lang='lat' dir='ltr'>bl,</span> <span class='ocrx_word' id='word_1_595' title='bbox 1290 3783 1337 3851; x_wconf 78' lang='lat' dir='ltr'>qni</span> <span class='ocrx_word' id='word_1_596' title='bbox 1352 3781 1403 3835; x_wconf 89' lang='lat' dir='ltr'>sub</span> <span class='ocrx_word' id='word_1_597' title='bbox 1419 3782 1477 3851; x_wconf 83' lang='lat' dir='ltr'>loge</span> <span class='ocrx_word' id='word_1_598' title='bbox 1490 3789 1563 3845; x_wconf 85' lang='lat' dir='ltr'>sunt,</span> <span class='ocrx_word' id='word_1_599' title='bbox 1593 3793 1628 3833; x_wconf 86' lang='lat' dir='ltr'>no</span> <span class='ocrx_word' id='word_1_600' title='bbox 1643 3778 1712 3835; x_wconf 88' lang='lat' dir='ltr'>lorte</span> <span class='ocrx_word' id='word_1_601' title='bbox 1729 3776 1833 3832; x_wconf 88' lang='lat' dir='ltr'>siutili·</span> 
     </span>
     <span class='ocr_line' id='line_1_41' title="bbox 197 3868 1810 3941; baseline -0.004 -14"><span class='ocrx_word' id='word_1_602' title='bbox 197 3886 293 3927; x_wconf 84' lang='lat' dir='ltr'>ornnes</span> <span class='ocrx_word' id='word_1_603' title='bbox 305 3872 384 3926; x_wconf 86' lang='lat' dir='ltr'>simul</span> <span class='ocrx_word' id='word_1_604' title='bbox 398 3872 497 3926; x_wconf 87' lang='lat' dir='ltr'>subditi</span> <span class='ocrx_word' id='word_1_605' title='bbox 520 3870 605 3926; x_wconf 88' lang='lat' dir='ltr'>simus</span> <span class='ocrx_word' id='word_1_606' title='bbox 622 3871 672 3941; x_wconf 69' lang='lat' dir='ltr'>trgi</span> <span class='ocrx_word' id='word_1_607' title='bbox 701 3871 846 3926; x_wconf 75' lang='lat' dir='ltr'>naturali?</span> <span class='ocrx_word' id='word_1_608' title='bbox 872 3870 928 3927; x_wconf 84' lang='lat' dir='ltr'>Sed</span> <span class='ocrx_word' id='word_1_609' title='bbox 945 3870 980 3925; x_wconf 65' lang='lat' dir='ltr'>de</span> <span class='ocrx_word' id='word_1_610' title='bbox 1030 3870 1146 3940; x_wconf 74' lang='lat' dir='ltr'>quadum</span> <span class='ocrx_word' id='word_1_611' title='bbox 1164 3873 1271 3926; x_wconf 88' lang='lat' dir='ltr'>ratione</span> <span class='ocrx_word' id='word_1_612' title='bbox 1286 3880 1382 3941; x_wconf 66' lang='lat' dir='ltr'>agatur</span> <span class='ocrx_word' id='word_1_613' title='bbox 1396 3881 1422 3926; x_wconf 91' lang='lat' dir='ltr'>et</span> <span class='ocrx_word' id='word_1_614' title='bbox 1435 3872 1491 3941; x_wconf 78' lang='lat' dir='ltr'>iarn</span> <span class='ocrx_word' id='word_1_615' title='bbox 1508 3870 1627 3923; x_wconf 88' lang='lat' dir='ltr'>loturum</span> <span class='ocrx_word' id='word_1_616' title='bbox 1637 3868 1770 3936; x_wconf 80' lang='lat' dir='ltr'>judicium</span> <span class='ocrx_word' id='word_1_617' title='bbox 1783 3868 1810 3920; x_wconf 86' lang='lat' dir='ltr'>io</span> 
     </span>
     <span class='ocr_line' id='line_1_42' title="bbox 189 3954 1816 4037; baseline -0.004 -17"><span class='ocrx_word' id='word_1_618' title='bbox 189 3962 435 4037; x_wconf 71' lang='lat' dir='ltr'>lloysislegedioit,</span> <span class='ocrx_word' id='word_1_619' title='bbox 444 3959 693 4019; x_wconf 80' lang='lat' dir='ltr'>cuiludaeiobnouii</span> <span class='ocrx_word' id='word_1_620' title='bbox 703 3958 908 4025; x_wconf 88' lang='lat' dir='ltr'>suut,domoou</span> <span class='ocrx_word' id='word_1_621' title='bbox 917 3971 969 4013; x_wconf 84' lang='lat' dir='ltr'>ore</span> <span class='ocrx_word' id='word_1_622' title='bbox 1026 3970 1075 4012; x_wconf 87' lang='lat' dir='ltr'>eos</span> <span class='ocrx_word' id='word_1_623' title='bbox 1087 3956 1132 4026; x_wconf 86' lang='lat' dir='ltr'>qui</span> <span class='ocrx_word' id='word_1_624' title='bbox 1146 3955 1432 4026; x_wconf 79' lang='lat' dir='ltr'>praevaricati&#39;luerint</span> <span class='ocrx_word' id='word_1_625' title='bbox 1445 3956 1541 4028; x_wconf 71' lang='lat' dir='ltr'>legen.</span> <span class='ocrx_word' id='word_1_626' title='bbox 1557 3954 1656 4029; x_wconf 70' lang='lat' dir='ltr'>(Orio.)</span> <span class='ocrx_word' id='word_1_627' title='bbox 1670 3956 1736 4013; x_wconf 85' lang='lat' dir='ltr'>Cum</span> <span class='ocrx_word' id='word_1_628' title='bbox 1750 3973 1816 4030; x_wconf 76' lang='lat' dir='ltr'>ergo</span> 
     </span>
     <span class='ocr_line' id='line_1_43' title="bbox 189 4037 1816 4124; baseline -0.004 -15"><span class='ocrx_word' id='word_1_629' title='bbox 189 4054 267 4117; x_wconf 87' lang='lat' dir='ltr'>dunt,</span> <span class='ocrx_word' id='word_1_630' title='bbox 278 4066 329 4108; x_wconf 86' lang='lat' dir='ltr'>nec</span> <span class='ocrx_word' id='word_1_631' title='bbox 339 4060 392 4108; x_wconf 84' lang='lat' dir='ltr'>uon</span> <span class='ocrx_word' id='word_1_632' title='bbox 402 4060 430 4107; x_wconf 88' lang='lat' dir='ltr'>et</span> <span class='ocrx_word' id='word_1_633' title='bbox 438 4051 562 4124; x_wconf 75' lang='lat' dir='ltr'>gentiles,</span> <span class='ocrx_word' id='word_1_634' title='bbox 572 4050 618 4106; x_wconf 88' lang='lat' dir='ltr'>sed</span> <span class='ocrx_word' id='word_1_635' title='bbox 626 4048 798 4120; x_wconf 67' lang='lat' dir='ltr'>iamdudum</span> <span class='ocrx_word' id='word_1_636' title='bbox 811 4037 872 4117; x_wconf 71' lang='lat' dir='ltr'>(juia</span> <span class='ocrx_word' id='word_1_637' title='bbox 884 4044 978 4116; x_wconf 74' lang='lat' dir='ltr'>odjum</span> <span class='ocrx_word' id='word_1_638' title='bbox 1028 4046 1148 4101; x_wconf 84' lang='lat' dir='ltr'>diuersas</span> <span class='ocrx_word' id='word_1_639' title='bbox 1162 4046 1189 4100; x_wconf 91' lang='lat' dir='ltr'>in</span> <span class='ocrx_word' id='word_1_640' title='bbox 1205 4044 1354 4117; x_wconf 84' lang='lat' dir='ltr'>Scripturis</span> <span class='ocrx_word' id='word_1_641' title='bbox 1368 4044 1420 4100; x_wconf 90' lang='lat' dir='ltr'>dici</span> <span class='ocrx_word' id='word_1_642' title='bbox 1434 4043 1562 4101; x_wconf 80' lang='lat' dir='ltr'>claruerit</span> <span class='ocrx_word' id='word_1_643' title='bbox 1572 4045 1656 4117; x_wconf 76' lang='lat' dir='ltr'>leges,</span> <span class='ocrx_word' id='word_1_644' title='bbox 1678 4047 1701 4103; x_wconf 89' lang='lat' dir='ltr'>si</span> <span class='ocrx_word' id='word_1_645' title='bbox 1716 4048 1777 4116; x_wconf 86' lang='lat' dir='ltr'>quis</span> <span class='ocrx_word' id='word_1_646' title='bbox 1789 4049 1816 4102; x_wconf 88' lang='lat' dir='ltr'>iu</span> 
     </span>
     <span class='ocr_line' id='line_1_44' title="bbox 189 4133 1817 4217; baseline -0.004 -16"><span class='ocrx_word' id='word_1_647' title='bbox 189 4137 977 4217; x_wconf 69' lang='lat' dir='ltr'>gereseillinoiuerunt.iloncredentosergogentilesdu·</span> <span class='ocrx_word' id='word_1_648' title='bbox 1028 4146 1134 4191; x_wconf 88' lang='lat' dir='ltr'>tanturn</span> <span class='ocrx_word' id='word_1_649' title='bbox 1156 4136 1311 4192; x_wconf 84' lang='lat' dir='ltr'>omnesltue</span> <span class='ocrx_word' id='word_1_650' title='bbox 1324 4133 1464 4207; x_wconf 80' lang='lat' dir='ltr'>refugerit,</span> <span class='ocrx_word' id='word_1_651' title='bbox 1483 4144 1513 4190; x_wconf 94' lang='lat' dir='ltr'>ut</span> <span class='ocrx_word' id='word_1_652' title='bbox 1523 4136 1605 4191; x_wconf 90' lang='lat' dir='ltr'>etiarn</span> <span class='ocrx_word' id='word_1_653' title='bbox 1619 4137 1749 4193; x_wconf 86' lang='lat' dir='ltr'>naturalis</span> <span class='ocrx_word' id='word_1_654' title='bbox 1760 4138 1817 4209; x_wconf 85' lang='lat' dir='ltr'>ipsa</span> 
     </span>
     <span class='ocr_line' id='line_1_45' title="bbox 189 4210 1817 4307; baseline -0.006 -15"><span class='ocrx_word' id='word_1_655' title='bbox 189 4210 803 4307; x_wconf 68' lang='lat' dir='ltr'>ulicigenereduutrei,quianequelegidatae</span> <span class='ocrx_word' id='word_1_656' title='bbox 813 4228 976 4305; x_wconf 75' lang='lat' dir='ltr'>periloysen</span> <span class='ocrx_word' id='word_1_657' title='bbox 1027 4225 1142 4295; x_wconf 81' lang='lat' dir='ltr'>loxqoae</span> <span class='ocrx_word' id='word_1_658' title='bbox 1158 4225 1223 4280; x_wconf 91' lang='lat' dir='ltr'>nulli</span> <span class='ocrx_word' id='word_1_659' title='bbox 1247 4226 1304 4282; x_wconf 88' lang='lat' dir='ltr'>iere</span> <span class='ocrx_word' id='word_1_660' title='bbox 1327 4226 1413 4291; x_wconf 86' lang='lat' dir='ltr'>deest,</span> <span class='ocrx_word' id='word_1_661' title='bbox 1436 4226 1478 4280; x_wconf 85' lang='lat' dir='ltr'>tol</span> <span class='ocrx_word' id='word_1_662' title='bbox 1492 4241 1539 4296; x_wconf 85' lang='lat' dir='ltr'>per</span> <span class='ocrx_word' id='word_1_663' title='bbox 1552 4226 1680 4281; x_wconf 87' lang='lat' dir='ltr'>duritiam</span> <span class='ocrx_word' id='word_1_664' title='bbox 1705 4227 1746 4282; x_wconf 86' lang='lat' dir='ltr'>rel</span> <span class='ocrx_word' id='word_1_665' title='bbox 1769 4242 1817 4299; x_wconf 83' lang='lat' dir='ltr'>per</span> 
     </span>
     <span class='ocr_line' id='line_1_46' title="bbox 189 4317 1818 4394; baseline -0.002 -13"><span class='ocrx_word' id='word_1_666' title='bbox 189 4335 374 4389; x_wconf 81' lang='lat' dir='ltr'>assenserunt,</span> <span class='ocrx_word' id='word_1_667' title='bbox 392 4337 479 4394; x_wconf 86' lang='lat' dir='ltr'>neque</span> <span class='ocrx_word' id='word_1_668' title='bbox 488 4322 589 4378; x_wconf 81' lang='lat' dir='ltr'>Christi</span> <span class='ocrx_word' id='word_1_669' title='bbox 603 4320 716 4393; x_wconf 67' lang='lat' dir='ltr'>gratiam</span> <span class='ocrx_word' id='word_1_670' title='bbox 729 4327 902 4390; x_wconf 74' lang='lat' dir='ltr'>mceperunt,</span> <span class='ocrx_word' id='word_1_671' title='bbox 914 4318 975 4374; x_wconf 89' lang='lat' dir='ltr'>ideo</span> <span class='ocrx_word' id='word_1_672' title='bbox 1028 4317 1235 4373; x_wconf 85' lang='lat' dir='ltr'>erassitudinem</span> <span class='ocrx_word' id='word_1_673' title='bbox 1265 4317 1355 4373; x_wconf 86' lang='lat' dir='ltr'>cordis</span> <span class='ocrx_word' id='word_1_674' title='bbox 1383 4318 1526 4373; x_wconf 86' lang='lat' dir='ltr'>obliterata</span> <span class='ocrx_word' id='word_1_675' title='bbox 1540 4318 1567 4377; x_wconf 92' lang='lat' dir='ltr'>ln</span> <span class='ocrx_word' id='word_1_676' title='bbox 1587 4334 1619 4374; x_wconf 85' lang='lat' dir='ltr'>eo</span> <span class='ocrx_word' id='word_1_677' title='bbox 1639 4319 1772 4386; x_wconf 88' lang='lat' dir='ltr'>rideatur,</span> <span class='ocrx_word' id='word_1_678' title='bbox 1789 4328 1818 4377; x_wconf 89' lang='lat' dir='ltr'>et</span> 
     </span>
     <span class='ocr_line' id='line_1_47' title="bbox 189 4365 1818 4488; baseline -0.003 -16"><span class='ocrx_word' id='word_1_679' title='bbox 189 4418 301 4488; x_wconf 76' lang='lat' dir='ltr'>dignum</span> <span class='ocrx_word' id='word_1_680' title='bbox 323 4423 377 4481; x_wconf 86' lang='lat' dir='ltr'>est</span> <span class='ocrx_word' id='word_1_681' title='bbox 392 4423 422 4469; x_wconf 94' lang='lat' dir='ltr'>ut</span> <span class='ocrx_word' id='word_1_682' title='bbox 435 4420 556 4485; x_wconf 80' lang='lat' dir='ltr'>pereant.</span> <span class='ocrx_word' id='word_1_683' title='bbox 584 4412 668 4484; x_wconf 63' lang='lat' dir='ltr'>luitur</span> <span class='ocrx_word' id='word_1_684' title='bbox 689 4411 761 4467; x_wconf 87' lang='lat' dir='ltr'>sicut</span> <span class='ocrx_word' id='word_1_685' title='bbox 773 4411 819 4480; x_wconf 86' lang='lat' dir='ltr'>qui</span> <span class='ocrx_word' id='word_1_686' title='bbox 840 4410 899 4465; x_wconf 85' lang='lat' dir='ltr'>sine</span> <span class='ocrx_word' id='word_1_687' title='bbox 917 4408 976 4481; x_wconf 78' lang='lat' dir='ltr'>lege</span> <span class='ocrx_word' id='word_1_688' title='bbox 990 4365 1015 4429; x_wconf 72' lang='lat' dir='ltr'>D</span> <span class='ocrx_word' id='word_1_689' title='bbox 1028 4406 1136 4473; x_wconf 87' lang='lat' dir='ltr'>abolita,</span> <span class='ocrx_word' id='word_1_690' title='bbox 1160 4407 1194 4463; x_wconf 87' lang='lat' dir='ltr'>de</span> <span class='ocrx_word' id='word_1_691' title='bbox 1210 4407 1263 4462; x_wconf 86' lang='lat' dir='ltr'>isto</span> <span class='ocrx_word' id='word_1_692' title='bbox 1273 4414 1362 4477; x_wconf 80' lang='lat' dir='ltr'>potest</span> <span class='ocrx_word' id='word_1_693' title='bbox 1377 4406 1463 4463; x_wconf 88' lang='lat' dir='ltr'>videri</span> <span class='ocrx_word' id='word_1_694' title='bbox 1478 4408 1579 4463; x_wconf 86' lang='lat' dir='ltr'>dictum</span> <span class='ocrx_word' id='word_1_695' title='bbox 1601 4409 1674 4478; x_wconf 86' lang='lat' dir='ltr'>quod</span> <span class='ocrx_word' id='word_1_696' title='bbox 1686 4410 1746 4466; x_wconf 89' lang='lat' dir='ltr'>siue</span> <span class='ocrx_word' id='word_1_697' title='bbox 1760 4409 1818 4483; x_wconf 74' lang='lat' dir='ltr'>lege</span> 
     </span>
     <span class='ocr_line' id='line_1_48' title="bbox 190 4495 1818 4577; baseline -0.005 -15"><span class='ocrx_word' id='word_1_698' title='bbox 190 4504 411 4577; x_wconf 66' lang='lat' dir='ltr'>reccatmnintt,</span> <span class='ocrx_word' id='word_1_699' title='bbox 426 4505 463 4559; x_wconf 78' lang='lat' dir='ltr'>ita</span> <span class='ocrx_word' id='word_1_700' title='bbox 479 4511 508 4558; x_wconf 89' lang='lat' dir='ltr'>et</span> <span class='ocrx_word' id='word_1_701' title='bbox 518 4503 563 4573; x_wconf 79' lang='lat' dir='ltr'>utri</span> <span class='ocrx_word' id='word_1_702' title='bbox 578 4503 638 4557; x_wconf 84' lang='lat' dir='ltr'>sine</span> <span class='ocrx_word' id='word_1_703' title='bbox 650 4501 708 4571; x_wconf 73' lang='lat' dir='ltr'>lege</span> <span class='ocrx_word' id='word_1_704' title='bbox 718 4500 802 4572; x_wconf 75' lang='lat' dir='ltr'>legem</span> <span class='ocrx_word' id='word_1_705' title='bbox 816 4500 975 4567; x_wconf 84' lang='lat' dir='ltr'>seruaverit,</span> <span class='ocrx_word' id='word_1_706' title='bbox 1028 4505 1137 4567; x_wconf 61' lang='lat' dir='ltr'>peream</span> <span class='ocrx_word' id='word_1_707' title='bbox 1150 4495 1311 4565; x_wconf 83' lang='lat' dir='ltr'>judicandus</span> <span class='ocrx_word' id='word_1_708' title='bbox 1323 4511 1388 4551; x_wconf 87' lang='lat' dir='ltr'>raro</span> <span class='ocrx_word' id='word_1_709' title='bbox 1400 4510 1448 4567; x_wconf 81' lang='lat' dir='ltr'>per</span> <span class='ocrx_word' id='word_1_710' title='bbox 1460 4496 1545 4567; x_wconf 78' lang='lat' dir='ltr'>legem</span> <span class='ocrx_word' id='word_1_711' title='bbox 1556 4498 1661 4552; x_wconf 84' lang='lat' dir='ltr'>dicatur</span> <span class='ocrx_word' id='word_1_712' title='bbox 1674 4497 1698 4553; x_wconf 87' lang='lat' dir='ltr'>is</span> <span class='ocrx_word' id='word_1_713' title='bbox 1711 4498 1757 4568; x_wconf 84' lang='lat' dir='ltr'>qni</span> <span class='ocrx_word' id='word_1_714' title='bbox 1767 4499 1818 4554; x_wconf 91' lang='lat' dir='ltr'>sub</span> 
     </span>
     <span class='ocr_line' id='line_1_49' title="bbox 187 4586 1819 4669; baseline -0.004 -18"><span class='ocrx_word' id='word_1_715' title='bbox 187 4596 381 4669; x_wconf 84' lang='lat' dir='ltr'>justilicab‘ttnr</span> <span class='ocrx_word' id='word_1_716' title='bbox 399 4594 550 4666; x_wconf 77' lang='lat' dir='ltr'>rjustitiam</span> <span class='ocrx_word' id='word_1_717' title='bbox 572 4591 730 4648; x_wconf 86' lang='lat' dir='ltr'>naturaliter</span> <span class='ocrx_word' id='word_1_718' title='bbox 746 4606 871 4657; x_wconf 67' lang='lat' dir='ltr'>motans,</span> <span class='ocrx_word' id='word_1_719' title='bbox 884 4598 977 4647; x_wconf 84' lang='lat' dir='ltr'>custos</span> <span class='ocrx_word' id='word_1_720' title='bbox 1029 4586 1087 4656; x_wconf 73' lang='lat' dir='ltr'>lege</span> <span class='ocrx_word' id='word_1_721' title='bbox 1099 4586 1173 4652; x_wconf 83' lang='lat' dir='ltr'>citit,</span> <span class='ocrx_word' id='word_1_722' title='bbox 1191 4586 1255 4656; x_wconf 80' lang='lat' dir='ltr'>quia</span> <span class='ocrx_word' id='word_1_723' title='bbox 1269 4595 1297 4641; x_wconf 87' lang='lat' dir='ltr'>et</span> <span class='ocrx_word' id='word_1_724' title='bbox 1306 4586 1450 4657; x_wconf 75' lang='lat' dir='ltr'>Apostolus</span> <span class='ocrx_word' id='word_1_725' title='bbox 1461 4594 1628 4644; x_wconf 87' lang='lat' dir='ltr'>contestatur</span> <span class='ocrx_word' id='word_1_726' title='bbox 1640 4603 1749 4646; x_wconf 86' lang='lat' dir='ltr'>omnem</span> <span class='ocrx_word' id='word_1_727' title='bbox 1765 4591 1819 4645; x_wconf 86' lang='lat' dir='ltr'>cir-</span> 
     </span>
     <span class='ocr_line' id='line_1_50' title="bbox 190 4676 1819 4758; baseline -0.003 -18"><span class='ocrx_word' id='word_1_728' title='bbox 190 4687 330 4758; x_wconf 76' lang='lat' dir='ltr'>legisest;</span> <span class='ocrx_word' id='word_1_729' title='bbox 356 4680 806 4755; x_wconf 73' lang='lat' dir='ltr'>sienimjuttououestleenoaitn</span> <span class='ocrx_word' id='word_1_730' title='bbox 821 4680 847 4751; x_wconf 81' lang='lat' dir='ltr'>ll</span> <span class='ocrx_word' id='word_1_731' title='bbox 861 4679 976 4751; x_wconf 76' lang='lat' dir='ltr'>Timr),</span> <span class='ocrx_word' id='word_1_732' title='bbox 1030 4676 1227 4731; x_wconf 88' lang='lat' dir='ltr'>cumcidentent</span> <span class='ocrx_word' id='word_1_733' title='bbox 1257 4690 1297 4742; x_wconf 86' lang='lat' dir='ltr'>se,</span> <span class='ocrx_word' id='word_1_734' title='bbox 1326 4677 1389 4746; x_wconf 85' lang='lat' dir='ltr'>quia</span> <span class='ocrx_word' id='word_1_735' title='bbox 1411 4677 1517 4733; x_wconf 86' lang='lat' dir='ltr'>debitor</span> <span class='ocrx_word' id='word_1_736' title='bbox 1540 4680 1575 4732; x_wconf 89' lang='lat' dir='ltr'>sit</span> <span class='ocrx_word' id='word_1_737' title='bbox 1601 4679 1734 4734; x_wconf 78' lang='lat' dir='ltr'>uniuersae</span> <span class='ocrx_word' id='word_1_738' title='bbox 1752 4679 1819 4750; x_wconf 79' lang='lat' dir='ltr'>legis</span> 
     </span>
     <span class='ocr_line' id='line_1_51' title="bbox 191 4764 1819 4846; baseline -0.004 -16"><span class='ocrx_word' id='word_1_739' title='bbox 191 4778 240 4834; x_wconf 82' lang='lat' dir='ltr'>sed</span> <span class='ocrx_word' id='word_1_740' title='bbox 253 4775 374 4846; x_wconf 82' lang='lat' dir='ltr'>injustis,</span> <span class='ocrx_word' id='word_1_741' title='bbox 389 4775 435 4846; x_wconf 74' lang='lat' dir='ltr'>nni</span> <span class='ocrx_word' id='word_1_742' title='bbox 450 4790 503 4831; x_wconf 89' lang='lat' dir='ltr'>non</span> <span class='ocrx_word' id='word_1_743' title='bbox 518 4780 620 4845; x_wconf 74' lang='lat' dir='ltr'>necem,</span> <span class='ocrx_word' id='word_1_744' title='bbox 641 4772 745 4828; x_wconf 85' lang='lat' dir='ltr'>amicus</span> <span class='ocrx_word' id='word_1_745' title='bbox 765 4772 899 4844; x_wconf 69' lang='lat' dir='ltr'>lagosest3</span> <span class='ocrx_word' id='word_1_746' title='bbox 913 4772 978 4828; x_wconf 86' lang='lat' dir='ltr'>huie</span> <span class='ocrx_word' id='word_1_747' title='bbox 1030 4765 1159 4822; x_wconf 81' lang='lat' dir='ltr'>laciendae</span> <span class='ocrx_word' id='word_1_748' title='bbox 1181 4764 1253 4836; x_wconf 77' lang='lat' dir='ltr'>(Gal.</span> <span class='ocrx_word' id='word_1_749' title='bbox 1275 4764 1313 4844; x_wconf 77' lang='lat' dir='ltr'>vl,</span> <span class='ocrx_word' id='word_1_750' title='bbox 1333 4765 1424 4839; x_wconf 68' lang='lat' dir='ltr'>(dun.)</span> <span class='ocrx_word' id='word_1_751' title='bbox 1447 4766 1513 4836; x_wconf 81' lang='lat' dir='ltr'>Quis</span> <span class='ocrx_word' id='word_1_752' title='bbox 1535 4768 1632 4823; x_wconf 85' lang='lat' dir='ltr'>audeat</span> <span class='ocrx_word' id='word_1_753' title='bbox 1649 4769 1751 4835; x_wconf 89' lang='lat' dir='ltr'>dicere,</span> <span class='ocrx_word' id='word_1_754' title='bbox 1772 4767 1819 4823; x_wconf 81' lang='grc' dir='ltr'><strong>ιιι·</strong></span> 
     </span>
     <span class='ocr_line' id='line_1_52' title="bbox 190 4858 1818 4935; baseline -0.006 -13"><span class='ocrx_word' id='word_1_755' title='bbox 190 4865 250 4922; x_wconf 80' lang='lat' dir='ltr'>sola</span> <span class='ocrx_word' id='word_1_756' title='bbox 260 4865 327 4921; x_wconf 83' lang='lat' dir='ltr'>ildes</span> <span class='ocrx_word' id='word_1_757' title='bbox 348 4864 432 4931; x_wconf 81' lang='lat' dir='ltr'>deest,</span> <span class='ocrx_word' id='word_1_758' title='bbox 457 4878 506 4935; x_wconf 82' lang='lat' dir='ltr'>per</span> <span class='ocrx_word' id='word_1_759' title='bbox 518 4877 599 4933; x_wconf 86' lang='lat' dir='ltr'>quatu</span> <span class='ocrx_word' id='word_1_760' title='bbox 611 4860 657 4916; x_wconf 87' lang='lat' dir='ltr'>liat</span> <span class='ocrx_word' id='word_1_761' title='bbox 672 4860 817 4931; x_wconf 82' lang='lat' dir='ltr'>perlectus,</span> <span class='ocrx_word' id='word_1_762' title='bbox 834 4861 898 4932; x_wconf 83' lang='lat' dir='ltr'>quia</span> <span class='ocrx_word' id='word_1_763' title='bbox 910 4860 979 4916; x_wconf 87' lang='lat' dir='ltr'>nibil</span> <span class='ocrx_word' id='word_1_764' title='bbox 1031 4858 1114 4925; x_wconf 80' lang='lat' dir='ltr'>daeos,</span> <span class='ocrx_word' id='word_1_765' title='bbox 1139 4859 1185 4930; x_wconf 85' lang='lat' dir='ltr'>qui</span> <span class='ocrx_word' id='word_1_766' title='bbox 1205 4859 1232 4914; x_wconf 89' lang='lat' dir='ltr'>in</span> <span class='ocrx_word' id='word_1_767' title='bbox 1245 4859 1305 4931; x_wconf 73' lang='lat' dir='ltr'>lege</span> <span class='ocrx_word' id='word_1_768' title='bbox 1317 4869 1433 4929; x_wconf 83' lang='lat' dir='ltr'>peccant</span> <span class='ocrx_word' id='word_1_769' title='bbox 1454 4873 1508 4914; x_wconf 87' lang='lat' dir='ltr'>non</span> <span class='ocrx_word' id='word_1_770' title='bbox 1519 4874 1579 4914; x_wconf 82' lang='lat' dir='ltr'>csse</span> <span class='ocrx_word' id='word_1_771' title='bbox 1595 4858 1739 4928; x_wconf 84' lang='lat' dir='ltr'>perituros,</span> <span class='ocrx_word' id='word_1_772' title='bbox 1756 4871 1818 4913; x_wconf 88' lang='lat' dir='ltr'>curu</span> 
     </span>
     <span class='ocr_line' id='line_1_53' title="bbox 192 4944 1818 5027; baseline -0.006 -16"><span class='ocrx_word' id='word_1_773' title='bbox 192 4956 312 5027; x_wconf 78' lang='lat' dir='ltr'>proderit</span> <span class='ocrx_word' id='word_1_774' title='bbox 333 4954 369 5009; x_wconf 89' lang='lat' dir='ltr'>illi</span> <span class='ocrx_word' id='word_1_775' title='bbox 390 4954 460 5024; x_wconf 84' lang='lat' dir='ltr'>apttd</span> <span class='ocrx_word' id='word_1_776' title='bbox 475 4952 615 5007; x_wconf 87' lang='lat' dir='ltr'>Dominum</span> <span class='ocrx_word' id='word_1_777' title='bbox 642 4951 777 5007; x_wconf 86' lang='lat' dir='ltr'>abstinere</span> <span class='ocrx_word' id='word_1_778' title='bbox 792 4966 807 5006; x_wconf 83' lang='lat' dir='ltr'>a</span> <span class='ocrx_word' id='word_1_779' title='bbox 822 4950 977 5015; x_wconf 86' lang='lat' dir='ltr'>contrariis,</span> <span class='ocrx_word' id='word_1_780' title='bbox 1031 4951 1058 5005; x_wconf 92' lang='lat' dir='ltr'>in</span> <span class='ocrx_word' id='word_1_781' title='bbox 1076 4948 1214 5005; x_wconf 69' lang='lat' dir='ltr'>Christum</span> <span class='ocrx_word' id='word_1_782' title='bbox 1227 4965 1280 5004; x_wconf 91' lang='lat' dir='ltr'>non</span> <span class='ocrx_word' id='word_1_783' title='bbox 1292 4949 1466 5012; x_wconf 87' lang='lat' dir='ltr'>crediderint,</span> <span class='ocrx_word' id='word_1_784' title='bbox 1492 4947 1709 5018; x_wconf 84' lang='lat' dir='ltr'>quandoquidem</span> <span class='ocrx_word' id='word_1_785' title='bbox 1720 4945 1754 5000; x_wconf 88' lang='lat' dir='ltr'>de</span> <span class='ocrx_word' id='word_1_786' title='bbox 1765 4944 1818 5002; x_wconf 86' lang='lat' dir='ltr'>iilis</span> 
     </span>
     <span class='ocr_line' id='line_1_54' title="bbox 194 5034 1818 5112; baseline -0.006 -11"><span class='ocrx_word' id='word_1_787' title='bbox 194 5046 246 5101; x_wconf 82' lang='lat' dir='ltr'>nisi</span> <span class='ocrx_word' id='word_1_788' title='bbox 257 5048 335 5101; x_wconf 87' lang='lat' dir='ltr'>tidem</span> <span class='ocrx_word' id='word_1_789' title='bbox 350 5046 376 5098; x_wconf 94' lang='lat' dir='ltr'>in</span> <span class='ocrx_word' id='word_1_790' title='bbox 391 5044 474 5098; x_wconf 78' lang='lat' dir='ltr'>licum</span> <span class='ocrx_word' id='word_1_791' title='bbox 494 5042 639 5111; x_wconf 83' lang='lat' dir='ltr'>acceperit,</span> <span class='ocrx_word' id='word_1_792' title='bbox 652 5050 681 5095; x_wconf 93' lang='lat' dir='ltr'>ut</span> <span class='ocrx_word' id='word_1_793' title='bbox 698 5039 830 5110; x_wconf 83' lang='lat' dir='ltr'>sitjustus</span> <span class='ocrx_word' id='word_1_794' title='bbox 842 5056 890 5112; x_wconf 83' lang='lat' dir='ltr'>per</span> <span class='ocrx_word' id='word_1_795' title='bbox 900 5049 978 5096; x_wconf 88' lang='lat' dir='ltr'>utra·</span> <span class='ocrx_word' id='word_1_796' title='bbox 1031 5040 1194 5103; x_wconf 82' lang='lat' dir='ltr'>dictumest,</span> <span class='ocrx_word' id='word_1_797' title='bbox 1209 5054 1258 5110; x_wconf 85' lang='lat' dir='ltr'>per</span> <span class='ocrx_word' id='word_1_798' title='bbox 1269 5040 1354 5110; x_wconf 72' lang='lat' dir='ltr'>legem</span> <span class='ocrx_word' id='word_1_799' title='bbox 1367 5038 1559 5107; x_wconf 84' lang='lat' dir='ltr'>iudicabuntur</span> <span class='ocrx_word' id='word_1_800' title='bbox 1573 5046 1602 5091; x_wconf 91' lang='lat' dir='ltr'>ut</span> <span class='ocrx_word' id='word_1_801' title='bbox 1612 5037 1741 5106; x_wconf 78' lang='lat' dir='ltr'>pereunti</span> <span class='ocrx_word' id='word_1_802' title='bbox 1751 5034 1818 5092; x_wconf 86' lang='lat' dir='ltr'>Nam</span> 
     </span>
     <span class='ocr_line' id='line_1_55' title="bbox 193 5126 1819 5207; baseline -0.005 -18"><span class='ocrx_word' id='word_1_803' title='bbox 193 5151 257 5206; x_wconf 75' lang='lat' dir='ltr'>utre,</span> <span class='ocrx_word' id='word_1_804' title='bbox 281 5136 343 5204; x_wconf 77' lang='lat' dir='ltr'>quia</span> <span class='ocrx_word' id='word_1_805' title='bbox 356 5132 399 5188; x_wconf 84' lang='lat' dir='ltr'>illa</span> <span class='ocrx_word' id='word_1_806' title='bbox 416 5133 543 5203; x_wconf 82' lang='lat' dir='ltr'>temporis</span> <span class='ocrx_word' id='word_1_807' title='bbox 553 5133 657 5202; x_wconf 85' lang='lat' dir='ltr'>justitia</span> <span class='ocrx_word' id='word_1_808' title='bbox 667 5142 717 5197; x_wconf 86' lang='lat' dir='ltr'>est,</span> <span class='ocrx_word' id='word_1_809' title='bbox 732 5135 790 5189; x_wconf 78' lang='lat' dir='ltr'>bac</span> <span class='ocrx_word' id='word_1_810' title='bbox 806 5134 976 5189; x_wconf 77' lang='lat' dir='ltr'>aetemitatis.</span> <span class='ocrx_word' id='word_1_811' title='bbox 1031 5130 1054 5184; x_wconf 91' lang='lat' dir='ltr'>si</span> <span class='ocrx_word' id='word_1_812' title='bbox 1074 5130 1151 5200; x_wconf 76' lang='lat' dir='ltr'>peior</span> <span class='ocrx_word' id='word_1_813' title='bbox 1169 5131 1222 5185; x_wconf 90' lang='lat' dir='ltr'>erit</span> <span class='ocrx_word' id='word_1_814' title='bbox 1242 5131 1364 5207; x_wconf 79' lang='lat' dir='ltr'>conditio</span> <span class='ocrx_word' id='word_1_815' title='bbox 1385 5128 1559 5183; x_wconf 81' lang='lat' dir='ltr'>nescientium</span> <span class='ocrx_word' id='word_1_816' title='bbox 1576 5142 1655 5196; x_wconf 86' lang='lat' dir='ltr'>qtrurn</span> <span class='ocrx_word' id='word_1_817' title='bbox 1677 5126 1819 5181; x_wconf 85' lang='lat' dir='ltr'>scientium</span> 
     </span>
     <span class='ocr_line' id='line_1_56' title="bbox 194 5216 1820 5295; baseline -0.004 -15"><span class='ocrx_word' id='word_1_818' title='bbox 194 5225 293 5295; x_wconf 69' lang='lat' dir='ltr'>torio.)</span> <span class='ocrx_word' id='word_1_819' title='bbox 307 5223 383 5292; x_wconf 85' lang='lat' dir='ltr'>Quod</span> <span class='ocrx_word' id='word_1_820' title='bbox 397 5238 461 5278; x_wconf 86' lang='lat' dir='ltr'>tero</span> <span class='ocrx_word' id='word_1_821' title='bbox 472 5224 595 5295; x_wconf 75' lang='lat' dir='ltr'>gratiore</span> <span class='ocrx_word' id='word_1_822' title='bbox 608 5225 740 5278; x_wconf 87' lang='lat' dir='ltr'>sententia</span> <span class='ocrx_word' id='word_1_823' title='bbox 753 5225 857 5293; x_wconf 83' lang='lat' dir='ltr'>percuti</span> <span class='ocrx_word' id='word_1_824' title='bbox 872 5224 979 5278; x_wconf 85' lang='lat' dir='ltr'>ridetur</span> <span class='ocrx_word' id='word_1_825' title='bbox 1031 5222 1116 5290; x_wconf 74' lang='lat' dir='ltr'>legem</span> <span class='ocrx_word' id='word_1_826' title='bbox 1132 5221 1192 5286; x_wconf 83' lang='lat' dir='ltr'>liei,</span> <span class='ocrx_word' id='word_1_827' title='bbox 1210 5221 1347 5293; x_wconf 85' lang='lat' dir='ltr'>quomodo</span> <span class='ocrx_word' id='word_1_828' title='bbox 1365 5234 1458 5273; x_wconf 89' lang='lat' dir='ltr'>rerum</span> <span class='ocrx_word' id='word_1_829' title='bbox 1475 5219 1527 5274; x_wconf 87' lang='lat' dir='ltr'>erit</span> <span class='ocrx_word' id='word_1_830' title='bbox 1545 5218 1616 5289; x_wconf 78' lang='lat' dir='ltr'>urtud</span> <span class='ocrx_word' id='word_1_831' title='bbox 1633 5219 1659 5273; x_wconf 92' lang='lat' dir='ltr'>in</span> <span class='ocrx_word' id='word_1_832' title='bbox 1676 5216 1820 5287; x_wconf 79' lang='lat' dir='ltr'>Evangelio</span> 
     </span>
     <span class='ocr_line' id='line_1_57' title="bbox 194 5306 1820 5386; baseline -0.007 -14"><span class='ocrx_word' id='word_1_833' title='bbox 194 5316 218 5372; x_wconf 90' lang='lat' dir='ltr'>is</span> <span class='ocrx_word' id='word_1_834' title='bbox 242 5315 288 5386; x_wconf 81' lang='lat' dir='ltr'>qui</span> <span class='ocrx_word' id='word_1_835' title='bbox 312 5316 372 5370; x_wconf 90' lang='lat' dir='ltr'>sine</span> <span class='ocrx_word' id='word_1_836' title='bbox 395 5314 453 5385; x_wconf 76' lang='lat' dir='ltr'>lege</span> <span class='ocrx_word' id='word_1_837' title='bbox 491 5313 654 5385; x_wconf 81' lang='lat' dir='ltr'>peccaverit,</span> <span class='ocrx_word' id='word_1_838' title='bbox 688 5313 816 5381; x_wconf 85' lang='lat' dir='ltr'>quoniam</span> <span class='ocrx_word' id='word_1_839' title='bbox 839 5312 978 5382; x_wconf 86' lang='lat' dir='ltr'>periturus</span> <span class='ocrx_word' id='word_1_840' title='bbox 1033 5310 1162 5365; x_wconf 86' lang='lat' dir='ltr'>Dominus</span> <span class='ocrx_word' id='word_1_841' title='bbox 1186 5311 1245 5364; x_wconf 89' lang='lat' dir='ltr'>ait:</span> <span class='ocrx_word' id='word_1_842' title='bbox 1267 5307 1362 5363; x_wconf 74' lang='lat' dir='ltr'>Seruus</span> <span class='ocrx_word' id='word_1_843' title='bbox 1381 5307 1424 5379; x_wconf 81' lang='lat' dir='ltr'>qui</span> <span class='ocrx_word' id='word_1_844' title='bbox 1443 5311 1523 5362; x_wconf 80' lang='lat' dir='ltr'>nutrit</span> <span class='ocrx_word' id='word_1_845' title='bbox 1540 5307 1696 5362; x_wconf 83' lang='lat' dir='ltr'>uoluntatem</span> <span class='ocrx_word' id='word_1_846' title='bbox 1720 5306 1820 5361; x_wconf 87' lang='lat' dir='ltr'>domiui</span> 
     </span>
     <span class='ocr_line' id='line_1_58' title="bbox 193 5395 1784 5479; baseline -0.006 -18"><span class='ocrx_word' id='word_1_847' title='bbox 193 5405 391 5479; x_wconf 80' lang='lat' dir='ltr'>pronuntiatur,</span> <span class='ocrx_word' id='word_1_848' title='bbox 424 5404 601 5473; x_wconf 86' lang='lat' dir='ltr'>carnotique</span> <span class='ocrx_word' id='word_1_849' title='bbox 636 5410 664 5457; x_wconf 88' lang='lat' dir='ltr'>et</span> <span class='ocrx_word' id='word_1_850' title='bbox 687 5402 860 5458; x_wconf 86' lang='lat' dir='ltr'>miseratione</span> <span class='ocrx_word' id='word_1_851' title='bbox 883 5403 980 5473; x_wconf 78' lang='lat' dir='ltr'>abonis</span> <span class='ocrx_word' id='word_1_852' title='bbox 1031 5404 1083 5469; x_wconf 74' lang='lat' dir='ltr'>sui,</span> <span class='ocrx_word' id='word_1_853' title='bbox 1099 5399 1520 5473; x_wconf 69' lang='lat' dir='ltr'>etsucitdiyuoplauititopulolrit</span> <span class='ocrx_word' id='word_1_854' title='bbox 1534 5395 1784 5471; x_wconf 58' lang='lat' dir='ltr'>autorisabant),</span> 
     </span>
     <span class='ocr_line' id='line_1_59' title="bbox 192 5490 1823 5566; baseline -0.004 -16"><span class='ocrx_word' id='word_1_855' title='bbox 192 5496 292 5564; x_wconf 78' lang='lat' dir='ltr'>‹lignus</span> <span class='ocrx_word' id='word_1_856' title='bbox 304 5493 433 5555; x_wconf 80' lang='lat' dir='ltr'>rideatur,</span> <span class='ocrx_word' id='word_1_857' title='bbox 444 5493 490 5562; x_wconf 83' lang='lat' dir='ltr'>qui</span> <span class='ocrx_word' id='word_1_858' title='bbox 502 5490 635 5560; x_wconf 78' lang='lat' dir='ltr'>atljutorlo</span> <span class='ocrx_word' id='word_1_859' title='bbox 651 5504 704 5546; x_wconf 89' lang='lat' dir='ltr'>non</span> <span class='ocrx_word' id='word_1_860' title='bbox 716 5507 781 5548; x_wconf 88' lang='lat' dir='ltr'>usus</span> <span class='ocrx_word' id='word_1_861' title='bbox 796 5501 838 5547; x_wconf 88' lang='lat' dir='ltr'>cst</span> <span class='ocrx_word' id='word_1_862' title='bbox 847 5492 925 5562; x_wconf 76' lang='lat' dir='ltr'>legis,</span> <span class='ocrx_word' id='word_1_863' title='bbox 940 5494 980 5547; x_wconf 84' lang='lat' dir='ltr'>ri·</span> <span class='ocrx_word' id='word_1_864' title='bbox 1069 5494 1104 5549; x_wconf 83' lang='lat' dir='ltr'>Et</span> <span class='ocrx_word' id='word_1_865' title='bbox 1118 5495 1262 5566; x_wconf 78' lang='lat' dir='ltr'>quicunque</span> <span class='ocrx_word' id='word_1_866' title='bbox 1276 5495 1303 5548; x_wconf 84' lang='lat' dir='ltr'>t&#39;u</span> <span class='ocrx_word' id='word_1_867' title='bbox 1317 5493 1372 5564; x_wconf 70' lang='lat' dir='ltr'>lene</span> <span class='ocrx_word' id='word_1_868' title='bbox 1382 5502 1560 5564; x_wconf 82' lang='lat' dir='ltr'>peccauerunt,</span> <span class='ocrx_word' id='word_1_869' title='bbox 1572 5509 1618 5563; x_wconf 83' lang='lat' dir='ltr'>per</span> <span class='ocrx_word' id='word_1_870' title='bbox 1626 5491 1705 5563; x_wconf 70' lang='lat' dir='ltr'>lenem</span> <span class='ocrx_word' id='word_1_871' title='bbox 1712 5490 1823 5562; x_wconf 77' lang='lat' dir='ltr'>judico·</span> 
     </span>
     <span class='ocr_line' id='line_1_60' title="bbox 193 5576 1819 5655; baseline -0.004 -16"><span class='ocrx_word' id='word_1_872' title='bbox 193 5587 308 5641; x_wconf 85' lang='lat' dir='ltr'>tleantus</span> <span class='ocrx_word' id='word_1_873' title='bbox 320 5584 430 5655; x_wconf 82' lang='lat' dir='ltr'>nequid</span> <span class='ocrx_word' id='word_1_874' title='bbox 442 5584 551 5651; x_wconf 88' lang='lat' dir='ltr'>iterum,</span> <span class='ocrx_word' id='word_1_875' title='bbox 566 5593 595 5640; x_wconf 94' lang='lat' dir='ltr'>ut</span> <span class='ocrx_word' id='word_1_876' title='bbox 610 5584 637 5639; x_wconf 94' lang='lat' dir='ltr'>in</span> <span class='ocrx_word' id='word_1_877' title='bbox 655 5584 760 5640; x_wconf 78' lang='lat' dir='ltr'>caeteris</span> <span class='ocrx_word' id='word_1_878' title='bbox 774 5584 923 5651; x_wconf 87' lang='lat' dir='ltr'>docuimus,</span> <span class='ocrx_word' id='word_1_879' title='bbox 941 5585 981 5640; x_wconf 89' lang='lat' dir='ltr'>di·</span> <span class='ocrx_word' id='word_1_880' title='bbox 1034 5586 1138 5639; x_wconf 84' lang='lat' dir='ltr'>iuutur.</span> <span class='ocrx_word' id='word_1_881' title='bbox 1166 5583 1281 5654; x_wconf 72' lang='lat' dir='ltr'>(ambr.)</span> <span class='ocrx_word' id='word_1_882' title='bbox 1303 5583 1435 5651; x_wconf 83' lang='lat' dir='ltr'>Quoniam</span> <span class='ocrx_word' id='word_1_883' title='bbox 1460 5581 1543 5641; x_wconf 76' lang='lat' dir='ltr'>tuum</span> <span class='ocrx_word' id='word_1_884' title='bbox 1561 5581 1644 5653; x_wconf 79' lang='lat' dir='ltr'>legem</span> <span class='ocrx_word' id='word_1_885' title='bbox 1662 5581 1770 5645; x_wconf 79' lang='lat' dir='ltr'>babent,</span> <span class='ocrx_word' id='word_1_886' title='bbox 1790 5576 1819 5634; x_wconf 87' lang='lat' dir='ltr'>io</span> 
     </span>
    </p>
   </div>
   <div class='ocr_carea' id='block_1_3' title="bbox 512 5786 530 5829">
    <p class='ocr_par' dir='ltr' id='par_1_3' title="bbox 512 5786 530 5829">
     <span class='ocr_line' id='line_1_61' title="bbox 512 5786 530 5829; baseline 0 0"><span class='ocrx_word' id='word_1_887' title='bbox 512 5786 530 5829; x_wconf 60' lang='lat' dir='ltr'>b</span> 
     </span>
    </p>
   </div>
   <div class='ocr_carea' id='block_1_4' title="bbox 0 0 2034 6196">
    <p class='ocr_par' dir='ltr' id='par_1_4' title="bbox 0 0 2034 6196">
     <span class='ocr_line' id='line_1_62' title="bbox 0 0 2034 6196; baseline 0 0"><span class='ocrx_word' id='word_1_888' title='bbox 0 0 2034 6196; x_wconf 95' lang='lat' dir='ltr'> </span> 
     </span>
    </p>
   </div>
  </div>
 </body>
</html>
