4042 6200
176 307 247 367 tiri
618 300 798 362 exeomrtu
816 304 928 362 suren
945 302 1128 361 tunninio.
1147 335 1180 346 -
1200 305 1264 361 cre.
1284 305 1365 362 nin.
1728 312 1797 370 ,ιη

172 422 255 478 debat
277 420 305 477 itt
325 416 433 475 lericlto
462 418 490 474 in
512 417 629 475 latrones
655 419 781 475 incidisse
799 418 960 475 describitur
972 420 995 479 Α
1007 418 1137 488 judicium
1155 419 1225 474 inter
1237 420 1323 475 virum
1335 430 1363 475 et
1375 422 1527 493 proximum
1541 422 1610 494 ejus,
1636 425 1754 493 adtente,
1768 437 1795 482 et

172 511 255 585 (buc.
266 508 310 581 x).
324 509 527 579 apprehensum
547 523 611 580 ergo
626 524 716 579 regem
739 507 907 565 adduxerunt
926 509 961 564 ad
1009 508 1109 571 viduae,
1125 516 1152 562 et
1164 506 1263 578 pupillo
1275 525 1328 564 non
1342 510 1460 566 feceritis
1473 512 1648 580 calumniam,
1663 530 1713 570 nec
1733 533 1793 571 san·

172 619 266 675 regem
277 600 456 673 Babylonisin
469 599 609 665 lieblatba,
624 601 669 673 qui
682 602 839 657 locutusest
856 616 916 655 cum
927 614 959 657 eo
1009 598 1116 669 guinem
1131 598 1458 655 inireeentemeiluderitis
1473 601 1500 655 in
1524 600 1584 657 loco
1601 604 1664 669 lioc,
1684 614 1712 659 et
1734 613 1795 675 post

168 693 311 767 iudicium,
326 694 378 748 boc
392 702 444 758 est,
464 693 564 762 justum
588 693 614 746 in
627 707 665 748 ,eo
687 694 808 749 exercuit
817 692 958 763 judicium.
1009 690 1074 744 dees
1091 687 1194 743 alienos
1207 704 1261 742 non
1273 686 1474 744 ambulaveritis
1493 690 1520 745 in
1534 691 1633 746 maium
1646 694 1793 749 vobismet·

174 804 184 836 r
199 783 282 840 Filios
296 792 385 839 autem
401 781 540 837 sedechiae
553 783 650 838 eccidit
663 797 754 838 coram
767 798 810 848 eo,
827 790 855 837 ct
867 782 959 839 oculos
1009 777 1095 848 lotis:
1111 777 1240 833 habitabo
1251 778 1389 833 vobiscum
1401 778 1428 832 in
1445 778 1576 845 tocoisto,
1588 781 1697 836 interra
1712 798 1792 852 quam

171 876 230 942 eins
252 874 354 940 effodit,
372 873 511 947 vinxitque
541 889 602 928 euin
619 875 721 930 catenis
742 881 770 928 et
789 875 900 929 adduxit
931 875 958 929 in
1008 869 1584 942 dedipatribusrestrisasaecnloetusque
1602 873 1629 927 iu
1652 877 1792 931 sacculum.

170 966 343 1038 Babylonem.
360 986 368 1017 r
382 963 487 1039 (Greg.)
502 966 569 1020 llum
579 982 655 1021 sacm
669 965 808 1036 Scriptura
820 965 958 1025 Sedecltita
1007 959 1078 1014 Εθθθ
1093 976 1141 1017 108
1152 961 1508 1019 0011Γ11Ῐὶ115111301111011111115
1523 965 1666 1032 111θῦ111111,
1678 969 1724 1038 <issi
1739 984 1795 1023 ⁰⁰¹1

170 1057 354 1126 captivitatem
368 1065 469 1118 narrat,
481 1056 602 1111 ordinem
613 1057 897 1126 captivitatistmernae
908 1061 956 1117 de-
1006 1053 1155 1122 proderunt
1167 1053 1254 1116 101118,
1267 1052 1362 1119 iurari,
1374 1054 1508 1121 occidere,
1519 1056 1683 1125 adulterare,
1701 1060 1795 1129 iurare

170 1147 288 1202 nuntiat.
307 1146 363 1200 lter
377 1147 475 1220 quippe
485 1145 629 1217 Babylonis
648 1156 691 1203 est
712 1149 838 1218 antiquus
859 1149 954 1216 hostis,
1006 1144 1184 1210 mendaciter,
1197 1144 1282 1199 libare
1294 1143 1406 1208 Baalim,
1423 1155 1451 1198 et
1466 1145 1505 1200 ire
1525 1156 1588 1217 post
1604 1147 1669 1203 dces
1689 1150 1792 1204 alienos

169 1252 312 1309 possessor
333 1236 434 1292 intimae
449 1237 625 1303 conltrsionis,
639 1238 683 1308 qui
700 1239 776 1310 prins
800 1239 869 1296 llllos
892 1249 957 1297 ante
1006 1254 1075 1310 ques
1090 1240 1228 1310 ignoratis,
1245 1240 1393 1295 circuistis
1408 1241 1558 1296 etstctistls
1582 1257 1672 1297 eoram
1698 1258 1741 1296 nio
1764 1243 1791 1297 in

170 1330 299 1389 intuentis
313 1328 405 1384 oeulos
416 1329 568 1393 trucidarit,
580 1329 642 1399 qula
655 1344 725 1400 saepe
741 1331 780 1385 sic
791 1332 861 1385 bona
874 1348 955 1403 opera
1006 1331 1157 1395 (lemniae,
1173 1330 1199 1385 in
1211 1346 1264 1401 qua
1280 1331 1431 1386 invocatum
1444 1340 1486 1386 est
1507 1347 1604 1387 nomen
1628 1348 1716 1387 meum
1740 1348 1748 1387 ε
1765 1342 1793 1387 et

169 1420 309 1484 interlicit,
324 1426 354 1472 ut
379 1419 436 1474 brec
458 1434 488 1474 se
510 1420 633 1475 amittere
648 1419 715 1490 ipse,
735 1421 780 1490 qui
794 1429 888 1491 captus
914 1431 956 1479 est
1005 1422 1113 1478 dixistis
1127 1440 1133 1477 :
1146 1422 1264 1477 Liberati
1279 1438 1384 1489 sumus,
1396 1438 1430 1478 co
1445 1425 1516 1496 quod
1531 1424 1677 1480 fecerimus
1696 1442 1792 1481 orrrncs

168 1512 278 1567 animus
292 1510 384 1566 dolens
404 1518 507 1566 eerriat.
536 1509 602 1565 llam
617 1526 678 1577 cum
695 1512 777 1584 gemit
798 1513 956 1585 plerumque
1004 1511 1219 1567 abominationes
1235 1512 1311 1567 istas.
1337 1512 1370 1567 m
1397 1528 1469 1569 nunc
1493 1514 1556 1582 utria
1579 1515 1680 1570 fecistis
1703 1518 1793 1570 omnia

169 1603 287 1666 animus,
301 1610 328 1656 et
343 1609 431 1656 tamen
443 1600 599 1657 carnissure
612 1601 833 1663 delectationibus
856 1604 953 1672 rictus,
1004 1615 1089 1671 opera
1104 1600 1252 1666 haecdicit
1270 1602 1408 1667 llomlnns,
1432 1612 1459 1659 et
1480 1603 1585 1660 loeutus
1605 1621 1664 1660 snm
1684 1607 1717 1661 ad
1744 1621 1791 1662 rus

168 1693 239 1749 berra
265 1692 311 1762 quii
338 1692 429 1763 genuit
454 1706 548 1747 amans
571 1693 696 1763 perdidit,
718 1708 828 1763 eaquae
854 1694 955 1764 patitur
1005 1711 1084 1752 mane
1094 1711 1258 1767 consurgens
1275 1705 1304 1753 ct
1322 1696 1444 1775 inquens,
1470 1705 1574 1753 elnon
1599 1697 1710 1755 audistis
1722 1699 1792 1753 :la-

168 1782 266 1835 damna
281 1781 443 1847 considerat,
454 1796 505 1836 nec
516 1790 605 1836 tamen
621 1783 727 1838 uirtutis
737 1784 875 1839 brachium
891 1799 955 1841 eon·
968 1765 991 1825 Β
1005 1789 1074 1843 eiam
1084 1788 1175 1843 domui
1184 1788 1257 1855 huic,
1267 1788 1293 1843 in
1304 1804 1357 1858 qua
1369 1789 1520 1845 invocatum
1530 1796 1572 1844 cst
1586 1803 1789 1855 nomcnmcnm,

167 1881 211 1928 tra
223 1889 311 1945 regern
326 1873 471 1945 babylonis
485 1873 566 1938 levat,
577 1875 623 1929 sed
637 1874 700 1929 dum
721 1876 814 1931 ridens
830 1872 955 1947 nequitia
1005 1887 1033 1934 et
1057 1879 1083 1932 iu
1109 1893 1161 1947 qua
1187 1892 1236 1933 ros
1263 1878 1368 1933 babetis
1393 1876 1519 1935 tidncianr
1541 1878 1599 1932 loeo
1622 1892 1702 1949 quem
1729 1878 1790 1934 deli

167 1966 366 2039 perpetratione
373 1967 529 2035 percurritur,
543 1967 577 2021 ad
599 1966 650 2021 boc
669 1966 828 2037 quandoque
851 1968 953 2037 peceati
1004 1969 1082 2023 vobis
1092 1976 1118 2023 et
1130 1968 1252 2038 patribus
1263 1968 1371 2034 vestris,
1386 1968 1456 2023 sicut
1469 1965 1519 2021 leci
1533 1966 1599 2033 Silo,
1611 1977 1638 2023 et
1650 1968 1789 2039 projiciam

167 2075 217 2113 usn
231 2058 400 2129 producitur,
410 2068 437 2113 ut
451 2059 507 2129 ipso
520 2073 627 2129 quoque
639 2059 752 2115 rationis
771 2059 872 2115 lumine
899 2060 955 2131 pri·
1002 2073 1051 2114 ros
1069 2076 1085 2113 a
1105 2059 1174 2114 iacie
1186 2073 1257 2124 mea,
1277 2059 1457 2135 sicutproieei
1468 2073 1563 2117 omnes
1580 2060 1792 2117 tratresvestros

165 2161 254 2206 retur.
269 2151 346 2207 Unde
359 2151 504 2225 Rabylonis
520 2166 566 2206 rex
578 2167 610 2207 ex
622 2152 811 2222 eunctisprius
825 2152 887 2207 liliis
905 2152 954 2208 Se-
1003 2153 1158 2207 urrirersum
1173 2167 1265 2211 semen
1276 2151 1406 2223 Ephraim
1427 2150 1499 2225 (ier.
1524 2151 1588 2223 ru).
1605 2171 1614 2204 i
1637 2151 1717 2208 lenit
1736 2151 1788 2206 Na-

164 2243 269 2298 derbiae
278 2242 369 2299 oculos
383 2243 465 2308 eruit,
485 2243 548 2313 qiria
572 2241 704 2315 malignus
722 2241 832 2312 spiritus
853 2244 953 2300 subdu·
1001 2243 1150 2307 buzardan,
1162 2244 1208 2312 qui
1219 2243 1416 2313 interpretatur
1432 2240 1624 2308 ventilabrum,
1648 2241 1705 2298 sire
1726 2257 1789 2313 pro-

164 2336 217 2390 ctis
230 2336 305 2406 prins
327 2334 404 2390 lionis
428 2335 554 2409 operibus
575 2342 634 2403 post
660 2331 841 2404 intelligentiae
861 2332 951 2393 lumea
1001 2333 1092 2404 plietia
1101 2332 1180 2388 alieni
1189 2332 1293 2404 judieii,
1307 2332 1381 2404 juste
1391 2332 1424 2389 de
1434 2330 1539 2400 jndicio
1560 2346 1642 2403 super
1666 2341 1789 2403 peecato-

164 2426 245 2483 tollit.
269 2426 345 2495 Quod
366 2434 438 2480 recte
457 2424 603 2481 Sedecbias
628 2424 655 2479 in
667 2474 671 2479 .
682 2423 814 2481 lieblatba
838 2425 949 2494 patitur.
1001 2438 1046 2478 res
1058 2439 1065 2477 ε
1078 2423 1305 2494 princepsntique
1316 2423 1451 2478 exercitus
1462 2422 1533 2494 regis
1543 2421 1694 2493 babylonis,
1707 2438 1789 2494 super

165 2515 297 2571 lieblatlia
321 2516 418 2587 quippe
439 2515 589 2573 multabere
603 2516 796 2586 iuterpretatur
812 2533 819 2569 :
833 2524 861 2571 et
878 2516 950 2571 enim
1001 2511 1167 2568 Hierusalem
1183 2511 1389 2583 intelligibilem,
1410 2521 1437 2567 et
1451 2511 1591 2567 succendit
1607 2512 1715 2568 domina
1735 2512 1787 2570 ilo·

165 2606 324 2676 qnanduque
343 2615 370 2660 et
385 2606 474 2659 lumen
496 2605 609 2661 rationis
630 2604 772 2668 clauditur,
796 2604 843 2679 qui
866 2620 950 2676 prato
1001 2601 1068 2656 mini
1082 2619 1089 2657 :
1101 2616 1162 2657 cum
1175 2601 1302 2670 antiquus
1317 2601 1473 2673 bostisqui
1495 2610 1523 2659 ct
1544 2616 1591 2659 ret
1610 2602 1786 2669 confusionis.

166 2712 216 2752 usu
229 2712 262 2751 cx
272 2695 420 2765 iniquitatis
432 2712 486 2752 sum
500 2696 670 2752 multitudine
680 2705 818 2769 gratatur.
833 2717 842 2749 r
859 2695 891 2751 Et
906 2697 950 2753 ad-
1000 2701 1029 2747 et
1041 2692 1165 2762 princeps
1176 2692 1295 2748 omnium
1311 2691 1463 2763 iniquorum
1474 2700 1527 2759 est,
1541 2702 1595 2748 tarn
1610 2694 1786 2764 malignorum

163 2791 241 2845 duxit
250 2806 311 2845 eum
326 2806 372 2845 rer
383 2789 558 2862 Babylonisin
569 2788 741 2862 Babylonem,
752 2799 779 2843 et
789 2789 948 2862 posuileum
999 2784 1127 2839 nimirum
1137 2783 1290 2852 spirituum,
1298 2799 1379 2854 quam
1389 2784 1471 2838 etiam
1482 2785 1624 2855 inrpinrmn
1638 2785 1786 2851 bominum,

162 2882 191 2941 iu
207 2881 315 2938 domum
334 2882 451 2940 carceris
472 2897 556 2953 nsque
576 2883 611 2939 ad
635 2883 704 2937 diem
725 2883 820 2939 mortis
840 2881 907 2953 ejus.
935 2902 945 2941 t
999 2878 1104 2949 plebem
1118 2878 1219 2937 invadit
1234 2877 1362 2946 tidelium,
1375 2886 1402 2935 et
1415 2879 1523 2934 dentum
1540 2879 1620 2951 regis,
1646 2887 1673 2939 et
1694 2881 1787 2936 domos

163 2968 309 3043 Postquam
322 2972 395 3028 enim
417 2973 506 3028 anima
525 2972 553 3031 in
573 2971 759 3028 confusionem
772 2984 946 3045 peccatorum
999 2966 1177 3034 Hierusalem,
1187 2968 1214 3023 iu
1228 2977 1281 3034 est,
1295 2975 1423 3034 rectorctt,
1442 2979 1469 3025 ct
1491 2984 1539 3026 eos
1560 2971 1606 3043 qui
1625 2970 1787 3027 ¹ridebantur

161 3065 251 3124 tincta
276 3065 447 3136 compedibus
466 3065 592 3123 vitiorum
615 3081 664 3137 per
686 3065 817 3139 malignos
836 3066 948 3140 spiritus
1000 3058 1027 3114 in
1044 3058 1545 3130 118101111110ίὸ11131θηὶΰῦ11111111105
1564 3061 1710 3134 cupiditate
1724 3062 1787 3119 sub·

161 3155 301 3211 adducitur
312 3156 339 3210 in
352 3156 460 3210 domurn
471 3157 599 3223 carceris,
612 3170 697 3228 usquc
710 3157 743 3211 ad
754 3157 827 3213 diem
854 3159 948 3215 mortis
999 3152 1384 3224 verlll³⁰ss¹nessttlu⁰d⁰tss¹¹ffl
1396 3153 1788 3228 combusslllssnbttthtullitts·

162 3246 280 3318 porrum,
292 3246 354 3317 qrria
370 3245 396 3301 in
410 3247 534 3317 angustia
545 3247 652 3315 trientis,
665 3257 692 3304 et
701 3263 755 3304 non
770 3250 796 3304 in
808 3249 948 3306 latitudine
999 3242 1129 3315 ctittsque
1152 3245 1318 3300 conscientia
1345 3260 1394 3316 per
1417 3243 1553 3301 flammam
1578 3246 1663 3304 illiciti
1685 3247 1786 3303 ameris

160 3339 250 3395 cerdis
264 3337 420 3402 recluditur,
441 3338 468 3392 iu
489 3338 529 3392 im
547 3340 642 3395 mortis
662 3339 761 3397 loturae
785 3339 949 3398 sententiam
997 3334 1138 3403 l>erlurbal
1154 3343 1303 3392 ῐ1111111108
1315 3333 1480 3394 ffleffltalettl
1493 3338 1643 3396 incircuitu
1655 3340 1786 3396 destruit:

160 3435 307 3499 exspectet.
998 3439 1060 3479 cum
1074 3425 1250 3490 intentionem
1263 3425 1404 3494 orationis,
1415 3435 1443 3482 et
1454 3426 1583 3484 virtutum
1607 3429 1704 3494 stndia,
1725 3443 1785 3499 qiua

200 3538 209 3570 r
230 3520 259 3575 ln
273 3536 365 3578 mense
378 3529 468 3578 auram
483 3521 587 3591 quinio,
600 3521 755 3579 declinante
769 3524 878 3590 mensis,
891 3524 948 3595 ipse
997 3521 1092 3569 contra
1105 3529 1134 3569 se
1149 3512 1239 3572 calere
1254 3516 1335 3581 norit,
1350 3516 1378 3571 in
1389 3516 1595 3587 desperantibus
1607 3517 1739 3583 dissolvit,
1751 3533 1786 3572 ne

163 3631 173 3663 r
193 3619 233 3666 est
246 3626 333 3668 annus
344 3612 562 3670 nonusdecimus
585 3611 857 3670 Naburlrodonesoris
877 3615 948 3687 regis
997 3617 1135 3674 1111111111
1149 3604 1235 3660 1111111
1245 3604 1279 3660 id
1293 3605 1382 3660 11111111
1396 3614 1555 3661 succumbi
1567 3605 1679 3673 11111111,
1688 3615 1716 3662 tl
1724 3622 1787 3662 101·

164 3722 173 3753 ι
192 3700 347 3773 babylonis,
357 3703 431 3760 venit
447 3702 623 3760 Nabuaardan
635 3705 759 3776 princeps
774 3705 885 3773 militiae,
900 3706 948 3779 qui
999 3700 1126 3756 tetli⁰¹¹i⁸
1138 3700 1200 3755 11111
1209 3701 1411 3772 apprehendant
1428 3701 1588 3767 1111111111ῑῦ11»
1604 3700 1789 3772 populumque

164 3811 175 3846 r
191 3794 280 3849 stabat
294 3809 386 3850 coram
399 3810 463 3868 rege
474 3794 618 3867 Babylonis
632 3796 659 3850 in
672 3796 851 3866 Hierusalem,
867 3806 894 3854 et
910 3798 949 3854 in·
998 3790 1025 3846 ln
1036 3793 1218 3863 captivitatem
1228 3792 1360 3848 ducens-t
1376 3791 1667 3863 Deteupetibtslertae
1677 3790 1786 3863 reliquit

164 3908 175 3941 r
193 3891 281 3946 cendit
297 3892 403 3947 dornunr
418 3892 534 3958 Domini,
547 3902 575 3949 et
590 3895 697 3949 domum
711 3895 792 3964 regis,
812 3902 839 3950 et
852 3910 947 3956 omncs
997 3882 1305 3954 1111110111111181110111
1318 3900 1324 3936 ³
1342 3882 1428 3953 iouia
1441 3896 1498 3947 ⁶⁰⁸2
1511 3881 1556 3951 qni
1569 3881 1648 3937 1111115
1659 3882 1741 3936 verbi)
1753 3889 1782 3937 111

165 3982 287 4038 «sturnos
312 3982 491 4050 Hierusalem,
510 3992 538 4040 ει
559 3999 669 4042 omnem
687 3985 795 4040 domum
822 4000 947 4055 magnam
997 3973 1120 4043 exemplo
1129 3988 1189 4030 esse
1200 3979 1333 4045 poterant,
1351 3988 1399 4044 per
1417 3973 1482 4028 ritia
1494 3973 1634 4045 captivatis
1646 3974 1736 4030 stultis
1757 3984 1785 4030 et

164 4088 175 4121 r
195 4069 254 4142 igne
263 4069 421 4137 combussit,
435 4079 463 4126 et
477 4080 562 4127 totum
583 4057 876 4128 murum'llierusalem
898 4087 948 4143 per
996 4065 1140 4122 hebetibus
1159 4064 1333 4121 commendat
1346 4065 1556 4138 agriculturam:
1570 4074 1703 4136 qnatenus
1729 4083 1784 4123 noir

164 4181 174 4213 ι
192 4161 332 4216 circuitum
342 4162 475 4218 destruxit
486 4172 598 4219 cunctus
607 4163 945 4233 ererctmscnatuaorum,
996 4156 1087 4211 vinum
1099 4155 1193 4227 8111118
1203 4155 1340 4226 spitualis.
1355 4155 1784 4214 111111111111111511133110111111118

164 4250 238 4320 iqui
260 4258 318 4306 erat
349 4267 409 4306 cum
437 4253 566 4325 maglslio
588 4253 700 4309 miiitiae,
725 4253 764 4308 Do
786 4255 946 4325 pauperibus
996 4246 1024 4301 in
1039 4246 1164 4303 vinciaci
1178 4247 1422 4317 agrispoptllontnl
1437 4245 1676 4305 irucliiloenizsed
1699 4245 1785 4318 tpinoe

164 4357 174 4391 ι
193 4351 283 4396 autem
293 4342 393 4411 populi,
407 4342 478 4397 etde
494 4342 596 4413 reliquo
607 4343 696 4416 vulgo,
710 4344 782 4415 quod
808 4360 945 4402 remanse·
996 4338 1082 4410 magis
1095 4347 1122 4395 el
1136 4339 1227 4394 tribuli
1238 4340 1364 4396 tiliorum
1374 4351 1543 4400 excrescant.

164 4448 175 4483 r
196 4439 237 4485 rat
248 4430 274 4486 ia
287 4431 405 4497 civitate,
427 4441 455 4487 ct
474 4432 506 4488 de
522 4432 654 4506 perfugis,
675 4435 722 4504 qui
746 4434 985 4520 transfugerant„
1036 4430 1203 4486 «Columnis
1217 4446 1322 4500 titoque
1335 4446 1428 4497 oetetsr
1439 4441 1587 4503 tluaetttssl
1600 4432 1627 4487 111
1636 4432 1716 4488 (letto
1730 4431 1787 4487 ⁰⁰*

163 4539 175 4575 e
194 4522 227 4576 ad
240 4536 328 4594 regem
352 4522 506 4595 Babylonis,
533 4532 560 4579 et
583 4532 695 4581 caeteros
719 4523 753 4579 de
773 4525 945 4583 multitudine

164 4613 327 4669 «transtulit
342 4613 517 4670 Nabuzardan
531 4615 656 4686 prinecps
681 4614 792 4670 miiitiae.
820 4617 859 4671 lle
880 4631 945 4687 pau·

163 4723 174 4755 ι
192 4704 301 4773 peribus
311 4718 376 4759 uero
395 4712 474 4759 terrae
493 4704 602 4775 reliquit
621 4703 798 4759 Nabuzardan
818 4705 944 4777 princeps

162 4810 173 4842 r
191 4792 292 4846 militiae
303 4791 431 4847 rinitores
441 4801 469 4847 et
479 4791 621 4864 agricolas,
631 4812 646 4860 ‚r
661 4793 791 4860 Congruit
802 4810 866 4866 erge
877 4804 944 4851 tem·

159 4881 235 4953 poris
248 4882 314 4936 ordo
324 4898 384 4937 curn
401 4884 504 4939 ratione
518 4883 650 4947 vindictae,
665 4884 861 4953 menseqninto
875 4884 942 4957 legi-

162 4983 207 5029 tur
222 4980 326 5028 vastata
346 4989 406 5029 esse
429 4973 533 5038 ciuitas,
560 4989 620 5042 utrm
638 4973 851 5031 Pentateucbmn
876 4975 944 5047 legis

160 5064 334 5133 despertiri
350 5064 451 5120 decima
465 5064 509 5118 die
520 5065 631 5129 merisis,
645 5065 772 5134 quoniam
788 5066 944 5138 decalogum

160 5152 358 5225 legieriolando
367 5153 456 5206 omnia
466 5153 601 5207 mntraria
611 5153 753 5224 praeceptis
759 5151 858 5210 divinis
873 5155 943 5224 egit:

160 5245 261 5298 irustra
276 5242 327 5297 sibi
341 5241 691 5308 blandiensdeeecuritote,
717 5259 766 5312 pro
790 5251 944 5300 sanctorum

160 5335 279 5392 lucorum
293 5334 466 5391 habitatione.
482 5334 559 5396 Unde
569 5336 595 5389 in
608 5335 790 5405 superioribus
810 5351 859 5406 per
871 5351 946 5392 enm·

1001 4538 1011 4571 r
1029 4520 1107 4586 mini,
1119 4521 1198 4576 bases
1210 4531 1237 4576 et
1252 4536 1326 4578 mare
1336 4537 1451 4589 aeneum,
1475 4522 1546 4593 quod
1572 4532 1631 4579 erat
1654 4524 1681 4580 in
1702 4525 1785 4580 dome

1000 4609 1132 4666 «bomini
1151 4609 1341 4680 confregerunt
1364 4611 1493 4680 Chaldaei,
1506 4622 1534 4674 et
1554 4614 1673 4672 tulerunt
1702 4632 1787 4675 omne

1000 4721 1011 4755 r
1028 4719 1065 4759 aes
1076 4719 1169 4759 eorum
1179 4704 1205 4759 iu
1218 4702 1381 4777 babylonem
1394 4724 1401 4761 ε
1413 4715 1442 4763 et
1450 4708 1561 4775 lebetes,
1570 4717 1598 4764 et
1608 4724 1743 4781 creagras,
1754 4720 1786 4768 et

1000 4809 1010 4843 r
1026 4791 1166 4862 psalteria,
1177 4802 1205 4848 et
1214 4793 1330 4865 phialas,
1343 4800 1371 4849 et
1383 4796 1550 4864 mortariola,
1562 4807 1590 4853 et
1607 4799 1698 4854 omnia
1717 4813 1785 4853 rasa

1000 4900 1010 4934 t
1024 4896 1103 4948 aerea,
1117 4899 1177 4954 qua
1191 4884 1219 4939 in
1234 4884 1383 4944 ministerio
1397 4884 1504 4943 fuerant
1529 4888 1658 4953 tolerunt,
1680 4895 1707 4942 ct
1730 4889 1765 4959 by

1000 4990 1010 5023 r
1027 4972 1109 5037 drias,
1126 4982 1154 5028 et
1171 4973 1398 5045 thymiamateria,
1411 4985 1439 5034 et
1460 4993 1566 5043 urceos,
1579 4989 1607 5040 et
1626 4980 1729 5048 pelves,
1753 4993 1783 5037 et

1000 5062 1200 5129 «candelabra,
1219 5072 1247 5120 et
1272 5066 1411 5134 mortaria,
1437 5076 1467 5126 et
1487 5069 1609 5138 eyatbos
1644 5069 1784 5139 Quotquot

1000 5172 1011 5207 r
1029 5171 1109 5211 auree
1126 5171 1218 5222 aurea,
1230 5165 1258 5212 ct
1267 5166 1397 5229 quotquot
1410 5168 1535 5229 argentea
1553 5169 1692 5232 argentea,
1720 5163 1783 5219 tulit

1001 5263 1010 5296 r
1027 5246 1156 5314 magister
1169 5246 1280 5314 militia,
1291 5255 1320 5302 et
1326 5247 1465 5303 columnas
1471 5249 1548 5312 duas,
1563 5257 1674 5308 etmare
1686 5265 1781 5316 orrum,

999 5335 1122 5391 «vitulos
1143 5334 1283 5392 duodecim
1300 5351 1396 5402 aereos,
1419 5338 1466 5408 qni
1487 5348 1565 5393 erant
1591 5339 1642 5395 sub
1662 5339 1781 5405 basibus,

160 5425 377 5483 demlcrcnriam
392 5427 521 5484 Dominus
545 5427 902 5487 diciteroliteconlltlere
918 5430 948 5486 in
999 5440 1095 5496 «quas
1115 5425 1275 5482 feccralrex
1294 5426 1420 5484 Salomon
1435 5428 1461 5482 ln
1478 5427 1560 5484 domo
1580 5429 1694 5490 Domini·
1723 5429 1781 5487 Non

162 5517 408 5584 rerbismendacii,
423 5518 561 5574 dicentes:
579 5519 717 5591 Templum
737 5520 855 5587 Domini,
878 5528 948 5576 tem·
999 5525 1081 5573 «erat
1106 5519 1210 5589 pondus
1236 5519 1299 5574 acris
1328 5519 1448 5574 omnium
1477 5535 1601 5578 vasorum
1637 5524 1743 5578 lionrnr.
1769 5543 1781 5576 ι

161 5609 234 5688 plum
255 5610 370 5676 Domini,
396 5610 522 5681 templum
542 5611 645 5666 Domini
663 5611 809 5681 :quoniam
829 5611 853 5666 si
877 5610 946 5668 bene
995 5608 1141 5665 Columnas
1156 5625 1240 5666 areas
1254 5620 1282 5667 et
1299 5611 1379 5667 bases
1403 5613 1527 5670 doctores
1549 5630 1691 5685 mannans
1710 5618 1782 5671 acei-

163 5702 386 5766 direaeritisrias
397 5705 512 5768 vestras,
522 5709 549 5756 et
562 5702 648 5758 studii
665 5710 767 5769 restra,
791 5701 814 5757 si
829 5700 947 5758 feceritis
995 5716 1070 5773 pere,
1089 5701 1135 5772 qui
1156 5702 1303 5758 sonoritate
1317 5702 1515 5776 predicationis
1531 5714 1559 5763 et
1575 5706 1636 5762 idei
1654 5705 1784 5763 dirriitate
