4042 6200
259 432 307 488 ddi
575 429 607 483 B.
626 428 752 484 RABAM
770 429 878 486 rmum
897 428 1055 483 sperner.
1077 428 1231 486 modost.
1252 429 1392 486 ernnust
1412 429 1500 487 rsus
1518 429 1560 485 lli.
1803 427 1859 491 dae'

258 547 311 602 noe
323 553 443 613 tempore
465 542 560 597 mortis
581 556 632 611 per
649 541 837 597 enormitatem
861 540 1022 613 flagitiorum
1036 581 1043 605 ,
1058 543 1235 612 Aquinatem
1244 560 1287 599 nuc
1296 545 1409 599 uutiierit
1421 546 1741 615 ndrpuctcrrorcqulcacet.
1752 548 1850 606 Possunt

258 633 346 688 cnudi
365 639 504 687 merentur
524 631 550 684 in
568 645 677 686 carcere
692 645 849 700 poensrum,
864 639 984 699 tempore
1002 644 1046 685 re·
1095 648 1189 690 versus
1201 635 1235 690 de
1246 635 1343 705 qulbus
1355 637 1499 691 novissime
1509 635 1706 706 disputavimus,
1718 637 1748 691 de
1757 640 1849 709 antipro

257 722 435 779 surrectionis
454 721 489 776 ad
507 720 640 775 modicum
657 720 806 775 visitandos
823 719 969 790 significet,
984 728 1044 773 tan·
1095 722 1142 778 liei
1159 723 1257 793 populo
1275 723 1312 777 ita
1333 724 1459 793 intelligi,
1474 724 1537 794 quia
1550 739 1611 779 eum
1631 731 1699 778 reete
1712 726 1815 790 uiueret,
1827 728 1850 781 in

258 825 316 868 tam
333 821 364 869 ut
380 814 496 882 receptis
512 811 670 882 corporibus
687 812 714 866 in
728 812 831 882 judicic
848 811 956 882 grauius
969 812 1045 866 dam·
1095 822 1166 868 terra
1187 830 1234 868 sua
1248 813 1363 870 feliciter
1376 822 1514 881 maneret,
1530 824 1558 870 at
1570 830 1631 870 cum
1647 824 1760 885 peccaret
1775 825 1850 871 επιει-

257 913 365 969 nentur,
376 911 406 959 et
414 902 544 958 continno
556 899 754 972 postjodieium
765 901 943 956 atrocioribus
953 916 1046 971 perpe·
1094 904 1243 959 minaretur
1255 905 1288 962 ab
1301 905 1435 963 hostibus.

257 1001 304 1046 tuo
324 990 496 1046 mandantur
511 990 539 1044 iu
557 989 655 1061 poenis.
673 988 803 1057 Quamuis
818 990 900 1046 etiam
921 990 959 1044 its
971 997 1045 1045 recte
1401 1036 1515 1093 CAPUT
1533 1037 1565 1091 m

255 1091 344 1153 potest
362 1082 464 1152 accipi,
481 1096 577 1136 omnes
594 1082 641 1150 qui
660 1081 847 1153 ingrediuntur
864 1083 898 1136 ad
919 1099 996 1150 eam,
1016 1082 1043 1137 id
1567 1077 1574 1090 ’

255 1183 305 1241 est,
320 1175 355 1229 ad
371 1174 553 1241 meretricem,
567 1174 624 1229 siue
636 1174 671 1228 ad
683 1173 791 1228 domurn
803 1173 871 1243 ejus,
885 1188 938 1227 nou
953 1187 1045 1228 rerer·
1127 1164 1183 1220 Fili
1197 1167 1243 1232 uti,
1259 1184 1292 1222 ne
1305 1166 1464 1222 vulsinum
1481 1166 1542 1238 lepis
1562 1183 1627 1222 rnen
1644 1177 1667 1221 et
1679 1178 1795 1238 precepto
1805 1184 1852 1222 nn

257 1273 357 1331 motor,
370 1264 576 1336 quiaquantum
588 1263 685 1318 attinet
699 1262 878 1328 adnatnram,
891 1262 981 1332 iniqua
994 1277 1043 1317 sna
1092 1257 1222 1311 custodiat
1239 1273 1285 1312 cor
1297 1268 1380 1311 tuum.
1398 1255 1466 1312 llinc
1484 1258 1562 1312 dccet
1582 1257 1764 1313 misericordie
1779 1260 1854 1328 operi·

255 1356 393 1412 voluntate
406 1355 581 1425 depravatam
595 1369 734 1410 recursum
745 1369 794 1423 per
803 1353 974 1424 semetipsam
989 1368 1043 1408 non
1091 1346 1142 1402 lrus
1155 1347 1343 1413 insistendum,
1355 1362 1442 1419 neque
1454 1349 1552 1403 nostris
1565 1347 1696 1403 ridendum
1706 1348 1805 1411 uiribus,
1815 1350 1854 1402 sod

254 1447 348 1513 nabet,
360 1445 409 1503 sed
425 1460 475 1518 per
489 1446 537 1501 Dei
550 1446 663 1517 gratiam
678 1459 730 1514 qun
744 1443 887 1514 adjuratur
900 1452 929 1500 et
941 1443 1044 1497 instan-
1092 1437 1178 1492 atreo
1193 1437 1322 1492 auxilium
1340 1453 1402 1493 esse
1420 1435 1611 1508 flagitandum,
1633 1446 1660 1492 et
1676 1453 1785 1509 congruo
1798 1439 1853 1493 satis

254 1547 330 1593 ratur
341 1545 372 1592 ut
390 1537 501 1592 semitas
521 1535 583 1590 vitae
599 1521 792 1604 apprehendat.
813 1531 988 1603 Designatnm
1000 1538 1043 1585 est
1091 1524 1187 1579 ordine
1200 1533 1341 1596 postquam
1354 1526 1476 1580 coercuit
1488 1541 1503 1580 a
1521 1526 1692 1588 crudelitate,
1704 1538 1853 1596 postqtnnrn

252 1628 474 1685 fflpimpoedicm
487 1624 764 1697 pondusiniquiraris‚
779 1633 884 1678 uicum
898 1622 1043 1677 recentius
1092 1614 1199 1672 luxoria
1219 1617 1381 1687 castigavit,
1408 1627 1487 1671 ornat
1509 1616 1614 1674 actibus
1636 1618 1710 1674 bonis
1730 1633 1800 1688 quern
1823 1620 1856 1672 in·
1970 1655 1971 1660 η

255 1720 382 1789 coisnon
399 1719 451 1774 silri
467 1719 577 1783 tribuat,
591 1716 636 1772 sed
650 1714 745 1787 gratim
758 1714 819 1779 oei,
836 1729 889 1769 non
904 1729 937 1768 ex
951 1713 1055 1784 operi-¹
1092 1709 1180 1765 sl'rrrit.

254 1810 316 1875 ons,
330 1808 447 1864 petrone
457 1809 596 1877 glor-icen,
1124 1799 1324 1872 mopsucrene
1337 1807 1404 1860 enirn
1418 1806 1531 1871 dierum,
1543 1816 1567 1861 et
1579 1823 1663 1862 nonos
1676 1808 1740 1871 citur,
1750 1816 1771 1861 ει
1781 1821 1855 1875 puceu

289 1898 323 1954 Ut
337 1898 453 1954 cmiolcr
464 1899 491 1952 in
503 1898 544 1952 rio
559 1899 626 1954 cono
634 1906 656 1951 et
669 1896 748 1950 mlier
757 1896 886 1964 iustorum
896 1894 1038 1949 emradius.
1055 1885 1079 1943 B
1091 1902 1220 1962 opponent
1229 1894 1285 1948 tili.
1299 1894 1339 1952 Ne
1349 1895 1474 1966 imposita
1486 1905 1680 1967 praceptorum
1693 1896 1801 1952 custodia
1812 1904 1857 1948 tur·

255 1989 331 2044 iiam
342 1990 443 2045 honam
454 1989 587 2043 onmem
597 1987 663 2042 dicit
677 1996 757 2041 recta
778 1985 859 2049 fidei,
874 1985 909 2040 de
922 1999 973 2054 qna
989 1983 1041 2039 lio
1093 1981 1171 2036 haret
1184 1983 1335 2040 audientem
1348 1987 1477 2056 premisit
1491 1987 1600 2058 premia
1614 1996 1697 2052 certa,
1711 1996 1737 2042 et
1750 1987 1786 2041 sic
1799 1999 1856 2039 enu-

252 2081 417 2137 ruinosait:
437 2077 797 2151 spontaneorum),
815 2075 1042 2133 etalibi:Ncmc
1092 2071 1206 2125 rrmrarit
1225 2074 1548 2146 praecepta,longitodine
1569 2078 1642 2132 enim
1666 2077 1764 2133 dierum
1784 2074 1858 2129 luecnr

252 2180 335 2241 potest
354 2171 442 2226 uenire
458 2170 493 2223 ud
511 2169 617 2224 Putrem
635 2169 686 2223 sisi
704 2183 751 2237 per
766 2184 807 2222 me
827 2166 932 2238 (turc).
953 2165 1042 2221 Galles
1093 2161 1300 2230 senpiternam,
1320 2165 1398 2221 annia
1418 2168 1481 2222 uite
1503 2177 1688 2224 transcensum
1708 2164 1860 2223 mortalitatis

251 2261 341 2316 autem
349 2258 484 2329 justornm
496 2257 641 2314 multifaria
654 2267 810 2315 sanctorum
821 2256 943 2328 exempla
954 2257 1042 2312 nomi·
1092 2250 1184 2321 huius,
1196 2262 1341 2324 augmento
1353 2257 1429 2325 pacis
1441 2257 1528 2327 ipsum
1542 2267 1630 2314 iunctm
1643 2256 1805 2313 beatitudinis
1814 2263 1859 2309 sta·

253 2358 311 2404 nat.
325 2349 427 2405 Pendet
440 2348 485 2404 lric
494 2363 589 2404 sersus
601 2363 635 2404 ex
646 2363 679 2405 eo
692 2349 765 2419 qood
776 2363 858 2419 supra
870 2348 972 2404 dictum
986 2354 1040 2414 est,
1092 2348 1148 2395 tom
1162 2341 1293 2413 designat.
1309 2343 1347 2399 lle
1357 2360 1411 2415 qua
1426 2346 1493 2401 dicit
1502 2347 1585 2403 lsains
1602 2364 1609 2401 :
1626 2346 1800 2418 Mclrtpttcmtr
1813 2344 1859 2413 ein

252 2444 393 2514 pendenda
406 2444 517 2500 „men
532 2453 568 2511 u,
581 2442 652 2500 sieut
666 2450 695 2500 ep
706 2442 783 2509 mun,
797 2451 825 2497 pp
839 2442 941 2497 mam
954 2457 1041 2497 amp.
1091 2431 1244 2502 imperium,
1264 2443 1288 2489 et
1309 2437 1381 2505 pacis
1404 2453 1455 2493 nou
1475 2440 1523 2492 erit
1542 2440 1605 2510 finis
1625 2440 1696 2511 (lec.
1708 2455 1734 2494 rr
1743 2439 1766 2510 ];
1782 2436 1861 2493 sedet

251 2533 315 2590 licre
327 2534 424 2590 alienu.
1090 2522 1176 2593 priori
1194 2523 1243 2580 Ilei
1261 2526 1359 2597 populo
1374 2529 1456 2584 etiarn
1474 2531 1500 2584 in
1518 2532 1649 2601 presenti
1667 2534 1755 2587 datum
1771 2539 1822 2594 est,
1837 2537 1862 2584 ut

288 2623 342 2691 Qut
355 2625 424 2680 eruin
434 2624 568 2680 ruerunt
579 2622 732 2679 demutant
743 2624 771 2678 irr
782 2632 862 2689 tenu,
875 2631 899 2676 et
911 2619 1041 2692 simplices
1092 2631 1153 2672 com
1162 2615 1214 2688 legi
1224 2617 1272 2673 liei
1291 2617 1424 2688 obediret,
1446 2621 1525 2695 longo
1539 2631 1664 2696 tempore
1674 2620 1864 2694 inpacisquietc
1884 2618 1889 2625 '

251 2715 439 2787 utrumnum
452 2716 480 2770 iu
493 2732 534 2770 eu.
547 2714 581 2770 Et
593 2715 638 2772 hie
649 2714 731 2770 rectis
742 2714 891 2784 iungunmr
904 2711 1041 2781 simplices
1090 2706 1203 2762 vireret.

253 2806 323 2861 sicut
335 2812 363 2859 et
375 2819 540 2875 supra,com
550 2804 668 2860 diceret:
683 2800 817 2858 dustodict
828 2811 955 2856 rectorum
968 2799 1041 2855 unlu-
1127 2796 1308 2854 Misericordia
1328 2809 1353 2855 et
1365 2803 1459 2857 ncritcs
1474 2820 1525 2858 non
1541 2815 1566 2858 tc
1582 2805 1717 2860 deserunt.
1732 2801 1794 2859 min
1810 2799 1863 2871 quia

252 2908 314 2962 tere,
327 2905 352 2950 et
364 2903 478 2966 protepet
492 2894 639 2965 predicantes
653 2893 821 2965 simplicium
835 2892 898 2963 quis
912 2891 1039 2948 nimirum
1091 2885 1125 2940 alr
1144 2901 1192 2941 ore
1207 2895 1252 2942 uro
1267 2890 1368 2945 ueritas
1380 2899 1423 2946 est
1444 2893 1576 2959 uticenda,
1592 2909 1649 2949 non
1671 2894 1731 2949 ideo
1752 2893 1783 2947 ab
1796 2902 1865 2960 opere

251 2984 410 3055 simplicitas
428 2984 488 3040 sine
508 2984 669 3040 rectitudine
686 2983 818 3040 dissoluta
837 2991 881 3038 est
901 2992 929 3038 et
948 2982 1038 3037 stulta.
1091 2978 1351 3050 misericordiaque
1369 2983 1492 3052 proximo
1511 2985 1548 3040 sit
1563 2985 1744 3055 impendenda
1761 2981 1865 3043 reccdalr

252 3073 396 3129 llectitudo
413 3081 504 3129 antem
523 3073 582 3129 sine
602 3071 773 3145 simplicitate
794 3079 902 3128 austera
926 3071 1040 3126 nimium
1060 3130 1066 3139 ,
1091 3070 1131 3127 sie
1144 3072 1215 3127 enim
1228 3071 1267 3137 llt,
1283 3083 1312 3129 ut
1325 3083 1353 3131 et
1367 3082 1393 3131 te
1407 3075 1454 3132 oei
1469 3092 1575 3149 semper
1588 3077 1773 3136 misericordia
1784 3087 1864 3146 prose·

251 3166 344 3223 esistit
364 3173 393 3221 ct
418 3165 494 3223 dura.
521 3166 619 3220 Verum
644 3172 759 3235 utraque
783 3164 869 3219 uirtus
896 3163 1037 3233 cunjuncta
1092 3172 1190 3232 quarm
1206 3173 1234 3220 et
1248 3166 1365 3233 ueritas,
1384 3168 1570 3225 misericordia
1583 3165 1865 3239 videlicetquedeleat

251 3256 402 3327 perlectum
412 3256 500 3312 reddit
513 3257 665 3320 hominem,
682 3257 729 3312 sed
747 3257 800 3314 hoc
811 3256 881 3311 inter
895 3227 1075 3326 utrumquec
1090 3265 1200 3325 peccata
1212 3266 1267 3323 trra,
1278 3259 1379 3315 ueritas
1389 3276 1453 3316 uero
1463 3277 1523 3331 quar
1533 3263 1671 3334 complent
1680 3263 1805 3335 promissa
1816 3274 1866 3315 sua.

253 3362 361 3411 uersum
373 3347 471 3414 distat,
488 3348 559 3417 quod
581 3348 607 3401 iu
623 3347 668 3402 illo
689 3347 818 3407 Doruiuus
831 3347 893 3416 quia
908 3345 996 3414 iustos
1010 3346 1038 3399 iu
1125 3344 1267 3401 Circurndo
1280 3351 1867 3421 eorputtttrituo,etdercrideintciriirccr·

252 3439 532 3512 praemonuisses
551 3438 676 3509 adjuret,
694 3440 721 3494 in
740 3439 1038 3510 istoquiavictoresin
1088 3437 1129 3491 dis
1145 3440 1193 3492 tui.
1212 3440 1239 3495 in
1258 3450 1366 3511 gutture
1385 3457 1516 3514 organum
1530 3446 1624 3512 uocis,
1643 3446 1671 3501 in
1686 3445 1781 3501 tabulis
1792 3438 1870 3497 cordis
1970 3476 1971 3529 ,

252 3530 349 3587 loturo
355 3537 476 3594 cernam,
487 3536 517 3584 ut
530 3529 645 3585 dicatur.
661 3529 751 3584 Terre
760 3529 857 3601 quippe
871 3532 979 3586 nomine
991 3530 1040 3586 Ec
1088 3528 1256 3587 latitudinem
1271 3532 1388 3588 insinuat
1400 3534 1582 3604 cogitationis.
1594 3535 1643 3593 Sic
1655 3551 1720 3607 ergo
1735 3533 1813 3588 uirtus
1824 3527 1868 3582 nri·
1970 3532 1971 3567 t

174 3638 178 3645 ·
251 3619 515 3690 clesiadesiguatur,
530 3634 591 3689 quae
609 3617 756 3689 spiritalem
776 3619 831 3673 Deo
850 3617 966 3674 lrunnm
979 3620 1040 3691 ger·
1089 3622 1416 3679 serimrdlaeetreritatis
1431 3624 1514 3681 radici
1530 3624 1611 3682 indua
1625 3627 1869 3694 mentispromatet
1970 3578 1971 3669 i

251 3710 357 3765 rniuare
375 3708 534 3774 consuerit,
559 3709 656 3780 mona
672 3709 738 3778 justi
754 3708 876 3763 habitant
889 3718 918 3764 et
932 3726 1040 3781 perma-
1088 3727 1155 3768 rece
1175 3712 1326 3784 loquentis,
1344 3724 1414 3770 utet
1429 3717 1575 3772 inocculto
1593 3717 1699 3787 pectori
1711 3728 1806 3770 areana
1819 3709 1868 3780 pln-
1970 3706 1971 3747 t

253 3808 334 3866 nerrt,
349 3800 413 3871 noia
430 3816 447 3857 a
465 3800 601 3855 cnrrsortio
614 3797 674 3869 eius
695 3813 745 3855 nec
763 3807 853 3856 morte
867 3809 1038 3869 separantur.
1089 3813 1168 3858 ceant
1187 3805 1357 3871 intentionis,
1380 3816 1408 3862 ct
1428 3809 1565 3878 pmnimos
1581 3809 1680 3878 jtrrent
1701 3806 1787 3863 olllcin
1807 3804 1870 3858 loru·
1970 3762 1971 3847 i

253 3893 307 3950 Sed
325 3892 468 3950 terminata
490 3893 543 3948 lrac
560 3892 633 3958 rita,
652 3892 687 3948 ad
706 3890 779 3945 illam
792 3889 850 3960 ejus
862 3901 966 3963 partem
979 3908 1040 3962 qoae
1089 3895 1489 3953 tionislleneautemuirtutes
1502 3890 1870 3962 cimammridncetpnum,

252 3998 314 4041 cum
326 3980 433 4042 cumn
447 3981 474 4037 iu
488 3980 564 4037 caelis
577 3989 672 4053 regnat
684 3980 853 4051 perveniens
906 3972 908 3975 ’
1091 4001 1150 4041 ειιιιι
1162 3999 1212 4039 vor
1233 3985 1367 4055 loquentis
1386 3986 1475 4057 potins
1495 3988 1569 4043 latus
1587 3990 1615 4044 in
1636 3998 1746 4061 pitture
1766 3982 1821 4040 lieri
1834 3995 1872 4036 sc
1970 4036 1971 4047 ,

287 4072 367 4144 lmpii
385 4088 444 4128 nera
458 4071 490 4128 dc
504 4081 574 4130 terro
589 4072 739 4143 perderetur,
761 4081 788 4126 at
800 4073 845 4143 pul
857 4073 946 4144 inique
954 4083 1039 4144 spent
1089 4074 1153 4138 lent,
1166 4075 1228 4144 cuia
1242 4074 1362 4130 videlicet
1375 4075 1575 4145 predicationis
1585 4092 1640 4131 vox
1651 4078 1688 4132 de
1697 4072 1811 4130 internis
1821 4082 1874 4138 pm·
1970 4064 1971 4127 ἶ

251 4164 404 4234 auferentur
417 4180 504 4221 ecco.
523 4163 639 4219 Possunt
652 4163 709 4219 lucc
724 4178 777 4219 nou
795 4161 829 4218 de
842 4164 1040 4235 cunctisgeue-
1088 4165 1335 4228 manat,scdestra
1350 4165 1510 4219 circumdet.
1525 4165 1594 4220 Nam
1610 4166 1750 4236 qnoalios
1765 4161 1873 4217 adluens

252 4255 344 4311 raliter
357 4255 478 4326 repmlris
492 4254 563 4309 dicta
582 4254 683 4325 accipi,
698 4254 747 4308 scd
768 4254 801 4309 de
820 4253 874 4309 illis
887 4254 1040 4324 specialiter
1088 4254 1229 4308 vivendum
1247 4255 1376 4318 suscitat,
1396 4269 1429 4309 eo
1448 4254 1482 4309 ad
1503 4255 1573 4310 bene
1592 4256 1731 4328 agendum
1751 4260 1779 4308 et
1801 4262 1874 4319 opem
1970 4280 1971 4349 p

251 4347 298 4418 qui
319 4346 354 4402 ad
375 4354 477 4403 terram
494 4344 599 4402 Dorrnm
610 4344 656 4410 ,id
670 4353 726 4407 est,
743 4342 890 4399 Ecclesiam
903 4346 1040 4414 pertinere
1088 4343 1258 4415 predicantis
1272 4343 1346 4416 ligat.
1362 4343 1416 4401 Nec
1433 4352 1509 4399 extra
1522 4360 1682 4402 sermonem
1702 4344 1774 4400 actio
1792 4348 1872 4396 naris*
1970 4358 1971 4437 p

253 4436 429 4502 uidebantur,
451 4444 582 4491 ettamen
604 4433 773 4506 erigentibus
790 4434 895 4490 meritis
912 4433 1040 4489 aulerun·
1088 4442 1146 4497 eat,
1168 4433 1271 4488 nemci
1287 4433 1341 4489 vita
1356 4434 1532 4490 contradicat.

252 4530 343 4585 rurali
355 4545 398 4595 ea,
413 4529 523 4599 quidam
536 4527 643 4597 quidem
658 4535 753 4598 aperto
764 4526 849 4597 ipsius
861 4526 987 4582 Ecclesia
995 4524 1040 4594 jn·
1125 4520 1159 4575 Et
1181 4522 1295 4577 inuenies
1312 4523 1424 4593 nmium
1444 4533 1468 4578 cr
1486 4523 1657 4594 disciplinans
1680 4526 1874 4577 eorumeorurn

252 4619 380 4686 dicio,ut
391 4618 504 4683 Simon,
518 4618 599 4673 Arius
610 4626 638 4673 et
650 4618 814 4689 Porphyrius
828 4635 835 4670 :
850 4618 960 4686 quidam
973 4632 1037 4673 uero
1090 4612 1146 4667 llec
1159 4612 1353 4667 ctlrominidss.
1367 4611 1464 4668 derum
1478 4615 1652 4669 Decinvenit
1665 4606 1877 4686 gratiametdis-
1970 4664 1971 4713 1

252 4711 279 4765 in
299 4716 404 4766 secreto
422 4707 563 4763 inuisibilis
575 4707 689 4774 iudicis,
703 4715 733 4762 ut
744 4707 877 4763 innumeri
895 4708 976 4763 etism
988 4722 1038 4764 eo-
1091 4702 1216 4773 ciplinam
1238 4703 1352 4766 bonam,
1372 4704 1417 4774 qui
1433 4704 1627 4759 usuulrtotum
1638 4706 1698 4776 jngi
1718 4705 1877 4772 promeretur
1970 4732 1971 4735 =

251 4816 331 4866 rma,
354 4798 401 4869 qui
423 4796 577 4856 hominibus
599 4796 661 4851 lrord
683 4796 824 4862 videntur,
846 4796 943 4866 impios
965 4798 1038 4853 enim
1091 4791 1247 4858 aliornlno,
1262 4802 1292 4848 ut
1305 4808 1354 4864 per
1367 4794 1426 4849 dies
1444 4795 1533 4866 scipso
1549 4790 1702 4864 perfectior
1719 4793 1877 4849 ellrdntnret

251 4901 359 4963 apertos
370 4896 509 4960 sponsatas
523 4887 600 4951 dicit,
611 4896 639 4941 at
651 4887 743 4956 inique
756 4894 866 4956 agentes
875 4902 970 4943 omrres
979 4888 1036 4958 qui,
1092 4888 1186 4943 melior
1200 4889 1307 4944 :sedet
1321 4904 1412 4944 coram
1425 4889 1579 4945 horninibus
1595 4888 1719 4961 gratiam
1734 4885 1841 4945 inuenit,
1853 4890 1877 4933 et

251 4985 386 5059 perceptis
401 4983 463 5041 tidei
481 4980 668 5045 sacramentis,
690 4981 725 5035 alr
735 4980 794 5052 ejus
806 4981 930 5036 castitate
949 4981 1039 5051 aliquo
1092 4975 1258 5046 disciplinam
1272 4976 1470 5048 oecumenius
1483 4993 1564 5049 opera
1576 4984 1644 5032 sont
1659 4978 1737 5042 talia,
1754 4976 1781 5032 in
1791 4973 1879 5044 qurum
1970 4980 1971 5023 t

251 5078 331 5134 rrmdo
344 5076 518 5148 degenerant
537 5071 651 5140 Utrique
669 5080 759 5125 autem
774 5069 802 5125 iu
816 5068 903 5124 lutura
922 5070 1038 5126 retribu·
1086 5070 1148 5141 jure
1169 5070 1301 5138 laudetur,
1319 5072 1470 5143 quibusque
1489 5071 1645 5143 exemplum
1662 5072 1772 5127 uiuendi
1794 5065 1877 5139 prori-

252 5168 325 5224 tione
336 5167 369 5224 de
383 5163 529 5220 uiuentium
542 5171 613 5217 terra
626 5161 781 5232 perdentur,
792 5158 854 5230 cuia
868 5175 920 5213 non
932 5160 1037 5216 dubito·
1090 5160 1142 5213 nris
1156 5159 1325 5215 exhibeatur.
1789 5146 1805 5171 ⁶

250 5258 287 5312 iit
296 5253 529 5327 jwuflotdt'ttrlttt
543 5251 684 5323 mullum,
700 5267 780 5321 ΜΨ
794 5250 980 5321 Ρθῆιιΰιιθθιιπῐ
993 5251 1037 5306 ιἰι·
1126 5258 1201 5315 dare
1212 5259 1336 5330 dilucium
1350 5262 1378 5317 irt
1395 5259 1506 5316 Domino
1524 5277 1556 5316 ec
1572 5270 1630 5317 toto
1646 5264 1729 5318 corde
1743 5272 1804 5326 lca,
1817 5267 1840 5312 el
1851 5270 1878 5308 tlt

245 5347 315 5418 jusu
326 5356 386 5402 ente
399 5344 488 5402 oculos
501 5343 559 5414 ejus
569 5340 656 5413 (Psoi.
670 5348 707 5412 v).
719 5342 752 5397 m
761 5349 844 5407 recte,
857 5341 921 5412 quia
934 5342 968 5398 de
982 5357 1038 5397 ma·
1090 5350 1204 5404 innitme
1217 5349 1362 5420 prudentie
1375 5360 1437 5416 tuoe,
1453 5350 1479 5404 in
1492 5351 1612 5406 omnibus
1626 5353 1678 5408 elis
1693 5352 1748 5408 tuis
1760 5349 1840 5422 capito
1851 5343 1878 5399 il·

251 5439 339 5495 lorum
351 5437 537 5506 hircorumque
549 5435 600 5491 uiis
610 5433 693 5489 rrrulta
706 5432 1040 5504 praeostensione
1091 5440 1156 5505 lsnr,
1168 5450 1192 5495 ct
1205 5442 1258 5512 ipse
1272 5440 1365 5511 diripet
1378 5456 1482 5511 omerus
1496 5450 1564 5496 tans.
1575 5439 1617 5496 Ne
1630 5450 1659 5498 te
1673 5452 1783 5499 metuas
1794 5440 1827 5495 olr
1838 5437 1880 5491 im·

252 5528 307 5583 due
328 5527 476 5582 meunom
495 5525 611 5599 [Forte,
632 5527 659 5581 in
681 5524 870 5596 conclrrsicncl
889 5524 1037 5594 subjunxit,
1091 5531 1263 5587 lreeillitatem
1274 5532 1412 5602 propriam
1424 5532 1514 5586 diuina
1528 5548 1580 5587 rron
1590 5546 1680 5602 posse
1692 5546 1803 5591 serrare
1812 5541 1879 5585 nran-

253 5616 387 5682 omruradc
400 5624 428 5670 ει
443 5616 472 5670 iu
486 5616 652 5685 precedente
668 5615 812 5687 parabola,
828 5632 888 5684 quoe
903 5617 1039 5672 latronum
1092 5623 1165 5689 data,
1177 5630 1262 5678 necte
1272 5637 1380 5677 rursum
1391 5631 1513 5677 autumes
1525 5624 1650 5679 lraectuis
1661 5624 1777 5693 implere
1786 5604 1891 5676 virinus*

255 5704 390 5758 massonis
400 5706 519 5771 vennas,
530 5706 633 5761 lecerat
645 5709 737 5765 diceas
747 5711 780 5764 de
794 5710 846 5764 line
860 5710 1005 5775 malorum,
1014 5719 1038 5764 ct
1091 5730 1179 5784 posse,
1192 5723 1237 5768 tua
1249 5722 1277 5768 et
1289 5714 1404 5769 naturali
1416 5714 1529 5769 scientia
1544 5729 1638 5779 nosse,
1653 5716 1678 5771 si
1690 5730 1744 5770 noo
1757 5726 1805 5785 per
1817 5706 1889 5764 atim*
1970 5712 1971 5781 l

255 5792 559 5859 Plffldditutrtultorunt
570 5799 1034 5870 peruettttos,diccnsdcterrorum,
1090 5811 1176 5875 legent
1197 5806 1357 5870 instruaris3
1379 5806 1425 5861 sed
1444 5806 1533 5876 podas
1551 5815 1578 5861 et
1602 5806 1632 5861 in
1654 5807 1799 5867 discerrdo,
1816 5797 1881 5856 etiu
