4042 6200
248 355 315 414 liii
565 356 598 413 B.
619 353 746 414 iutuitu
764 355 875 414 bituiti
892 355 1052 415 tumtun.
1071 351 1226 416 mm.
1241 355 1384 416 uetitus
1403 351 1497 417 ntus
1508 359 1555 418 itt
1810 363 1886 422 lm
1998 405 1999 408 κ

247 469 311 524 tatis
321 468 513 525 abundantiam
525 477 611 534 tenet,
623 482 683 538 quae
694 468 782 538 primo
793 467 864 534 meo,
875 467 938 539 quia
950 467 1038 538 maim
1051 473 1076 529 Δ
1088 475 1141 524 εει.
1159 465 1236 538 lmpii
1263 481 1380 538 namque
1407 483 1519 525 eramus
1538 479 1685 542 antoqtnm
1702 482 1882 541 comm·

246 563 362 616 emnium
391 571 430 615 est
455 561 580 626 cunutus,
603 560 708 631 spiritui
739 559 890 631 mpuiatur.
915 556 1036 627 Quodsi
1087 574 1148 618 mur
1176 560 1210 616 ad
1236 561 1338 626 lleum;
1363 568 1392 614 et
1416 558 1542 616 cbristus
1568 560 1805 631 utiquemortem
1831 578 1886 634 pm

245 651 307 721 quis
322 651 399 707 uobis
412 659 546 714 occurrat,
559 658 587 705 ει
599 650 671 705 dicat
683 650 802 706 medium
815 658 916 705 esseut
929 647 1036 703 indliie-
1087 649 1166 706 nobis
1185 658 1332 721 antequam
1353 651 1527 707 crederemus
1545 651 1672 720 excepit:
1688 650 1763 721 quod
1787 651 1883 721 procui
1998 693 1999 698 η

246 756 310 798 rens
341 741 560 805 tribulationem,
592 741 719 809 quoniam
748 741 855 810 quidem
885 739 1037 795 invenimus
1087 740 1168 797 dubio
1188 740 1372 808 coniecisset,
1387 741 1440 798 alsi
1458 740 1649 812 nimiamerga
1667 741 1883 807 mmmmm.

246 830 1035 902 etiammaiusetimpiostribulationumcontinemqaia
1085 837 1116 886 et
1130 830 1392 888 abundantissimam
1413 832 1584 897 charitatem,
1604 831 1648 889 rel
1668 832 1728 901 ipse
1750 831 1886 888 domiuus

246 922 410 978 tribulantur
427 937 476 991 pro
497 921 574 977 ruralis
590 923 695 979 actibus
708 922 773 987 suis,
790 922 876 977 virtus
887 921 970 977 animi
983 921 1033 976 tri·
1084 932 1179 980 noster
1191 922 1271 980 iesus
1284 922 1411 980 Cbristus
1423 922 1563 978 moriendo
1575 938 1625 993 pro
1638 922 1740 992 impiis,
1754 921 1799 977 rel
1812 923 1886 978 item

245 1012 346 1070 brilutiu
358 1028 451 1068 eurum
467 1014 615 1082 reputanda
636 1023 696 1069 est:
716 1013 778 1067 uide
794 1012 817 1067 si
837 1012 1035 1081 possimusboe
1085 1012 1168 1068 Pater
1181 1013 1348 1083 unigenitum
1367 1027 1446 1067 suum
1461 1026 1510 1082 pro
1530 1011 1673 1083 impiorum
1693 1012 1887 1082 redemptione

244 1103 325 1158 aurudo
349 1103 524 1174 respondere,
545 1105 617 1173 quod
642 1102 778 1159 tribulatio
798 1102 907 1172 quidem
926 1103 1036 1172 proprie
1086 1102 1227 1159 tradendo.
1243 1101 1358 1175 (inlr.)
1372 1101 1401 1158 st
1414 1117 1465 1173 pro
1484 1102 1630 1158 incredulis
1643 1118 1676 1158 ac
1695 1102 1745 1158 Ilei
1765 1103 1887 1160 inbutos

244 1205 399 1249 sauctorum
417 1201 469 1258 est,
488 1196 631 1265 impiorum
651 1205 742 1251 :tutem
756 1204 785 1250 et
803 1193 963 1262 injustorum
983 1193 1034 1248 tri-
1085 1190 1210 1248 cbristus
1222 1192 1257 1248 ad
1270 1201 1375 1263 tempus
1387 1193 1467 1248 morti
1481 1208 1513 1248 se
1527 1192 1619 1261 dedit,
1632 1194 1666 1248 ad
1685 1197 1885 1263 ientpuseuim

243 1283 345 1339 bulatio
364 1284 467 1353 flagella
487 1284 664 1355 appellentur.
687 1285 807 1354 Denique
826 1286 854 1339 iu
873 1284 976 1355 psalmo
993 1284 1036 1341 sic
1086 1290 1208 1339 mortuus
1222 1288 1278 1347 est,
1295 1283 1359 1353 quia
1373 1283 1452 1337 tertia
1466 1282 1510 1338 die
1524 1284 1688 1349 resurrexit,
1707 1294 1815 1355 quanio
1828 1299 1886 1340 ms

242 1377 327 1442 dicit,
341 1376 434 1431 diuite
447 1377 627 1434 tribulationes
639 1377 772 1445 justorum
792 1375 876 1448 (Psoi.
887 1375 1035 1446 iratribus
1085 1372 1127 1445 qis
1138 1387 1200 1429 cum
1216 1373 1246 1428 in
1262 1372 1338 1432 illum
1350 1373 1488 1430 eredimus
1502 1373 1611 1430 auxiliis
1624 1374 1683 1430 suis
1695 1375 1806 1430 muniet
1818 1378 1887 1432 aes!

242 1466 303 1522 istis
316 1475 406 1520 anilem
417 1467 465 1532 ait,
480 1466 563 1521 dicite
573 1466 678 1538 tluqeliu
690 1469 834 1537 peccatoris
845 1465 933 1540 (Pani.
944 1469 1031 1540 narr).
1085 1463 1126 1519 iu
1138 1463 1190 1518 boe
1206 1463 1279 1522 onim
1293 1477 1343 1534 pro
1361 1464 1439 1522 nubis
1456 1473 1580 1521 mortum
1595 1473 1653 1530 est,
1668 1476 1699 1520 ut
1711 1475 1740 1521 et
1755 1466 1845 1521 ritant
1858 1478 1888 1522 ut

242 1554 551 1625 Etiortassispmpterm
559 1556 696 1610 tribulatio
704 1566 732 1612 et
744 1557 867 1628 angustia
879 1557 913 1613 ad
925 1566 1035 1615 sanctos
1083 1554 1199 1628 gloriam
1224 1555 1303 1612 nobis
1323 1557 1499 1625 acquireret:
1517 1557 1609 1627 itaque
1633 1558 1658 1613 si
1684 1573 1738 1628 pro
1767 1558 1887 1614 inimicia

242 1646 370 1716 pertinet,
382 1646 445 1716 quia
457 1646 506 1716 ipsi
519 1653 581 1701 sum
599 1647 645 1717 qui
657 1654 760 1701 arctam
770 1656 798 1702 et
807 1657 950 1719 angustam
961 1649 1033 1704 viam
1084 1655 1208 1702 incrinus
1217 1656 1270 1713 est,
1280 1655 1410 1718 quantum
1423 1655 1533 1719 prestet
1544 1650 1649 1716 amicis,
1663 1651 1744 1706 delret
1758 1651 1884 1722 intelligi.

243 1736 385 1802 incedunt,
403 1747 431 1792 et
444 1746 587 1808 propterea
601 1738 722 1793 tribulari
737 1739 873 1795 dicuntur.
892 1739 967 1808 Quod
982 1757 1033 1796 au·
1084 1737 1162 1806 apuu
1179 1737 1303 1793 homines
1314 1752 1389 1807 ergo,
1405 1738 1504 1803 idest,
1520 1739 1668 1796 secundum
1687 1748 1799 1809 tempus
1816 1742 1886 1798 utem

242 1836 296 1883 tcut
315 1827 399 1894 dixit,
417 1829 479 1899 quia
497 1829 611 1884 cunutus
631 1830 678 1883 Ilei
695 1830 793 1900 dipem
813 1840 851 1885 eu
869 1831 897 1885 in
913 1832 1035 1887 cordibus
1050 1839 1072 1900 Β
1086 1827 1160 1886 uisus
1172 1836 1237 1884 est:
1254 1827 1300 1883 ille
1312 1827 1385 1892 enim
1409 1828 1480 1898 apud
1495 1828 1595 1884 inieras
1610 1844 1660 1900 pro
1673 1830 1765 1885 salute
1779 1831 1886 1885 anima·

236 1919 354 1986 matris,
372 1918 526 1990 diligentius
546 1920 769 1976 considerandum
800 1931 843 1978 cst
870 1924 1032 2005 inquorum
1084 1933 1144 1974 rum
1177 1919 1378 1986 irreverentes,
1399 1928 1428 1976 et
1448 1933 1564 1989 neqttam
1594 1920 1710 1989 spiritus
1731 1922 1883 1991 judicabat.

240 2008 367 2064 cordibus
380 2008 428 2064 Dei
443 2009 564 2064 charitas
577 2009 750 2065 diffundatur.
768 2011 825 2082 Ego
839 2021 905 2082 puto
917 2014 990 2082 quod
1004 2013 1031 2069 in
1083 2010 1217 2080 Tempora
1230 2011 1258 2066 iu
1271 2012 1372 2068 mundo
1385 2019 1464 2074 suat.
1477 2012 1522 2066 ubi
1537 2013 1625 2068 oritur
1637 2022 1667 2068 et
1677 2013 1779 2070 oceidit
1794 2014 1846 2080 soi,
1858 2023 1885 2070 et

240 2099 358 2167 illorum,
372 2100 418 2172 qui
428 2100 486 2170 jam
499 2117 551 2156 non
567 2101 667 2157 babent
681 2103 813 2177 'spiritum
827 2105 965 2160 seruitutis
980 2105 1033 2161 ite-
1082 2099 1145 2155 luna
1160 2102 1356 2160 meremeutum
1382 2111 1410 2158 et
1424 2103 1626 2164 decrementum
1638 2101 1715 2167 iacit,
1733 2113 1767 2159 ul
1784 2104 1844 2159 dies
1857 2116 1886 2159 et

240 2207 300 2246 rum
319 2192 346 2246 iu
366 2192 477 2257 timore,
498 2192 546 2248 sed
565 2199 592 2248 ει
619 2192 727 2248 iliorum
753 2194 780 2249 in
804 2196 901 2264 quibus
916 2196 1034 2266 perfecte
1082 2209 1135 2249 uox
1159 2194 1187 2249 in
1208 2193 1281 2249 statu
1304 2209 1355 2250 suo
1375 2209 1429 2251 non
1450 2203 1647 2265 peruenerant:
1669 2210 1715 2251 ros
1731 2196 1807 2251 euim
1822 2212 1886 2265 que

239 2282 354 2336 eituritm
369 2280 442 2352 iures
456 2283 534 2338 mittit
551 2284 671 2338 timorem
689 2283 716 2355 (l
728 2284 810 2339 doun.
826 2285 874 2357 ru),
893 2294 920 2341 ει
932 2286 1032 2356 quibus
1083 2285 1197 2356 temperi
1209 2292 1239 2341 ει
1250 2285 1323 2342 aetati
1337 2287 1459 2357 subiecta
1470 2294 1525 2353 est,
1548 2286 1687 2344 mutabilis
1701 2302 1815 2358 semper
1827 2299 1882 2343 est.

239 2372 511 2443 spiritusadoptiouis
524 2374 612 2439 datur,
626 2375 672 2445 qui
691 2374 788 2443 abnuet
803 2376 830 2430 in
843 2376 970 2433 (ordibus
982 2392 1032 2432 co-
1082 2376 1151 2433 lluic
1170 2391 1236 2448 erqo
1256 2377 1370 2447 tempori
1383 2377 1507 2434 caristus
1527 2386 1652 2435 mortum
1669 2386 1728 2444 est,
1751 2379 1819 2433 dum
1832 2395 1884 2434 ex·

240 2463 497 2530 remotissimum.
515 2465 573 2521 Nm
586 2475 629 2522 cst
642 2482 706 2539 ergo
720 2464 903 2537 cujuscunque
913 2468 1032 2524 bominis
1082 2469 1165 2526 cessit
1180 2483 1335 2539 ecorpore.
1360 2469 1408 2526 Ubi
1422 2479 1514 2528 autem
1527 2477 1633 2541 tempus
1643 2486 1697 2524 non
1709 2478 1751 2525 est
1762 2477 1793 2526 et
1804 2480 1886 2536 etas,

238 2554 291 2610 nisi
309 2554 438 2630 perlecti,
458 2564 487 2610 ct
509 2556 571 2613 talis
589 2557 677 2629 qualis
695 2567 756 2614 erat
775 2557 886 2624 Paulus,
908 2560 935 2614 in
954 2561 1032 2631 eujits
1082 2559 1118 2615 ibi
1133 2575 1186 2614 uon
1199 2559 1285 2616 solum
1297 2561 1384 2626 riuus,
1399 2561 1447 2618 sed
1458 2570 1488 2616 et
1501 2560 1588 2617 rietur
1600 2569 1790 2632 reperiissem.
1814 2562 1885 2618 iliata

237 2647 320 2703 eorde
339 2645 505 2703 diffundatur
527 2649 646 2705 citaritas
670 2650 719 2707 liei
742 2666 792 2721 per
814 2650 944 2723 Spiritum
966 2667 1032 2708 sau·
1081 2650 1166 2708 uoluit
1190 2651 1316 2708 auectam
1336 2650 1486 2708 saluatoris
1508 2666 1573 2723 erpa
1597 2667 1647 2708 nos
1669 2654 1884 2719 commendare,

237 2744 321 2792 etate.
351 2736 405 2793 Sed
430 2745 458 2793 et
486 2737 552 2794 illud
576 2739 643 2796 mibi
665 2741 890 2798 considerandum
912 2742 1030 2810 ridetur,
1081 2753 1144 2798 eum
1159 2741 1302 2798 diritzl'ia
1315 2758 1363 2813 pm
1374 2744 1452 2814 justo
1465 2743 1524 2814 quis
1536 2745 1669 2797 mentor:
1687 2743 1818 2802 Christus
1828 2760 1884 2800 aa·

237 2826 425 2883 utrumne··hie
439 2827 599 2885 charitatem
613 2828 686 2886 illam
700 2830 789 2896 dicat,
808 2845 861 2902 qua
874 2848 926 2887 nos
939 2832 1030 2901 diligi·
1082 2840 1136 2887 tem
1155 2847 1205 2902 pro
1224 2832 1314 2902 impiis
1332 2840 1456 2888 mortuus
1469 2839 1526 2897 est,
1541 2830 1564 2887 si
1581 2831 1654 2888 euim
1674 2831 1818 2902 projesta
1837 2832 1884 2888 rin

237 2931 298 2974 utus
318 2919 419 2984 ileum,
439 2911 473 2975 art
493 2919 566 2975 iilam
580 2935 634 2991 qua
653 2920 819 2993 diligimura
836 2919 1030 2984 liemdillusam
1082 2922 1180 2993 aliquis
1194 2922 1321 2988 moritur,
1335 2938 1388 2993 pro
1409 2922 1510 2993 impiis,
1526 2924 1661 2993 quomoda
1674 2932 1765 2994 potest
1779 2924 1839 2980 beri
1852 2930 1883 2978 ui

236 3025 297 3068 esse
312 3025 362 3080 per
378 3009 508 3083 Spiritum
521 3019 644 3068 sancium
656 3012 823 3069 iaeordibas
836 3014 952 3080 nostris;
967 3014 1031 3071 etsi
1081 3012 1142 3083 quis
1153 3011 1304 3070 moriatur?
1317 3019 1346 3066 ει
1361 3010 1385 3066 si
1399 3025 1449 3081 pro
1468 3012 1540 3068 beno
1553 3026 1608 3067 uno
1622 3011 1693 3068 iorte
1703 3013 1806 3068 audmt
1818 3014 1881 3083 quis

236 3103 346 3175 quidem
362 3102 407 3159 illa
424 3104 543 3162 ebaritas
557 3120 610 3175 qua
625 3105 710 3162 mum
723 3104 873 3177 diligimus,
894 3106 1030 3181 inteiliga-
1081 3100 1169 3167 mori,
1182 3109 1231 3158 aut
1247 3099 1318 3158 torte
1333 3117 1388 3157 oue
1402 3101 1515 3167 audeat,
1529 3101 1592 3172 quia
1610 3110 1756 3173 utrumque
1773 3102 1882 3160 difficile

237 3203 291 3261 tar,
305 3211 395 3253 memo
409 3196 460 3253 iste
473 3197 623 3253 assertione
637 3196 739 3270 indiget
753 3214 760 3253 ε
776 3199 800 3253 si
818 3211 895 3266 uero,
909 3199 973 3268 quia
986 3200 1031 3256 di·
1044 3184 1067 3250 C
1083 3206 1145 3249 esse
1156 3190 1309 3263 siitssfflcli·
1323 3190 1549 3262 ll¹¹⁰¹¹¹²l1ffl⁰d⁰¹¹¹
1568 3199 1658 3261 potest
1671 3191 1773 3257 videri,
1790 3199 1821 3245 ιιῑ
1832 3208 1882 3247 ²¹1·

236 3288 276 3344 xii
290 3286 476 3363 eiiusamesse
493 3288 541 3344 Dei
556 3288 716 3344 charitatem
732 3289 760 3345 io
775 3290 902 3346 cordibus
917 3290 1029 3357 uostris,
1082 3283 1143 3341 deal
1165 3281 1263 3352 aliquis
1285 3296 1335 3353 pro
1358 3280 1506 3337 multorum
1531 3280 1719 3352 impietatibus
1741 3282 1830 3349 motii
1857 3283 1881 3353 ii

236 3379 287 3435 ista
297 3377 387 3447 potius
396 3376 1031 3449 iriteblqendasit,quadiligimurallemcertum
1081 3373 1144 3444 uuis
1157 3372 1230 3428 enirn
1243 3372 1385 3444 prolusit),
1398 3372 1529 3431 2u1b⁰¹¹⁰
1538 3371 1609 3428 filib!
1619 3372 1721 3428 iudea
1730 3361 1816 3440 milri}
1829 3373 1880 3428 ⁰¹5·

235 3469 516 3539 estenimqueduelat
525 3478 695 3525 summumet
705 3470 961 3529 niaximumdonum
971 3487 1021 3529 san
1081 3464 1217 3523 secatione
1231 3465 1347 3535 quadam
1362 3463 1478 3527 illectos,
1493 3470 1541 3519 aut
1553 3460 1650 3519 adactu
1663 3463 1800 3520 bonoram
1813 3479 1881 3534 opo·

235 3561 272 3617 eti
279 3558 396 3629 Spiritus
406 3559 566 3616 alteritatem
577 3560 749 3630 ponat,quod
760 3559 824 3615 uelit
834 3576 945 3617 munere
954 3562 1031 3632 prius
1081 3572 1141 3614 rum
1156 3554 1231 3626 cius,
1247 3569 1298 3627 pro
1311 3554 1402 3626 impiis
1415 3568 1480 3611 reru
1493 3569 1548 3610 noa
1560 3552 1660 3618 solum,
1675 3553 1749 3623 quod
1763 3554 1881 3609 manet

235 3658 362 3721 suscepto
380 3666 396 3705 a
414 3648 480 3714 Deo,
504 3664 554 3720 per
574 3650 625 3705 boc
646 3650 734 3719 ipsum
756 3648 868 3720 diligere
886 3665 1030 3721 possumus
1081 3649 1152 3705 nturi
1184 3648 1277 3713 deest,
1299 3647 1348 3703 sed
1371 3653 1400 3703 ει
1422 3646 1495 3716 quod
1518 3645 1546 3703 in
1575 3645 1711 3716 lacrymas
1737 3656 1880 3716 prouocet

236 3741 320 3799 [ιειιω
333 3740 405 3811 quod
418 3741 554 3812 diligimur
568 3756 583 3794 a
597 3740 661 3796 neo.
677 3738 775 3812 (Coss.)
793 3741 913 3813 lienique
924 3742 952 3798 in
967 3750 1029 3798 tart-
1080 3739 1204 3797 Christus
1216 3746 1305 3796 auum
1321 3746 1444 3795 mortuus
1455 3745 1499 3794 est
1517 3753 1567 3809 pro
1580 3738 1765 3807 impietatibus
1784 3739 1879 3811 pupuli

235 3841 294 3888 turm
307 3832 393 3888 uirtus
409 3832 550 3888 charitatis
564 3831 702 3887 extollitur
713 3840 744 3887 ut
756 3847 817 3888 eam
835 3833 932 3889 beatus
945 3832 1029 3890 loau-
1080 3831 1168 3889 adbuc
1182 3848 1236 3888 noti
1250 3831 1304 3898 sui,
1318 3832 1450 3887 utomnia
1462 3846 1523 3902 qum
1534 3832 1651 3887 muudus
1663 3831 1760 3887 dillidit
1773 3831 1881 3887 lacertu

235 3939 285 3981 nes
300 3922 601 3995 apostolusnonsolum
619 3924 665 3979 lici
686 3939 758 3991 rem,
780 3924 923 3981 sedetiam
944 3926 1030 3984 ileum
1079 3925 1228 3983 eredibilia.
1257 3924 1330 3981 Duos
1351 3939 1418 3996 erqo
1441 3924 1541 3996 mades
1569 3923 1719 3996 iecitjiisti
1743 3926 1879 3991 utboni,

235 4031 295 4073 esso
309 4016 464 4088 pronuntiet
476 4017 569 4072 diceus
582 4034 589 4071 :
604 4014 680 4071 Deus
690 4017 806 4079 cbumtas
819 4026 868 4084 esi,
880 4018 924 4089 qui
941 4028 1030 4075 munet
1079 4016 1204 4087 utramvis
1214 4024 1244 4072 ei
1256 4014 1347 4085 justus
1363 4025 1392 4071 el
1408 4015 1498 4073 bunut
1514 4014 1644 4073 dicendus
1662 4014 1706 4079 ⁸3¹,
1723 4024 1819 4072 lamen
1831 4031 1879 4087 ιθ·

235 4108 262 4163 iu
276 4109 402 4163 enaritate
414 4109 443 4162 iu
453 4106 607 4161 Deoutuuet
621 4118 644 4161 et
654 4094 726 4162 Deua
739 4110 767 4162 iu
780 4109 837 4179 ipso
849 4109 876 4181 (l
885 4108 967 4165 lauti.
978 4108 1027 4183 rr).
1079 4121 1144 4163 rtem
1167 4109 1225 4178 ipsa
1245 4108 1350 4179 posuit,
1371 4105 1477 4176 iustum
1501 4106 1529 4163 ie
1552 4107 1683 4165 exercitio
1704 4107 1879 4178 sigeifrequs,

236 4195 304 4252 Nam
320 4197 484 4267 usqueadeo
503 4197 576 4251 illam
593 4196 710 4252 diuinam
725 4210 786 4253 csse
804 4198 982 4268 perspicimus
998 4206 1030 4254 ot
1078 4198 1178 4257 betium
1198 4213 1264 4255 reru
1286 4206 1383 4253 natura
1399 4197 1446 4266 qui
1466 4196 1639 4268 simplicitate
1657 4198 1794 4255 innocens
1811 4197 1880 4253 dici·
1998 4238 1999 4249 ,

235 4292 301 4347 illud
321 4290 442 4361 Apostoli
465 4290 687 4345 manifestissime
710 4290 800 4361 uigere
826 4290 973 4346 sentiamus
1000 4291 1028 4349 io
1079 4302 1138 4357 tur,
1159 4289 1229 4348 uode
1240 4290 1366 4362 quamuis
1386 4289 1507 4347 melioris
1523 4290 1614 4347 uteriui
1624 4290 1671 4354 sit,
1687 4298 1822 4360 quantum
1841 4290 1877 4346 ad

235 4387 326 4453 uobis,
345 4385 471 4455 quoniam
486 4384 601 4440 cirquites
618 4384 667 4439 Dei
685 4385 785 4455 ditium
805 4396 843 4440 est
862 4387 890 4440 iu
905 4385 1028 4442 cordibus
1078 4383 1167 4443 leuata
1189 4383 1272 4440 istum
1292 4382 1419 4454 pertinet,
1442 4381 1532 4451 justus
1554 4397 1637 4459 quam
1659 4383 1761 4449 bonus,
1782 4393 1877 4441 tauma

235 4479 331 4534 uostris
347 4495 393 4549 per
413 4477 541 4548 Spiritum
562 4488 691 4544 sericium,
714 4478 759 4549 qui
780 4478 859 4533 dutus
881 4488 919 4533 cat
942 4478 1026 4533 nobis.
1082 4474 1876 4547 aprobono,iuquitlortealiquisaudeatmori,iniquia

235 4566 312 4635 Quod
327 4569 379 4623 tale
393 4576 451 4632 ost,
467 4582 499 4623 ac
520 4568 629 4624 sidicat
647 4569 718 4639 quod
735 4569 805 4624 Deos
817 4569 929 4625 diiiusus
943 4579 984 4626 est
999 4569 1027 4623 iu
1043 4564 1066 4625 D
1081 4567 1261 4625 miserabilior
1271 4583 1354 4627 causa
1367 4568 1528 4624 innocentie
1544 4576 1587 4623 est
1602 4568 1636 4622 ad
1654 4567 1709 4625 boe
1722 4568 1785 4639 esui
1804 4568 1875 4624 loric

235 4660 361 4715 cordibus
374 4658 485 4724 uostris,
501 4674 549 4730 per
563 4659 693 4730 Spiritum
706 4667 843 4725 sonutam,
858 4659 904 4729 qm
924 4659 1028 4715 bubum
1081 4659 1198 4731 aliquem
1224 4671 1305 4730 posse
1330 4658 1475 4729 simitum.
1502 4658 1624 4727 benique
1649 4666 1747 4727 uptam
1777 4673 1874 4729 pareti-

235 4752 262 4806 in
285 4750 373 4817 nobis,
394 4749 440 4820 qui
462 4749 544 4805 etiam
559 4765 620 4807 min
641 4751 796 4821 ignoremus
812 4748 876 4820 quid
896 4751 1026 4808 debemus
1080 4754 1122 4804 ies
1142 4764 1192 4819 pro
1215 4748 1295 4805 burris
1313 4746 1376 4815 illlis
1395 4748 1482 4814 utari,
1506 4763 1561 4803 riou
1577 4746 1674 4805 dicam
1694 4762 1799 4807 uxores
1825 4765 1874 4819 pro

234 4857 324 4907 orare,
342 4840 496 4912 interpellat
512 4841 656 4913 pronubis
674 4842 818 4914 gemitibus
835 4841 1025 4899 inenarrabili·
1078 4841 1157 4899 bonis
1172 4840 1278 4896 maritis
1291 4857 1298 4894 ε
1311 4855 1376 4895 nam
1392 4839 1543 4897 sinelimus
1554 4839 1589 4897 de
1602 4840 1673 4895 bano
1687 4848 1715 4894 ει
1726 4838 1875 4913 iustoque-

233 4933 1026 5006 lms.Quiautemscrutatureorda‚scitquiddesideaetSpl·
1077 4947 1188 5005 ponere,
1202 4932 1347 5003 aliquando
1361 4932 1500 4991 umam
1511 4932 1615 5003 iustum
1628 4932 1871 5002 deprehendimus,

234 5026 314 5093 ritus,
327 5026 457 5096 quoniam
470 5024 711 5081 secundumlteum
723 5022 1023 5094 pustulatprosauctis.
1075 5024 1222 5096 aliquando
1237 5024 1448 5097 pmponaudunr
1468 5026 1583 5090 bouum3
1600 5025 1711 5083 sienim
1722 5024 1802 5094 juxta
1825 5026 1873 5083 uei

269 5116 368 5189 thaid
382 5119 451 5173 euim
464 5117 595 5184 Citrisius,
615 5133 674 5171 cunt
689 5116 775 5171 adbuc
792 5128 940 5187 peccatores
953 5136 1023 5175 case·
1075 5116 1162 5189 legem
1177 5117 1224 5188 qui
1243 5116 1334 5187 justus
1347 5127 1391 5174 est
1408 5116 1505 5174 melior
1522 5116 1596 5173 bonu
1612 5125 1664 5179 esi,
1688 5117 1739 5173 scd
1762 5117 1808 5175 illo
1826 5118 1870 5189 qui

233 5228 303 5277 mus,
316 5211 459 5281 secuudum
476 5219 577 5280 tempus
593 5226 640 5280 pro
658 5209 745 5280 impiis
761 5218 882 5265 mortuus
906 5220 969 5265 eat·.·
982 5209 1026 5267 ciat
1076 5208 1302 5265 needumseeum
1321 5207 1463 5273 imbuant,
1483 5215 1515 5263 ul
1530 5204 1712 5278 emptitasset
1731 5222 1762 5263 se
1781 5207 1870 5273 bonis,

232 5305 301 5360 euim
314 5320 362 5377 pro
377 5304 452 5374 jauo
467 5300 525 5376 quis
536 5303 668 5369 moritum
684 5319 748 5357 nam
759 5318 806 5374 pro
826 5303 894 5358 bono
913 5303 1027 5373 [ursiton
1076 5299 1208 5355 exercitio
1219 5298 1291 5353 enim
1302 5298 1402 5355 bonum
1417 5304 1519 5355 aalma
1529 5312 1586 5353 sute
1595 5295 1687 5367 iustus
1703 5298 1870 5357 meliorabit.

231 5395 290 5467 qm
314 5396 411 5453 uadem
436 5396 515 5451 nturi
541 5394 641 5467 (Θήρ.)
668 5394 777 5451 Plenius
799 5396 892 5450 uolens
912 5396 1027 5452 uirtutes
1077 5390 1107 5447 Sl
1119 5390 1298 5461 antemiusta
1310 5391 1439 5447 mundum
1452 5390 1535 5447 luerit
1541 5390 1642 5461 jasius,
1653 5391 1824 5462 propinem
1835 5391 1871 5446 illi

234 5487 375 5545 ebaritatis
385 5489 529 5545 osmndere
545 5503 627 5559 quam
646 5486 770 5543 diffusam
790 5487 818 5542 in
833 5486 961 5542 cordibus
978 5500 1028 5542 no-
1077 5486 1164 5543 bonus
1175 5493 1286 5557 propter
1300 5485 1496 5549 innocentiam,
1512 5485 1576 5555 quia
1590 5482 1748 5553 bitiusuredi
1761 5500 1818 5540 uon
1830 5491 1872 5539 est

233 5579 299 5633 stris
311 5579 417 5635 dixerat
430 5594 479 5651 per
490 5578 620 5650 Spiritum
633 5588 767 5643 sanetum,
781 5578 879 5648 mribus
898 5577 949 5634 ime
963 5590 1028 5633 eau-
1075 5576 1137 5633 sine
1159 5576 1297 5646 impietate
1312 5574 1431 5647 justitia.
1451 5570 1547 5645 itaque
1563 5575 1654 5631 omnis
1677 5582 1777 5629 natum
1798 5575 1869 5631 bem

234 5668 273 5723 sis
295 5668 444 5739 intelligere
474 5656 635 5727 deberemus
665 5670 803 5740 exposuit,
826 5676 855 5725 ct
877 5668 955 5724 docet
978 5683 1027 5724 nos
1077 5674 1136 5732 est,
1155 5665 1262 5737 jarstitla
1277 5674 1369 5723 autom
1390 5665 1458 5734 legis
1476 5666 1523 5722 ilei
1541 5663 1871 5734 imatusestmrnpeteus

232 5756 306 5831 quod
320 5757 443 5817 Cbristus
456 5776 510 5818 uon
528 5759 643 5834 propiis
660 5760 707 5817 sed
727 5775 778 5832 pro
794 5756 887 5829 impiis
905 5768 1028 5816 niortuus
1078 5767 1196 5827 naturae,
1224 5757 1339 5831 ideoque
1362 5755 1467 5830 iustitia
1496 5756 1605 5815 mattas
1626 5764 1686 5822 est,
1711 5754 1785 5811 uude
1803 5753 1872 5827 jusu

1858 5850 1866 5879 l
