4042 6200
633 256 676 312 DE
696 255 872 337 universo
890 257 981 314 binni
1001 256 1083 314 xxti.
1104 288 1140 300 -
1158 257 1221 314 tto.
1242 256 1300 314 XV.

208 373 297 426 iudicii
309 375 419 434 signum,
432 368 508 421 tellus
517 366 608 420 sudore
620 368 747 419 madescit.

209 436 303 488 Ertaia
315 450 359 485 rex
373 434 488 482 adteuirt
501 428 626 493 perstetis
640 430 744 491 iuturus,

207 498 310 548 Scilicet
322 507 350 546 ut
362 508 436 543 carne
449 506 557 556 praeseus
568 491 683 552 diiudicet
694 493 779 539 orbem
792 506 796 536 :

210 558 279 608 l'ude
293 560 374 607 Druna
389 563 494 606 cernent
506 553 646 603 inerrduhts
657 562 731 612 atoue
746 551 834 613 tidelis,

210 621 307 671 Celsum
321 633 377 668 euru
388 619 489 675 sanctis,
502 618 546 663 atri
558 615 605 674 jam
619 616 724 663 termino
736 614 761 661 itt
773 616 836 673 ipso.

209 681 250 732 sic
261 684 351 732 :ttriutae
362 694 417 729 curu
429 690 503 726 cartre
520 678 631 729 aderunt.
645 688 705 737 rictas
714 677 803 735 judicat
815 679 878 736 ipse,

209 745 266 793 duat
278 747 342 801 jacet
357 742 462 789 htcahus
472 739 556 787 densis·
568 742 591 785 in
605 739 721 799 uepribus
731 738 796 784 oritis
810 776 816 794 ‚

210 807 332 862 lleiicieut
342 802 468 852 sitnulacra
480 801 536 860 riri,
548 807 658 847 cunctam
671 810 769 859 arrupte
782 811 876 860 gazaut,

210 867 308 916 b‘sttret
321 874 399 915 terras
413 863 476 921 iguis
488 868 638 924 pontumque
652 862 792 920 polumque,

212 927 349 990 inquirens,
363 929 420 975 tetri
434 932 514 983 troctas
526 922 643 981 ellringet
654 921 754 969 atet-nt.

210 991 353 1039 Satteturtun
362 986 407 1034 sed
421 987 485 1034 euint
496 993 589 1032 cuttotae
601 983 641 1029 htx
655 981 731 1031 libera
743 983 809 1029 carni

209 1051 342 1107 instetur,
354 1056 440 1100 sontes
451 1053 542 1094 aeterna
558 1044 651 1092 hatttuta
661 1044 786 1093 erentahtt.

210 1113 323 1162 Orctdtos
333 1120 377 1160 act*
388 1120 402 1159 s
413 1116 531 1163 retegens
542 1113 601 1154 tutte
612 1106 716 1165 ‹tuisrpte
733 1104 849 1165 ictpoetur

211 1176 324 1232 Secreta,
335 1181 411 1233 altine
422 1170 488 1218 Deus
498 1174 620 1217 resrralut
632 1173 730 1225 pociora
744 1166 801 1214 inci.

211 1236 279 1285 'sttttc
292 1239 341 1283 ent
354 1241 380 1282 rt
391 1234 479 1292 tructus,
489 1242 502 1278 s
512 1230 629 1276 ridebunt
640 1227 756 1276 ductibus
765 1239 858 1276 ornnes

211 1296 323 1358 Eripiunt
334 1294 392 1344 solis
401 1292 482 1353 juba,
494 1298 519 1340 et
530 1290 619 1338 citurus
629 1290 713 1337 hiterit
723 1290 802 1337 asrls.

210 1357 329 1408 Volumus
341 1354 440 1416 coriaut,
454 1353 544 1401 lunaris
555 1350 671 1410 splendor
680 1351 767 1400 obibit.

209 1418 318 1478 Deictet
329 1419 415 1475 ettlles,
429 1413 505 1463 ualles
517 1411 622 1462 attollet
634 1413 731 1458 altimo.

210 1482 263 1531 hon
275 1483 324 1529 erit
335 1482 358 1527 in
367 1479 442 1527 rebus
454 1477 577 1523 bantinum
586 1473 692 1522 sublime
702 1471 740 1521 tel
752 1470 836 1520 ahorn.

209 1544 264 1593 iam
277 1547 404 1602 nouantur
414 1539 505 1598 campis
517 1544 612 1585 utentes
624 1542 651 1583 et
662 1533 750 1582 cerula
763 1534 839 1594 ponti.

209 1606 297 1655 Ontuia
309 1602 450 1663 cessabunt,
463 1598 538 1648 telius
548 1595 669 1645 conhacta
682 1596 782 1654 perdit.

209 1668 253 1718 Sic
265 1667 359 1728 pariter
368 1664 449 1711 turries
461 1668 586 1709 torrentur
596 1658 745 1717 fluminaque
758 1655 816 1716 igni.

208 1729 260 1778 Sed
271 1728 330 1775 tuba
343 1733 393 1775 tum
404 1725 508 1773 sonitant
520 1722 614 1769 tristem
625 1719 730 1766 dnuittet
742 1719 771 1765 ab
784 1718 832 1764 alto

209 1789 287 1848 Orba,
300 1797 407 1850 gestiens
417 1784 510 1832 lacinus
520 1793 635 1829 miserum
648 1791 776 1839 cartennae
788 1777 895 1826 labores.

210 1852 409 1909 Tartareumque
423 1848 495 1894 chaos
507 1842 651 1892 monstrabit
663 1850 728 1889 terta
740 1840 880 1890 dehiscens.

210 1912 243 1961 Et
254 1925 337 1961 corath
349 1909 390 1958 hie
403 1906 506 1955 licutino
516 1916 592 1966 reges
600 1908 719 1951 sistentur
730 1902 759 1948 ad
772 1914 854 1949 nnunt.

212 1975 316 2024 ltecidet
328 1985 343 2020 e
358 1971 420 2020 coelo
430 1970 543 2031 ignitaque
554 1972 580 2015 et
591 1965 715 2027 saphoris
725 1966 811 2015 atonis.

148 2107 176 2162 ln
188 2105 230 2160 bis
242 2101 336 2157 latinis
346 2098 482 2163 uersibus,
497 2097 530 2152 de
544 2109 633 2167 gracco
644 2103 781 2162 utrimque
796 2090 942 2156 translatis,

150 2196 184 2251 ibi
197 2209 249 2251 uon
266 2192 311 2247 ilie
324 2204 421 2246 sensus
435 2200 580 2244 occurrere
591 2185 690 2255 potuit,
706 2184 751 2253 itui
766 2183 796 2237 ιιι
817 2197 878 2238 cum
901 2181 946 2237 lit·
966 2229 972 2244 ,

150 2298 213 2343 tere
228 2300 290 2358 quus
310 2291 373 2338 sunt
396 2280 424 2337 itt
450 2294 544 2334 eornm
569 2277 703 2348 capitibus
726 2283 944 2339 connectuntur,

149 2380 194 2436 uhi
210 2387 229 2433 t
245 2378 338 2433 littera
357 2375 383 2429 in
400 2388 490 2445 gracco
514 2371 604 2442 posita
621 2378 671 2433 est,
691 2369 754 2438 attia
776 2383 830 2423 tton
850 2378 946 2439 potue·

152 2478 215 2525 rrtnt
242 2467 326 2523 latina
355 2463 473 2521 inueniri
498 2463 597 2527 verba,
622 2476 682 2532 quas
698 2459 731 2515 ab
745 2461 841 2516 eadem
855 2461 946 2515 littera

150 2559 310 2629 inciperent,
325 2566 353 2610 et
372 2553 516 2610 sententiae
530 2552 718 2608 convertitent.
735 2549 767 2605 ili
779 2559 869 2605 autern
883 2560 946 2607 stant

150 2666 244 2709 temus
258 2659 325 2714 tres,
347 2649 460 2718 quattus
482 2656 510 2702 et
535 2653 648 2702 cctams
672 2645 802 2710 decianus,
817 2654 844 2701 et
859 2661 946 2701 nonus

149 2745 280 2800 decimus.
293 2741 417 2812 lienique
429 2749 458 2796 et
475 2739 499 2795 si
521 2740 637 2804 litteras,
652 2738 829 2809 quassantia
851 2737 947 2807 capiti-

151 2836 200 2891 bus
213 2836 335 2890 omniurn
351 2846 477 2888 renuunt
491 2871 499 2896 ,
522 2836 714 2886 connectentes
729 2828 828 2884 horum
842 2828 945 2890 trium,

151 2945 209 3001 quae
221 2930 324 3000 scripta
343 2934 419 2993 suot,
433 2943 487 2982 non
503 2926 638 2997 legimus:
656 2925 703 2981 sed
722 2939 772 2994 pro
790 2924 832 2979 eis
842 2935 862 2980 r
873 2923 947 2978 litte-

151 3034 218 3085 rant,
231 3029 362 3088 tanquam
375 3018 402 3071 in
415 3016 516 3085 eisdem
528 3016 584 3085 ipsa
598 3015 633 3069 sit
643 3015 744 3083 posita,
756 3013 945 3069 recordantur:

150 3111 309 3180 exprimitur
326 3110 355 3164 iu
366 3109 487 3179 quinque
500 3106 590 3162 uerbis
613 3104 693 3160 iesus
715 3102 836 3159 Christus
858 3102 883 3156 F
884 3086 981 3158 iliusC

150 3203 197 3256 liei
211 3201 359 3257 Salvator:
373 3201 422 3257 sed
438 3215 500 3256 cunt
515 3213 601 3269 graeee
616 3199 668 3254 hoe
679 3198 799 3264 dicitnr,
825 3212 879 3252 oon
907 3196 946 3250 ia·

152 3294 229 3348 tine:
246 3301 274 3348 et
293 3299 358 3347 sunt
379 3306 475 3346 versus
490 3288 585 3361 viginti
607 3295 722 3358 septero,
742 3286 789 3358 qni
816 3299 946 3341 numerus

151 3386 312 3454 quadratum
327 3381 476 3439 ternarium
491 3380 607 3437 solidum
621 3379 718 3435 reddit.
739 3377 801 3433 Tria
817 3377 890 3433 enirn
906 3384 948 3433 ter

151 3475 228 3530 dueta
247 3474 318 3529 hunt
331 3487 430 3529 ocrem
445 3479 495 3528 :et
514 3472 573 3542 ipsa
589 3485 686 3526 uorem
704 3469 727 3524 si
742 3470 779 3523 ita
794 3470 945 3532 durantur,

150 3566 244 3622 utlaio
256 3566 285 3621 in
297 3565 381 3620 altum
396 3564 481 3635 ligura
493 3569 650 3633 consurgat,
658 3558 792 3631 adriginti
804 3565 833 3613 et
844 3565 945 3629 septem

151 3657 322 3727 perremunt.
348 3656 450 3711 iiorunt
475 3663 565 3710 autent
581 3667 729 3725 graccorum
742 3651 863 3721 quinque
886 3664 948 3704 ter·

151 3749 256 3814 boruut,
271 3765 333 3819 quae
348 3756 423 3813 sunt,
438 3745 530 3802 iesous
544 3743 663 3800 Christos
681 3743 770 3798 Theou
784 3744 841 3814 pios
854 3753 947 3797 soter:

151 3841 220 3910 quod
234 3850 278 3896 est
292 3839 386 3905 latine,
401 3838 479 3894 teror
493 3835 614 3891 Christus
633 3834 683 3889 oet
707 3831 731 3886 F
732 3832 794 3888 ilius
813 3831 947 3898 Solantur,

152 3932 292 4001 siprimas
309 3929 416 3985 litteras
427 3927 543 3998 iungas,
558 3925 611 3981 erit
627 3926 706 3998 ιχθὺς
730 3923 758 3978 id
779 3931 832 3988 est,
857 3922 947 3992 picria,

152 4022 177 4077 iu
192 4037 247 4092 quo
262 4021 373 4076 nornine
389 4018 503 4091 mystice
515 4017 675 4089 intelligitur
687 4015 863 4080 Christus,eo
876 4011 948 4083 quod

152 4115 178 4171 iu
193 4112 274 4183 buius
289 4112 464 4169 ιιιοιιιιιιιιίι
481 4113 592 4182 abysso,
608 4108 683 4164 uelut
697 4107 724 4162 in
739 4121 870 4177 urinarum
884 4120 948 4175 pro·

152 4204 295 4266 funditate,
309 4217 399 4268 tirus,
413 4202 466 4257 boc
479 4207 530 4265 est,
546 4200 606 4255 sine
624 4205 738 4269 peccato
749 4212 810 4253 esse
820 4194 948 4266 potuerit.

153 4292 214 4351 lianc
227 4300 320 4348 autern
337 4291 451 4364 Sibylla,
470 4290 529 4347 sire
543 4290 695 4361 Erythraea,
714 4288 772 4343 sire
786 4287 826 4358 (ut
839 4285 948 4356 quidam

152 4384 239 4456 ungis
253 4382 379 4453 credunt)
393 4382 513 4446 Cumaea,
536 4380 602 4436 nihil
616 4380 699 4435 babet
713 4379 740 4434 in
756 4386 813 4434 toto
826 4376 948 4434 carmine

152 4490 201 4532 sua
216 4472 307 4548 (cujus
320 4474 417 4546 exigua
433 4473 485 4527 ista
500 4469 632 4542 particula
647 4468 705 4540 est)
726 4467 798 4538 quod
818 4466 851 4520 ad
876 4438 987 4521 beo-D

152 4582 212 4621 runt
230 4565 362 4622 salsorum
377 4565 435 4620 sive
450 4562 575 4619 lictorum
596 4560 698 4617 cultura
725 4560 843 4628 pertinet
862 4556 946 4627 :qui-

154 4659 226 4714 nimo
239 4658 279 4713 ita
292 4656 377 4713 etiam
391 4664 487 4711 contra
509 4669 557 4709 eos
571 4663 598 4708 et
612 4659 706 4709 contra
721 4650 840 4705 cultores
853 4663 947 4704 corum

153 4749 293 4818 loquitur,
311 4756 343 4802 ut
355 4747 384 4802 in
398 4760 494 4802 eorum
507 4759 624 4799 nurnero
638 4740 789 4812 deputanda
804 4740 947 4804 rideatur,

152 4841 197 4912 qui
217 4840 336 4912 pertinet
348 4838 381 4893 ιιι
396 4838 534 4893 civitatem
548 4834 607 4889 bei.
622 4832 721 4888 inserit
733 4830 816 4885 etiarn
831 4827 948 4883 Lactan-

154 4934 205 4989 tius
218 4934 293 5003 operi
309 4947 360 4986 suo
375 4929 500 5001 quaedant
514 4929 547 4983 de
561 4926 670 4983 Christo
683 4923 809 4979 vaticinia
824 4920 944 4992 Sibyllae,

152 5023 273 5093 quatttris
287 5037 341 5077 non
355 5021 499 5091 exprimat
512 5016 598 5088 cujus.
612 5017 665 5073 Sed
678 5032 738 5086 que
752 5016 809 5084 ipse
825 5012 946 5085 singilla-

153 5112 226 5168 latim
246 5112 359 5184 posuit,
385 5126 436 5181 ego
457 5109 604 5165 arbitorius
626 5123 686 5162 sunt
712 5103 858 5174 conjuncta
885 5118 946 5159 esse

153 5202 424 5272 pauenda,tanquant
437 5213 520 5253 unum
532 5196 568 5252 sit
579 5195 724 5265 prolixum,
739 5209 799 5265 quae
812 5192 856 5247 ille
868 5190 945 5261 plura

153 5292 377 5351 commemoravit
398 5300 426 5349 et
444 5290 558 5347 brevia:
575 5308 585 5341 ι
602 5288 631 5343 ln
645 5302 750 5350 manus,
767 5285 865 5355 inquit,
885 5282 946 5337 inll-

153 5384 250 5440 delium
276 5392 370 5457 postea
394 5383 494 5437 reniet.
520 5381 630 5437 Dabunt
655 5387 743 5433 autent
774 5377 866 5447 alapas
892 5375 947 5429 beo

154 5477 277 5532 manibus
296 5475 419 5541 incestis,
443 5482 472 5529 et
495 5474 602 5545 impuro
622 5483 670 5526 ore
683 5477 801 5538 expuent
815 5474 945 5520 venenata

153 5575 241 5635 sputa.
263 5567 345 5624 babit
363 5580 429 5621 sero
454 5565 488 5620 ad
512 5565 623 5619 uerbera
649 5559 809 5631 simpliciter
822 5568 946 5614 sanctum

151 5658 261 5715 dorsuna
285 5675 293 5715 :
317 5666 345 5716 et
366 5656 494 5726 colaphos
519 5654 657 5724 accipiens
686 5649 806 5722 tacebit,
833 5666 867 5708 nc
885 5650 947 5722 uuis

1111 166 1127 196 f

1732 258 1787 317 tis

953 373 979 434 A
993 378 1136 443 agnoscat,
1151 372 1223 443 qnod
1239 372 1354 428 Verbum
1368 379 1410 429 est
1423 413 1431 439 ,
1444 373 1488 429 vel
1502 375 1572 430 unde
1593 374 1667 432 renit
1690 385 1720 432 ut
1745 377 1787 433 ln-

992 463 1058 519 ieris
1072 463 1207 535 loquatur,
1223 473 1251 520 et
1262 480 1362 520 corona
1374 467 1467 537 spinea
1479 476 1632 525 coronetur.
1643 470 1683 526 dd
1694 472 1785 528 eibum

992 564 1083 609 autent
1109 554 1163 619 lei,
1179 555 1251 611 etad
1266 556 1340 611 sitiat
1355 565 1461 611 acetum
1476 559 1617 615 dederunt.
1632 562 1786 633 hthospita·

992 645 1077 700 litatis
1103 645 1173 701 banc
1198 646 1388 702 ministrabant
1420 647 1534 704 Domino
1565 666 1697 707 mensuro.
1727 653 1785 724 ipsa

993 738 1125 808 ins'piens
1137 746 1212 793 tuum
1227 755 1280 793 nou
1296 739 1451 795 intellexisti
1467 742 1550 797 Deurn
1563 741 1700 797 ludentem
1715 760 1787 799 ntor·

993 830 1104 893 talium,
1126 830 1173 885 sed
1189 830 1275 900 spinis
1296 834 1447 895 coronasti,
1471 841 1498 888 et
1521 833 1661 889 horridum
1679 833 1714 888 lei
1734 834 1788 889 uti-

992 919 1098 975 scuisti.
1114 918 1217 991 Templi
1234 935 1299 976 tero
1312 922 1401 977 velunt
1417 925 1556 979 scindetur
1573 945 1580 980 ε
1595 934 1623 979 et
1640 926 1729 980 aredio
1743 927 1788 983 die

991 1024 1045 1064 nox
1058 1010 1112 1065 erit
1138 1011 1279 1066 tenebrosa
1304 1014 1384 1068 nintis
1399 1015 1425 1069 iu
1444 1016 1531 1070 trihus
1546 1017 1629 1071 horis.
1646 1017 1680 1071 Et
1701 1028 1788 1075 ntorte

992 1101 1134 1167 tttorietur,
1150 1103 1235 1158 tribus
1249 1104 1343 1159 diebus
1358 1121 1453 1162 sontno
1467 1118 1608 1178 suscepto;
1624 1121 1688 1166 tunc
1702 1112 1736 1166 ab
1748 1113 1790 1167 iu·

992 1191 1077 1248 lentis
1092 1210 1231 1265 regressus
1243 1196 1276 1251 ad
1292 1196 1377 1252 htcettt
1388 1200 1477 1254 reniet
1488 1202 1601 1271 primus,
1615 1206 1790 1261 resurrectio

992 1285 1034 1339 nis
1064 1286 1197 1357 principio
1215 1289 1349 1343 revocatis
1372 1299 1520 1347 ostenso.»
1550 1292 1602 1347 ista
1630 1293 1789 1351 Lactantius

992 1378 1107 1447 carptim
1123 1393 1173 1448 per
1197 1380 1337 1435 intervalia
1361 1382 1545 1453 dispositionis
1568 1402 1633 1450 suae,
1662 1387 1731 1442 sicut
1757 1403 1788 1442 ea

991 1482 1104 1537 poscere
1116 1467 1288 1534 ridebantur,
1307 1487 1367 1541 quire
1384 1472 1500 1541 probare
1528 1475 1691 1538 intenderat.
1714 1476 1789 1531 adhi-
1884 1512 1886 1514 -

991 1555 1052 1611 huit
1066 1558 1218 1612 testimonia
1234 1559 1364 1630 Sibyllina
1381 1579 1387 1614 ε
1402 1577 1462 1631 quae
1477 1563 1545 1618 nihil
1561 1565 1787 1635 interponentes,

992 1648 1082 1703 sedin
1098 1664 1179 1703 unam
1194 1650 1292 1705 seriem
1314 1668 1435 1707 connexa
1456 1664 1598 1724 ponentes,
1614 1655 1679 1711 solis
1694 1658 1790 1727 capiti-

959 1725 980 1781 Β
995 1740 1055 1803 bns,
1068 1749 1098 1795 ut
1107 1741 1253 1810 scriptores
1265 1742 1392 1813 deinceps
1405 1760 1438 1798 ea
1450 1759 1560 1801 seruare
1573 1762 1625 1800 iton
1642 1747 1789 1818 negligant,

994 1831 1184 1903 distinguenda
1198 1834 1362 1889 curarimus.

1313 1945 1428 2003 CAPUT
1446 1948 1492 2003 tv.

1329 2038 1369 2090 De
1382 2038 1477 2108 nappis.

1031 2127 1169 2199 Magorum
1190 2129 1295 2198 peintus
1317 2129 1480 2192 zoroastes,
1502 2145 1550 2183 rex
1572 2129 1790 2197 Bactrianorum,

995 2237 1076 2292 quem
1090 2222 1170 2277 nintis
1182 2221 1300 2294 [arnust
1318 2238 1365 2277 rex
1379 2222 1563 2292 Assyriorum,
1576 2222 1669 2292 praello
1680 2222 1778 2279 interle

995 2317 1043 2373 cit.
1060 2315 1098 2369 lie
1111 2332 1165 2386 quo
1178 2314 1338 2370 Aristoteles
1360 2315 1465 2378 scribit,
1488 2316 1561 2384 qttod
1583 2315 1668 2371 uicies
1681 2325 1790 2371 ceutnnt

995 2405 1078 2462 utillia
1092 2420 1219 2461 tersuuut
1237 2406 1271 2460 ab
1292 2405 1351 2474 ipso
1369 2404 1478 2459 condita
1500 2404 1610 2459 indiciis
1625 2404 1790 2459 uoluminum

995 2497 1054 2567 ejus
1077 2494 1257 2551 declarentur.
1286 2493 1362 2549 lianc
1388 2504 1473 2549 artem
1501 2504 1562 2563 post
1585 2495 1670 2549 tartha
1693 2494 1791 2550 saecula

996 2585 1167 2642 Democritus
1180 2584 1331 2653 ampliauit,
1350 2585 1459 2654 tpuaudo
1477 2594 1504 2639 et
1519 2583 1695 2655 hippocrates
1708 2583 1793 2638 rnedi-

996 2678 1065 2733 cinae
1078 2676 1220 2746 disciplina
1237 2675 1363 2730 ellloruit.
1379 2675 1456 2744 dpud
1477 2675 1604 2746 Assyrios
1627 2683 1717 2730 autent
1735 2688 1795 2730 uta·

996 2771 1063 2841 gicae
1074 2779 1147 2823 artes
1159 2769 1275 2837 copiosus
1288 2776 1361 2832 suut,
1379 2776 1495 2823 testtnte
1509 2767 1620 2824 Lucano
1636 2786 1644 2822 ε

1205 2916 1315 2933 .....
1334 2884 1392 2940 Ouio
1404 2894 1506 2931 noscere
1519 2881 1577 2930 fibra

1058 2945 1118 2994 Fata
1130 2952 1203 3007 qtteat
1213 2945 1225 2997 i
1235 2945 1292 3006 cittis
1310 2945 1393 3004 prodat
1405 2957 1465 2992 ates
1478 2950 1519 2990 aut
1531 2942 1628 3001 lnlgttra
1639 2942 1694 2992 roeli

1062 3009 1151 3058 Sertet
1163 3015 1189 3056 et
1199 3006 1296 3068 Assyria
1308 3015 1433 3054 scrutetur
1445 3007 1524 3054 sidera
1537 3017 1604 3053 cura.

997 3115 1090 3184 itaqtte
1110 3114 1169 3168 baec
1182 3112 1288 3168 sortitas
1307 3111 1470 3184 magicarum
1488 3111 1587 3165 artium
1602 3126 1635 3166 ex
1648 3110 1791 3165 traditione

997 3205 1153 3276 angelorum
1178 3203 1311 3260 tnalorum
1324 3204 1350 3258 iu
1366 3211 1422 3258 toto
1441 3213 1576 3257 utrarum
1592 3201 1656 3255 orbe
1669 3199 1791 3271 plurimis

997 3298 1104 3353 saeculis
1125 3296 1218 3352 ualuit.
1239 3294 1291 3350 Per
1311 3294 1454 3365 quamdam
1475 3293 1616 3349 scientiam
1638 3292 1791 3348 luturorurn

996 3397 1024 3442 et
1038 3385 1203 3442 inlernoruut
1220 3384 1400 3438 evocationes.
1417 3383 1515 3438 Eorum
1533 3383 1640 3437 intenta
1652 3390 1714 3437 sunt
1727 3398 1788 3435 aru·

997 3476 1097 3547 spicia,
1121 3475 1310 3544 augurationes
1335 3475 1440 3541 etipsa
1462 3488 1523 3542 quaa
1544 3473 1671 3527 dicuntur
1683 3472 1792 3528 oracula

997 3577 1026 3622 et
1052 3567 1246 3621 necromantia.
1274 3563 1330 3619 Nee
1355 3566 1452 3618 ntirutn
1472 3566 1505 3618 de
1528 3579 1667 3636 tnagonun
1688 3563 1793 3634 presti-

998 3657 1065 3726 giis,
1086 3671 1199 3726 qucrum
1222 3655 1357 3709 intantum
1378 3654 1501 3723 prodiere
1524 3656 1729 3711 tuaieiactorurn
1750 3653 1792 3710 uel

998 3746 1183 3802 malellcoruut
1194 3757 1279 3810 artes,
1297 3753 1328 3799 ut
1344 3746 1425 3800 etiant
1444 3745 1527 3816 illoysi
1541 3747 1687 3802 siutiliintis
1705 3746 1791 3818 signis

998 3835 1165 3898 resisterent,
1180 3843 1316 3888 uertentes
1332 3834 1420 3903 uirgas
1436 3835 1463 3889 in
1478 3835 1631 3899 dracones,
1653 3850 1738 3905 aquas
1761 3836 1790 3892 in

998 3927 1168 3997 sanguinent.
1186 3925 1255 3992 Quid
1270 3924 1363 3995 plura?
1374 3925 1396 3979 si
1412 3925 1523 3978 eredere
1540 3924 1581 3979 las
1593 3933 1635 3979 est
1649 3926 1682 3978 de
1695 3925 1791 3995 pytho-

998 4016 1082 4080 nissa,
1098 4024 1127 4069 ut
1142 4014 1281 4084 Propheta
1297 4012 1430 4068 Santuelis
1443 4013 1562 4067 auintattt
1582 4012 1614 4068 de-
1626 4013 1724 4068 inl'erni
1740 4014 1789 4066 ab·

998 4107 1063 4164 ditis
1076 4114 1211 4167 evocaret,
1224 4113 1252 4159 ct
1263 4104 1386 4158 uirorum
1395 4110 1570 4174 praesentaret
1583 4102 1788 4170 conspectibus:

999 4199 1022 4254 si
1043 4207 1133 4253 tauteu
1162 4197 1280 4250 animam
1302 4194 1444 4265 Propheta}
1471 4193 1555 4248 luisse
1578 4194 1740 4256 credamus,
1763 4202 1791 4247 et

999 4306 1053 4344 nou
1068 4289 1186 4358 aliquant
1197 4283 1439 4358 pltantastnatica'nt
1452 4284 1604 4339 illusionem
1617 4282 1725 4338 Satanae
1740 4282 1791 4336 lal-

1001 4383 1067 4438 iacia
1081 4382 1190 4438 lactant.
1205 4379 1369 4435 Prudentius
1381 4379 1413 4434 de
1427 4377 1559 4433 Mercurio
1569 4377 1607 4431 sic
1620 4376 1658 4430 ait
1672 4393 1679 4429 a

1061 4500 1175 4549 Tractitur
1183 4500 1317 4549 exstinctas
1327 4505 1422 4558 sumpto
1435 4496 1601 4546 moderandae
1611 4495 1686 4556 virge

1063 4562 1089 4611 ht
1102 4562 1181 4610 luceru
1192 4572 1320 4609 revocasse
1332 4573 1361 4606 ιιι
1373 4572 1423 4605 toas·
1426 4591 1533 4606 .....

1063 4657 1173 4673 .....
1192 4625 1237 4671 ιιι
1247 4623 1305 4670 alias
1316 4622 1444 4669 clamitasse
1461 4620 1526 4669 neci.

999 4732 1033 4786 Et
1046 4740 1105 4801 post
1117 4729 1252 4800 paululum
1268 4727 1386 4797 adjecit:

1062 4823 1187 4872 liurnmre
1200 4836 1252 4870 nant
1266 4822 1360 4882 otagico
1372 4827 1461 4869 tenues
1472 4819 1557 4868 excire
1566 4819 1664 4877 denras,

1062 4890 1142 4947 atrine
1150 4883 1302 4947 sepulcrales
1310 4885 1372 4931 scize
1383 4885 1506 4931 iocarttare
1520 4879 1618 4930 institas.

1062 4947 1209 4995 inundent
1223 4945 1329 5008 spoliate
1342 4944 1409 5005 ..lios‚
1422 4957 1461 4991 ars
1471 4956 1541 4991 ιιοιιιι
1558 4942 1633 4989 notit.

999 5028 1068 5101 biugi
1095 5039 1168 5094 sunt,
1184 5027 1229 5098 qni
1246 5027 1323 5096 uulgo
1340 5026 1455 5080 ntalelici
1473 5027 1507 5078 ob
1523 5023 1671 5076 facinorum
1687 5017 1790 5087 nragni-

1001 5123 1120 5177 tudinem
1144 5127 1350 5188 nuncupantur:
1365 5116 1392 5170 hi
1407 5124 1435 5170 et
1455 5113 1588 5168 elementa
1611 5110 1788 5165 concutiunt:

999 5215 1110 5271 turbant
1119 5221 1222 5265 mentes
1239 5208 1388 5269 ltoutinutn,
1397 5221 1428 5259 ac
1437 5204 1496 5259 sine
1508 5200 1562 5255 ullo
1572 5200 1667 5255 veneni
1679 5197 1789 5262 haustu,

998 5305 1127 5362 violentia
1143 5310 1246 5357 tautum
1259 5297 1388 5354 cartttittis
1403 5294 1571 5350 interimunt.
1589 5290 1667 5348 Unde
1688 5298 1716 5345 et
1734 5288 1789 5344 lat·

1000 5416 1085 5457 canus
1101 5416 1108 5453 :

1062 5491 1133 5541 Heus
1143 5488 1218 5538 hausu
1230 5485 1293 5534 trulla
1304 5485 1373 5535 sanie
1390 5481 1480 5545 polluta
1493 5480 1584 5531 ueneni

1063 5555 1184 5603 incantata
1198 5556 1261 5612 pent
1263 5577 1371 5597 .....

998 5635 1172 5695 liancuibus
1182 5631 1254 5689 enin
1268 5627 1363 5689 accitis
1375 5626 1474 5684 audent
1484 5623 1665 5694 ventilarent
1676 5621 1792 5694 utrisque
