4042 6200
162 272 169 287 '
220 298 269 352 ιιι

535 292 567 346 Β.
588 290 714 349 ttabtnt
734 289 842 346 ttabttt
863 271 1022 344 altdttttlt‘.
1045 290 1197 347 stonum.
1219 291 1360 348 otendit
1380 291 1469 347 uitus
1488 292 1520 347 ll.

1801 298 1853 355 ll!

217 410 358 471 ditionem,
371 406 573 478 cataclysmum,
588 415 615 460 ct
630 406 788 460 dirisionem
811 414 900 469 tonse,
916 404 1009 457 conln·
1026 411 1048 468 ,ι
1097 406 1319 476 Paralipomenon
1344 408 1414 477 apud
1430 406 1556 461 tien-eos
1569 409 1620 463 snb
1631 409 1712 465 ιιιιιιιι
1728 409 1789 467 libri
1803 430 1854 467 vo·

217 501 376 566 sioacmqne
389 494 549 567 linguarum,
566 504 639 564 gesta
654 495 868 565 patriarcharum
879 495 1007 564 usquead

219 590 413 663 ingressionem
428 587 508 643 lsrael
524 589 549 641 in
563 586 719 658 AEgyptum.

254 682 362 738 Exodns
377 680 495 734 continet
509 677 682 734 llebraeomm
694 677 861 740 seruitutem,
875 693 908 732 ex
922 675 1006 748 dlgy-

218 787 264 845 pto
278 788 415 842 egressum
426 771 526 842 populi,
543 770 639 825 nubem
653 779 848 841 protegentem,
865 770 1007 824 transitum

220 868 300 920 etiam
309 863 392 917 ltabri
401 863 492 926 maris,
503 859 1005 930 mersumquecnmcurribusl‘lrarao-

219 974 292 1021 rrern,
306 966 333 1011 et
343 956 432 1028 gloriae
446 952 671 1015 decantationem,
684 965 900 1021 congressusque
911 951 1006 1017 eremi,

218 1050 307 1105 eibum
320 1063 435 1111 osanne,
451 1056 478 1102 ct
493 1044 592 1100 lluenta
608 1044 634 1102 ln
650 1042 817 1099 dulcedinem
832 1058 920 1107 versa,
931 1059 1008 1097 man·

219 1142 280 1197 data
295 1141 374 1195 ctiam
388 1138 524 1207 becalogi,
539 1149 654 1208 pugnam
668 1134 807 1201 lmrdcclt,
821 1142 848 1190 et
864 1151 954 1190 aream
966 1144 1007 1190 te-

218 1233 360 1297 stamenti,
380 1228 629 1298 dedicationemque
654 1224 819 1283 tabemsculi
842 1234 870 1283 et
893 1227 1007 1284 oblatio-

218 1337 289 1376 nem.
353 1366 362 1381 ,

252 1414 280 1467 ln
299 1412 417 1467 Levitico
437 1419 526 1466 autem
542 1408 584 1464 lex
600 1408 804 1471 sacrificiorum,
818 1408 1007 1464 historiarum-

217 1523 269 1576 qne
291 1506 443 1568 diuersitas,
459 1504 667 1571 indumentaque
691 1501 862 1572 pontificum,
874 1492 1005 1555 et'minl-

217 1600 300 1653 steria
314 1597 511 1659 deser-innitar,
527 1595 647 1649 ciborum
659 1593 740 1648 etiam
751 1601 779 1648 ct
790 1593 932 1649 diuersitas
945 1606 1007 1664 pec-

217 1702 350 1756 catorum,
364 1690 591 1762 purgationesque
601 1687 642 1743 ιιι
656 1686 751 1741 hostiae
765 1686 934 1742 ordinantur.

252 1808 280 1862 ln
297 1805 420 1861 lltrnreris
439 1821 502 1860 reru
521 1817 636 1875 egressae
654 1802 688 1857 dc
707 1800 823 1873 AEgypto
839 1799 924 1855 tribas
937 1815 1004 1854 enn-

182 1916 186 1917 ’
218 1905 366 1961 ιιιιιιιιιιιι,
389 1894 567 1966 quadraginta
589 1907 697 1963 quoqne
715 1900 743 1945 et
757 1891 869 1946 duarum
885 1904 933 1962 per
945 1905 1006 1945 ete·

218 2002 290 2041 ntnm
304 1985 474 2041 mansionum
488 1990 658 2038 sacramenta
678 1980 828 2049 signarttur.

251 2099 278 2153 ln
292 2095 609 2154 Deuteronomioantem,
621 2107 681 2162 qnae
691 2098 733 2146 cst
747 2091 788 2145 lex
799 2091 926 2152 secunda,
941 2107 1005 2145 nar·

217 2197 310 2242 rantur
330 2203 361 2242 ea
381 2202 442 2256 quau
459 2186 531 2239 inter
551 2183 657 2238 Pharan
675 2189 703 2236 et
715 2180 863 2247 Asserotb,
878 2191 906 2235 ct
920 2195 1006 2251 nsque

216 2278 249 2330 nd
263 2276 433 2332 Cudesbarne
447 2274 545 2328 luerint
558 2271 656 2343 populo
667 2270 739 2326 dicta
751 2285 765 2324 ι
777 2270 867 2342 Moyse
879 2270 1004 2325 mandata

215 2368 338 2423 videlieet
357 2374 439 2435 atque
450 2364 594 2433 promissa,
606 2362 809 2417 maledictiones
821 2370 1005 2430 peecatorum,

215 2453 417 2526 promissiones.
430 2450 612 2506 beatitudines
625 2449 688 2503 :nbi
701 2449 836 2504 canticum
850 2449 953 2519 lloyses
963 2463 1006 2502 ca-

217 2551 266 2613 nit,
278 2548 322 2602 ubi
335 2548 400 2602 dicit
414 2545 616 2601 benedictiones
629 2542 691 2597 filiis
702 2543 785 2598 lsrael
798 2560 804 2597 ι
819 2543 918 2612 ibique,
932 2552 1005 2597 terre

217 2638 432 2711 repromissionis
455 2644 597 2707 respecta,
619 2636 736 2690 moritur
758 2644 841 2704 atque
865 2634 1005 2705 sepelitur.

216 2728 341 2784 Nonnulli
358 2727 531 2783 llebraaorutu
543 2736 659 2796 quatuor
672 2725 757 2780 libros
768 2732 871 2780 tantum
892 2739 1006 2794 eompu-

216 2830 274 2876 taut
288 2820 365 2891 legis,
379 2817 608 2883 ilerdensem,
624 2817 756 2881 Exodnm,
773 2815 932 2881 beriticum,
949 2814 1005 2870 Nu·

216 2927 330 2976 tucrum,
343 2909 579 2966 Deuteronominm
592 2917 683 2963 ιιιιιιιι
695 2907 882 2977 repetitionem
899 2921 1006 2963 eorum-

215 3003 286 3068 dem,
301 3011 329 3058 et
342 3001 419 3071 quusi
436 2999 569 3070 quoddam
589 2998 655 3068 legis
666 2997 877 3061 meditatorium,
889 3010 921 3051 ea
936 2995 1006 3051 (ιιιιι-

216 3101 291 3148 taxat
299 3091 411 3154 ratione,
420 3089 491 3160 prod
503 3088 539 3143 illi
553 3086 799 3158 quatuorproprias
808 3099 905 3142 causas
914 3099 1004 3140 rerum
1019 3097 1041 3160 (ς

216 3192 351 3255 gestarum
359 3180 510 3243 continent,
517 3177 568 3232 iste
579 3186 667 3232 autem
674 3177 794 3231 omnium
803 3175 878 3245 quasi
885 3174 1006 3232 iterando

215 3274 346 3334 eontinet.
361 3271 390 3326 ln
404 3268 467 3326 lesu
478 3281 587 3338 quoque
598 3268 667 3322 lituo
682 3267 728 3322 lilii
744 3267 836 3332 lsrael,
851 3263 1005 3331 ducalem,

214 3366 358 3428 lordanem
374 3371 523 3428 transeunt,
534 3377 566 3418 ac
577 3362 675 3417 seculo
685 3363 931 3418 circumciduntur:
943 3360 1007 3417 snb-

215 3457 354 3525 rersisqne
367 3453 464 3512 omme
476 3452 690 3510 Cbanameomm
702 3453 826 3526 gentibus
848 3453 1005 3509 divisionem

216 3531 296 3602 terr'aa
309 3545 477 3602 hereditatis
497 3552 572 3600 sorte
582 3544 741 3614 suscipiunt.
760 3543 787 3599 ln
803 3542 872 3599 libro
883 3543 1006 3600 lodicum

215 3634 387 3690 eontinentur
410 3641 521 3703 peecata
546 3641 576 3688 et
595 3632 741 3688 servitutes
761 3631 856 3696 lsrael,
869 3631 1006 3688 exclama·

178 3778 184 3788 ,
214 3726 356 3794 tionesque
367 3731 395 3779 et
408 3722 596 3778 miserationes
615 3721 673 3777 bet.
696 3720 776 3776 Liber
794 3721 867 3776 llutb
886 3720 1005 3791 ejusdcm

215 3815 369 3874 Moabitidis
383 3814 449 3870 texit
469 3814 622 3878 historiam,
637 3813 671 3869 de
692 3811 769 3880 euius
791 3812 884 3883 stirpis
903 3812 1005 3867 familia

216 3907 353 3966 deseendit
368 3906 463 3962 David.
477 3905 555 3962 llune
575 3905 679 3961 llebrari
701 3905 819 3966 libellum
832 3904 865 3958 ud
882 3901 1005 3958 iudicum

216 3998 313 4055 librum
329 3995 509 4068 subjungunt,
525 3995 651 4066 quoniam
664 4010 699 4051 eo
710 4002 830 4066 tempore
849 4002 925 4064 gesta
946 4008 1007 4050 csse

217 4095 412 4151 memorantur,
427 4102 488 4157 quae
503 4087 530 4142 in
543 4102 576 4143 ιο
587 4087 686 4156 scripta
702 4095 783 4142 suut:
796 4094 929 4141 utcontra
951 4085 1006 4140 La·

201 4179 264 4235 'tini
280 4194 329 4250 pro
343 4194 385 4245 ea,
401 4180 473 4248 quod
486 4193 571 4250 gestus
582 4178 685 4250 regium
700 4178 782 4233 David
797 4178 906 4243 retexit,
917 4188 1005 4233 ortam

215 4289 249 4328 ex
268 4275 362 4328 eadem
381 4273 453 4330 ltntlr
472 4271 645 4337 libabitlride,
660 4271 694 4326 sd
707 4285 809 4341 corpus
818 4270 881 4325 libri
897 4269 1005 4343 llegno·

216 4377 275 4415 rum
290 4363 414 4417 veracius
428 4376 490 4418 eum
505 4361 642 4431 pertinere
660 4361 833 4417 mittendum.

252 4472 332 4526 liber
342 4472 444 4542 Regum
458 4488 612 4544 quanquam
622 4472 692 4543 apud
703 4471 812 4528 Latinos
821 4481 931 4544 propter
943 4488 1005 4542 pro·

1060 495 1161 551 lrrrnine
1173 498 1338 562 continetur,
1351 497 1867 570 appellaturqueabcisllibrelreiamim,

1060 585 1085 639 id
1099 594 1141 641 est
1164 583 1253 640 Verba
1269 585 1374 641 dierum
1387 604 1394 641 :
1407 588 1476 656 apud
1491 603 1541 645 nos
1555 598 1645 644 autem
1658 601 1770 660 propter
1790 608 1855 664 pru·

1059 672 1191 730 lisitatem
1212 675 1253 730 sui
1277 676 1304 730 in
1325 675 1428 732 duabus
1451 677 1559 735 decisus
1580 688 1622 734 est
1643 682 1774 750 partibus.
1790 682 1854 739 llaec

1059 775 1148 821 autem
1168 766 1281 822 historia
1296 767 1418 822 ordinem
1433 768 1637 840 generationum
1655 779 1683 825 et
1701 779 1854 842 temporum

1058 861 1211 924 continens,
1224 860 1251 914 in
1263 875 1314 930 qna
1327 860 1429 915 scilieet
1444 875 1497 914 nou
1513 875 1597 931 parra
1611 870 1768 918 sanctarum
1780 862 1855 919 Seri·

1058 957 1199 1017 pturarum
1218 948 1334 1004 eruditio
1355 948 1517 1004 continetur.
1534 948 1602 1005 Nam
1614 966 1676 1022 quae
1689 952 1716 1007 iu
1739 952 1852 1011 historia

1059 1038 1164 1093 Veteris
1185 1039 1350 1094 Testamenti
1364 1040 1391 1094 in
1407 1038 1473 1095 loeis
1486 1040 1543 1095 suis
1557 1050 1603 1098 aut
1618 1043 1733 1099 omnino
1751 1046 1852 1102 omissa

1058 1138 1131 1197 sunt,
1146 1138 1193 1185 aut
1207 1128 1322 1187 sortasse
1335 1146 1389 1186 nou
1402 1131 1480 1200 plene
1496 1133 1612 1205 digesta,
1628 1134 1656 1189 in
1667 1141 1718 1194 teta
1734 1152 1853 1194 summa-

1057 1223 1106 1277 tim
1119 1237 1152 1278 ιι
1168 1222 1288 1280 breviter
1301 1224 1408 1296 expleta
1422 1233 1493 1281 suut.
1512 1227 1595 1296 Citius
1615 1230 1724 1298 quidem
1737 1231 1823 1288 series
1837 1248 1852 1287 a

1057 1313 1141 1369 latere
1163 1329 1257 1385 regum
1271 1315 1328 1371 sire
1353 1331 1497 1388 regnomm
1521 1318 1613 1386 ducta,
1635 1321 1797 1392 perveniens
1818 1323 1853 1378 ad

1058 1404 1123 1459 illud
1149 1421 1234 1475 usque
1259 1414 1442 1477 tempusque
1467 1416 1495 1465 et
1517 1424 1662 1482 regnorum
1686 1420 1776 1470 textus
1793 1413 1854 1469 fini·

1058 1504 1111 1549 tur.

1091 1583 1141 1640 lob
1163 1562 1231 1640 tiber
1249 1586 1370 1643 continet
1384 1587 1505 1659 ejusdem
1529 1590 1615 1646 saneti
1631 1591 1681 1647 riri
1696 1592 1793 1649 danma
1812 1594 1853 1651 ln-

1057 1683 1134 1729 nesta
1142 1674 1183 1729 rel
1192 1674 1306 1747 flagella,
1318 1687 1346 1733 et
1356 1679 1549 1736 contumeliosa
1560 1681 1756 1740 masolantium
1767 1687 1852 1753 dieta,

1021 1754 1043 1813 Β
1057 1765 1173 1821 lamenta
1189 1781 1296 1838 qnoque
1310 1766 1369 1837 ejus
1391 1770 1418 1824 in
1442 1771 1541 1840 quibus
1556 1773 1639 1829 totius
1653 1775 1744 1830 mundi
1759 1776 1853 1848 deplo-

1056 1867 1099 1913 rat
1118 1859 1255 1914 miseriam
1268 1861 1487 1918 :consolationes
1506 1865 1588 1920 etiam
1608 1866 1655 1921 Ilei
1670 1868 1703 1922 ad
1722 1882 1784 1923 eum
1805 1886 1855 1941 per

1057 1954 1200 2020 turbinem,
1216 1957 1329 2027 ejusque
1350 1957 1484 2028 duplicem
1499 1960 1631 2015 bonorum
1646 1962 1672 2017 in
1687 1962 1740 2018 sine
1763 1979 1853 2019 reum·

1056 2044 1233 2098 perationem.
1256 2044 1305 2100 llic
1317 2047 1399 2101 etiam
1413 2062 1446 2103 ex
1460 2049 1518 2102 suis
1530 2049 1703 2119 passionibus
1717 2060 1746 2106 et
1762 2054 1854 2109 verbis

1055 2129 1156 2187 Christi
1169 2133 1302 2202 expressit
1313 2135 1457 2207 imaginem
1470 2150 1478 2189 r
1489 2139 1588 2207 conjnx
1603 2153 1669 2193 vero
1681 2137 1742 2207 ejus
1755 2156 1853 2197 carna·

1057 2220 1121 2276 lium
1135 2230 1226 2292 typum
1241 2222 1375 2295 designat,
1390 2225 1436 2295 qni
1457 2226 1527 2281 iutra
1550 2227 1699 2283 Ecclesiam
1714 2231 1793 2300 positi
1809 2233 1851 2286 ri-

1057 2324 1113 2370 tam
1136 2316 1297 2387 spiritalium
1321 2319 1442 2374 moribus
1464 2321 1521 2376 suis
1545 2321 1738 2377 scandalizant.
1762 2313 1862 2379 dnriei'

1056 2418 1121 2459 rem
1138 2405 1197 2475 ejas
1217 2407 1334 2477 speciem
1360 2415 1453 2463 tenent
1473 2410 1664 2467 lraereticorum
1685 2428 1717 2467 ac
1738 2412 1852 2485 liguram

1056 2509 1242 2566 perversorum
1254 2499 1512 2569 dogmatum.Porro
1520 2501 1604 2567 llelri,
1612 2504 1657 2574 qni
1667 2502 1853 2560 adrersnslob

1057 2585 1131 2653 grati
1147 2587 1356 2654 exprobratione
1370 2588 1503 2656 inuititur,
1518 2591 1651 2663 signifieat
1661 2607 1709 2649 eos
1721 2593 1767 2663 qni
1781 2603 1852 2649 ιιιιιι

1058 2672 1204 2729 Ecclesiam
1225 2677 1372 2746 predieaut
1386 2686 1413 2735 et
1426 2690 1602 2753 armganter,
1614 2692 1642 2739 et
1656 2698 1706 2753 per
1720 2692 1852 2740 tumorem

1056 2770 1204 2833 carnisse
1224 2773 1345 2830 scientiae
1363 2774 1462 2833 lustum
1485 2779 1615 2851 quidquid
1637 2779 1790 2850 proferunt,
1805 2797 1851 2837 su·

1057 2858 1463 2932 perbiaeexemplisostendunt.
1519 2852 1524 2865 ⁵

1092 2947 1174 3005 Liber
1186 2950 1353 3009 Psalrnorum
1371 2972 1526 3028 quanquam
1539 2973 1594 3015 nno
1611 2958 1765 3023 includetur
1775 2959 1851 3015 rolu-

1057 3042 1141 3107 mine,
1158 3057 1211 3097 nou
1224 3054 1265 3100 est
1289 3054 1379 3103 tamen
1391 3049 1480 3106 editus
1493 3066 1547 3106 nno
1558 3051 1707 3123 colemque
1727 3062 1849 3110 anctore.

1058 3129 1155 3184 liccem
1180 3133 1252 3188 enim
1271 3150 1341 3204 pene
1364 3139 1503 3207 propbetas
1525 3147 1598 3205 sunt,
1617 3142 1662 3208 qui
1682 3157 1730 3198 eos
1744 3144 1851 3202 diverso

1058 3226 1178 3289 tempore
1191 3222 1367 3292 seripserunt,
1381 3226 1459 3283 idest
1473 3228 1587 3301 lloyses,
1600 3230 1695 3297 David,
1709 3229 1850 3301 Salomon,

1056 3312 1158 3383 Asaplr,
1174 3314 1274 3382 Etlsan,
1288 3316 1385 3384 Eman,
1399 3318 1519 3386 lditbum
1531 3330 1559 3377 et
1572 3322 1619 3378 dttt
1635 3322 1734 3388 Chore,
1750 3325 1811 3381 dsir
1823 3336 1851 3381 ιι

1056 3403 1150 3459 dabab
1164 3405 1220 3460 sire
1241 3406 1325 3462 dsdra
1339 3426 1346 3463 ε
1360 3410 1482 3465 nonnulli
1507 3412 1590 3467 etiam
1604 3411 1697 3485 Aggei,
1710 3414 1850 3470 zaelrarise

1056 3507 1117 3550 esse
1142 3494 1340 3554 existimantur.
1367 3499 1407 3556 lle
1428 3500 1472 3556 bis
1491 3512 1593 3571 antem,
1610 3506 1655 3574 qui
1680 3506 1739 3561 sine
1764 3506 1850 3562 titolis

1057 3594 1130 3649 sunt,
1154 3587 1263 3644 traditio
1287 3597 1408 3646 reserum
1429 3592 1490 3648 talis
1510 3602 1571 3649 est:
1586 3603 1615 3650 nt
1629 3596 1707 3668 cujas
1732 3600 1852 3656 auctoris

1056 3676 1225 3748 praescriptio
1249 3682 1429 3751 precesserit,
1443 3684 1546 3750 reteri,
1572 3685 1619 3756 qul
1642 3688 1701 3743 sine
1715 3687 1794 3743 titulo
1807 3703 1852 3744 se-

1056 3775 1191 3836 quuntur,
1205 3770 1291 3841 ipsius
1303 3789 1364 3830 esse
1375 3777 1530 3832 credantur.
1552 3777 1602 3834 Est
1613 3788 1704 3836 autern
1722 3781 1766 3838 bie
1779 3782 1849 3838 ldter

1056 3860 1207 3933 allegoricis
1221 3869 1254 3919 ae
1273 3867 1369 3937 typicis
1393 3872 1571 3927 sacramentis
1590 3872 1712 3943 signatus
1725 3893 1733 3929 t
1745 3876 1849 3944 specia-

1056 3949 1117 4005 liter
1139 3961 1240 4020 amem,
1254 3956 1326 4024 qnod
1347 3964 1436 4025 natas,
1450 3960 1521 4029 quel
1544 3975 1658 4031 passus,
1674 3963 1745 4034 quod
1759 3978 1850 4021 resur·

1056 4040 1126 4095 rexit
1138 4040 1263 4100 Christus
1276 4060 1284 4098 a
1295 4059 1359 4102 rere
1381 4047 1433 4105 boc
1450 4063 1531 4105 omne
1551 4050 1716 4121 psalmorum
1739 4065 1850 4111 resanat

1055 4148 1197 4204 organum.
1210 4135 1356 4193 Sciendum
1371 4147 1471 4208 umen,
1486 4142 1557 4212 qnod
1571 4143 1641 4214 apud
1653 4143 1780 4202 llebraeos
1791 4163 1849 4203 om-

995 4264 1001 4276 .
1056 4241 1105 4281 nes
1125 4226 1220 4297 psalmi
1234 4229 1362 4299 permixti
1379 4229 1479 4288 luerim
1490 4242 1518 4289 et
1531 4234 1687 4302 inordinati,
1703 4253 1772 4308 qrros
1787 4239 1848 4309 xpri-

1055 4316 1116 4370 dem
1137 4317 1241 4388 primus
1257 4319 1356 4378 usuras
1375 4322 1402 4378 in
1423 4339 1505 4378 unam
1518 4324 1644 4380 rolumen
1666 4328 1765 4398 coegit,
1779 4337 1807 4382 rt
1819 4327 1846 4381 in

1018 4405 1177 4499 Dordluem
1200 4424 1396 4482 numenrmque
1417 4412 1561 4483 disposuit,
1585 4430 1618 4471 ac
1636 4430 1685 4485 per
1709 4417 1846 4486 ιιιιιιιιιιι
1929 4462 1935 4470 .

1056 4500 1218 4554 sacramenti
1241 4502 1398 4571 mysterium
1424 4503 1485 4560 aliis
1509 4505 1576 4562 alios
1599 4506 1718 4577 pretulit
1740 4507 1846 4573 ordine,

217 4561 346 4616 lixitatem
362 4562 403 4615 sui
418 4562 444 4614 in
463 4571 580 4631 quatuor
591 4562 715 4631 partibus
728 4562 765 4617 sit
784 4560 907 4616 desertus
921 4560 1006 4633 [dige
1056 4587 1119 4641 dum
1134 4589 1295 4657 posteriores
1311 4592 1494 4649 videnum
1510 4604 1640 4667 tempore·
1662 4595 1728 4651 Nam
1751 4611 1848 4652 mm,

215 4648 379 4720 s¹¹¹⁵¹l2²³l³l¹¹¹
403 4649 529 4705 ¹¹⁰b¹i⁰⁰³
551 4661 640 4706 ΜΘΗ
664 4651 690 4706 ῙΠ
715 4652 819 4707 du⁰b⁰⁸
842 4651 942 4706 divisus
965 4659 1007 4707 ⁰⁸²
1055 4674 1119 4729 dum
1132 4676 1251 4732 historiae
1264 4694 1373 4734 cursum
1384 4681 1481 4737 tertius
1492 4683 1612 4752 psalmus
1622 4684 1846 4755 quinquagesimo

215 4740 405 4805 voluminibus,
421 4757 535 4811 qnorum
550 4743 653 4811 primus
670 4743 777 4798 Samuel
796 4745 891 4800 scribit
913 4760 1004 4800 aream
1056 4767 1198 4836 pompos,
1214 4767 1261 4822 sed
1284 4779 1394 4839 propper
1417 4772 1574 4843 mysgerqum
1599 4773 1627 4827 q„
1651 4772 1748 4829 ,migne
1769 4774 1844 4843 prim.

216 4832 321 4887 llomini
336 4847 351 4886 a
364 4829 462 4888 Jndaals
478 4834 607 4889 transisse
621 4835 772 4907 adgentes,
788 4836 899 4905 llelique
912 4853 1004 4893 sacer·
1056 4863 1107 4912 esp,
1124 4854 1170 4911 syc
1182 4857 1253 4913 enim
1268 4858 1402 4916 habemur
1415 4870 1443 4918 οι
1457 4865 1559 4928 meri,
1572 4864 1634 4933 quq,
1650 4863 1768 4934 spargas
1783 4878 1846 4918 ιω..

214 4926 317 4980 dottam
338 4925 450 4997 mystice
471 4926 498 4980 in
519 4925 670 4982 Samuelem
695 4925 776 4983 luisse
794 4928 963 4994 translatum,
978 4930 1004 4986 in
1055 4952 1378 5021 cmgffisppaeofqimq
1395 4964 1427 5009 ,η
1488 4956 1537 5010 up,
1561 4955 1687 5012 gaqomon
1703 4956 1845 5011 yngvqu.

215 5015 299 5071 [mid
314 5015 403 5072 &⁰¹5⁸
416 5017 487 5089 '⁰85⁸
502 5016 655 5086 imperium,
1056 5038 1128 5090 arina
1139 5037 1231 5092 edidit.
1251 5037 1358 5095 Primus
1370 5056 1403 5096 ex
1418 5042 1460 5098 bis
1482 5042 1689 5099 Proi'erbiorum
1702 5044 1780 5100 liber.
1796 5043 1846 5099 Se-

251 5123 391 5181 blalaebim
406 5140 470 5182 rcro
482 5140 560 5196 reges
579 5124 677 5182 iudaeae
689 5136 717 5182 et
738 5125 890 5182 lsraeliieae
907 5128 1002 5196 gentis,
1055 5128 1167 5190 condus.
1183 5129 1229 5198 qni
1255 5130 1403 5200 appellatur
1427 5134 1613 5194 Ecclesiastes.
1638 5135 1756 5202 Tettius,
1769 5133 1846 5203 ιιιιιιι

215 5221 344 5286 gestaque
372 5231 465 5271 eorum
487 5231 536 5288 per
562 5216 684 5272 ordinem
710 5216 807 5288 digerit
832 5226 1001 5289 temporum:
1055 5217 1148 5274 titulus
1162 5216 1214 5286 est,
1229 5220 1561 5284 cantieuneamteonun.
1581 5229 1608 5282 ln
1623 5228 1721 5297 qrribus
1736 5228 1844 5298 quidem

217 5305 356 5377 ipsumque
378 5306 459 5361 lsrael
482 5308 517 5363 ob
539 5321 660 5363 errorem
683 5307 838 5364 idololatriae
852 5318 962 5363 enarrat
976 5310 1001 5365 in
1056 5310 1141 5366 tribus
1161 5312 1238 5367 libris
1252 5315 1333 5369 trium
1351 5332 1478 5385 generum
1504 5318 1660 5388 disciplinas
1680 5322 1843 5391 composuit,

215 5393 340 5464 Assyrios
365 5397 649 5470 transmigratumzad
666 5406 817 5453 extremum
841 5400 936 5453 edocet
958 5415 1003 5454 re·
1055 5403 1152 5472 quibus
1175 5405 1209 5459 ad
1235 5422 1324 5461 rernm
1346 5407 1485 5462 scientiam
1508 5411 1674 5477 peruenitur.
1698 5411 1846 5481 inprimis

216 5484 288 5541 aisse
296 5482 543 5544 Nalmebedonosor
551 5486 711 5553 Jerusalem,
725 5498 886 5558 raptumque
894 5489 1002 5545 duxisse
1055 5506 1171 5559 nonique
1196 5493 1328 5562 Etbicam,
1342 5495 1369 5550 id
1387 5503 1429 5549 est
1443 5496 1571 5551 moralem
1587 5507 1666 5568 :post
1678 5499 1736 5553 baec
1753 5499 1844 5569 physi-

216 5575 361 5645 priaripem
376 5593 406 5632 ae
419 5577 557 5648 populum,
573 5589 598 5633 et
612 5573 773 5633 subi'crtissc
786 5576 878 5632 urbem
893 5587 918 5633 et
934 5586 1001 5633 tcm—
1054 5596 1198 5652 eamque
1215 5584 1370 5653 qualitatem
1391 5594 1495 5641 natiuae
1508 5587 1723 5658 comprehendit,
1739 5586 1771 5642 ad
1786 5587 1845 5640 nlti-

216 5669 301 5736 plurn.
1055 5687 1127 5726 mum
1142 5675 1284 5743 theoriam,
1296 5675 1322 5731 id
1335 5685 1377 5733 cst
1389 5679 1634 5749 contemplativam.
1650 5679 1678 5734 ln
1690 5677 1844 5734 Proverbiis
