4042 6200
220 282 268 337 ‘lbi
539 280 569 335 B.
592 281 717 338 usuum
738 282 847 340 Datim
864 282 1023 341 tuemur.
1046 282 1200 341 auteur.
1219 278 1360 341 obeunti
1380 278 1470 335 raus
1489 277 1531 335 ΙΙΙ.
1803 278 1860 337 Did

220 412 289 450 uus:
311 401 337 447 ot
351 392 396 463 qui
410 399 451 448 cst
465 404 542 451 cntra
556 394 717 465 sapientiam
728 395 787 462 Dei,
798 397 959 469 sapientiam
968 397 1014 485 dq-
1028 400 1051 459 Δ
1068 416 1077 448 ι
1092 411 1145 451 nou
1169 395 1219 452 llas
1239 395 1306 453 mibi
1328 391 1453 464 alienus),
1476 406 1590 463 parcens
1613 392 1679 447 milri
1690 392 1719 449 in
1732 392 1777 449 die
1792 408 1861 463 pos·

221 484 360 556 relinquit.
377 482 481 540 Doceus
494 485 586 555 itaque
597 501 646 540 uos
659 488 790 557 propbeta
806 489 870 558 quid
884 486 918 542 de
927 493 1015 542 omni·
1068 506 1077 539 ι
1093 486 1193 543 simo.»
1219 486 1355 559 (Dieron.)
1382 484 1434 553 Qui
1458 499 1513 541 nou
1538 491 1636 554 putant
1659 492 1784 551 renarra,
1798 500 1864 556 qvia:

221 576 283 640 bus,
297 573 343 643 qui
358 574 443 628 Deum
458 574 597 637 deserunt,
613 574 647 629 sit
662 572 795 641 futurum,
809 576 867 631 ait:
890 576 1014 633 Universi
1065 577 1137 633 dieta
1149 585 1223 644 suot,
1235 578 1383 649 loquuntur
1397 576 1431 633 ad
1445 576 1629 646 proplietam:
1645 594 1655 629 ι
1673 575 1724 633 Ubi
1738 585 1783 633 est
1797 592 1863 633 rer·

221 667 268 738 qui
281 666 472 735 derelinquunt
485 665 693 730 confundantur,
706 666 885 732 discedentes,
898 670 950 724 lroe
960 678 1014 735 est,
1064 668 1128 724 bum
1158 669 1287 725 Domini?
1314 668 1436 733 veniae»
1457 667 1703 724 dissimulationem
1718 669 1864 725 senunuae

220 764 352 828 qnantum
371 763 398 810 te
419 755 555 821 deserunt,
581 762 684 810 tautum
699 755 908 822 confundamur,
928 756 1016 813 disoe-
1065 760 1221 817 dilatiouem
1243 761 1418 817 arbitrantes.
1435 759 1491 815 dlis
1505 766 1608 827 autem,
1635 759 1733 829 inquit,
1750 759 1861 817 istadi-

220 846 394 901 ‹leutesate
412 838 522 913 «Super
537 853 638 899 terram
650 843 835 900 scribantur.»
852 845 951 901 Omnes
966 846 1016 901 bu·
1065 853 1199 919 centibus,
1222 867 1273 923 ego
1297 867 1352 908 oou
1379 866 1439 907 sum
1458 851 1591 916 turbatus,
1622 849 1805 907 neobboravi
1833 859 1864 904 te

220 936 309 991 mines
318 934 509 992 describuntur
521 935 608 991 sancti
622 935 649 990 iu
663 936 751 991 eoelo:
767 945 924 1007 peccatores
933 950 1016 1006 snper
1064 949 1200 1013 pastorem
1224 957 1352 1012 sequeus,
1380 942 1438 998 sive
1454 947 1576 1012 posttea
1603 939 1760 1012 ingrediens
1774 942 1860 997 vesti-

221 1037 333 1085 terram.
348 1028 420 1084 Dicit
430 1027 465 1085 ad
478 1028 623 1100 discipulos
636 1027 735 1085 lesus:
755 1047 765 1080 ι
779 1029 900 1085 Gaudete
911 1037 1014 1096 autem,
1064 1030 1126 1102 gia:
1147 1046 1198 1087 nee
1212 1032 1264 1088 boc
1276 1030 1316 1087 lui
1339 1030 1392 1086 fine
1406 1038 1560 1093 contentus,
1586 1030 1635 1085 sed
1647 1029 1719 1085 diem
1742 1029 1862 1085 bominis

221 1120 285 1190 qnia
297 1120 514 1175 nominavestra
531 1120 633 1190 scripta
652 1128 717 1177 suut
728 1119 755 1177 io
769 1120 846 1176 coelis
861 1119 937 1193 (Lac.
953 1119 1012 1192 x).›
1064 1136 1119 1177 nou
1131 1120 1294 1189 desideravi,
1314 1121 1357 1177 vel
1381 1121 1464 1176 vitam
1488 1119 1648 1192 long—iorem,
1664 1120 1706 1175 rel
1730 1133 1861 1191 prospera

222 1234 231 1265 ι
247 1211 305 1280 Quo
318 1211 391 1266 euim
405 1222 493 1266 metro
515 1212 602 1267 mensi
619 1218 691 1277 snm,
704 1211 861 1267 remetietur
873 1209 913 1267 eis
937 1209 1014 1282 (luc.
1064 1227 1179 1284 quaeque
1189 1210 1269 1283 bujtu
1280 1212 1371 1269 seculi
1385 1213 1546 1284 :ipsumque
1560 1221 1641 1267 vocat
1652 1219 1765 1279 testem,
1779 1226 1862 1282 qum

220 1302 268 1376 ιι).
281 1323 290 1355 ι
304 1302 422 1373 lpsesibi
434 1304 618 1374 uuusquisque
628 1316 710 1359 eausa
722 1312 772 1368 est,
784 1303 1016 1359 ntscribatursu·
1065 1311 1092 1359 et
1105 1302 1246 1374 judicem:
1265 1320 1274 1353 ι
1295 1311 1324 1358 tu
1342 1303 1424 1358 nosti.
1443 1317 1481 1355 ιί
1493 1302 1564 1358 Ecce
1579 1302 1631 1372 ipsi
1642 1302 1780 1359 dicontad
1796 1316 1860 1358 me:

219 1412 269 1466 per
281 1406 381 1453 terram
393 1396 433 1451 :si
446 1412 500 1452 nou
512 1396 634 1452 eoeiesba
644 1398 764 1467 requirat
773 1399 800 1452 in
812 1406 894 1463 terra,
905 1398 929 1453 si
940 1413 1015 1454 sem·
1065 1394 1116 1451 Ubi
1127 1405 1168 1451 est
1178 1411 1268 1453 sermo
1278 1397 1405 1453 Domini?
1415 1397 1515 1453 veniat.
1522 1397 1578 1467 ligo
1588 1405 1679 1453 autem
1690 1413 1747 1454 nou
1755 1397 1863 1456 labora·

222 1504 272 1557 quer
288 1488 379 1544 aalma
397 1488 499 1560 ejusde
513 1488 592 1544 istius
602 1489 696 1543 mundi
709 1488 823 1561 negotiis
835 1498 942 1555 aestuet,
954 1503 1017 1560 quae
1065 1487 1091 1541 vi
1105 1487 1273 1558 subsequens
1283 1496 1346 1559 post
1356 1496 1392 1544 te.
1405 1487 1525 1560 ›10:th
1538 1488 1616 1546 iosus
1624 1490 1671 1547 tibi
1679 1489 1765 1545 dicit:
1778 1510 1788 1542 ι
1799 1489 1865 1547 Tol-

220 1581 346 1635 videntur
370 1579 468 1635 suenio
488 1580 578 1645 bona;
594 1579 617 1634 si
644 1594 709 1635 rero
722 1580 835 1635 autlleus
857 1575 950 1635 lesum
972 1578 1016 1634 lo·
1065 1577 1091 1632 ie
1100 1593 1209 1634 artacem
1220 1587 1305 1644 tuam,
1316 1578 1425 1646 etreui,
1435 1594 1551 1650 sequere
1563 1594 1621 1646 me:
1636 1589 1705 1636 set:
1718 1599 1729 1633 ι
1744 1580 1792 1650 qui
1807 1595 1862 1636 uon

219 1679 367 1742 quemem:
386 1690 395 1724 r
412 1669 500 1727 Nolite
520 1670 597 1727 robis
617 1671 803 1727 thesaurizare
817 1672 960 1728 thesauros
971 1686 1018 1727 su-
1066 1668 1207 1739 reliquerit
1218 1678 1322 1740 patrem
1333 1678 1380 1725 aut
1398 1676 1527 1734 matrem,
1542 1677 1571 1725 et
1586 1679 1698 1726 secutus
1711 1685 1766 1727 nou
1778 1670 1861 1727 luerit

218 1780 267 1835 per
282 1775 394 1831 terram,
407 1764 453 1819 ubl
466 1764 539 1819 tinea
558 1772 587 1820 et
598 1764 698 1820 vermis
713 1764 905 1831 exterminant,
919 1772 948 1818 et
965 1762 1011 1819 ubi
1027 1750 1050 1810 Β
1063 1774 1117 1823 me,
1132 1775 1186 1816 uuir
1200 1760 1348 1833 estdiguus
1359 1775 1436 1817 meus
1447 1775 1510 1817 esse
1518 1761 1667 1831 discipulus
1677 1760 1755 1830 (Lac.
1765 1760 1833 1832 xm).
1847 1780 1859 1813 ι

219 1855 295 1913 iures
305 1855 435 1913 effodiunt
458 1864 486 1910 et
508 1853 642 1919 iurantur,
670 1854 717 1911 sed
742 1854 925 1911 thesaurizato
939 1853 1016 1909 vobis
1065 1847 1095 1904 Si
1109 1849 1191 1922 igitur
1205 1849 1266 1905 talis
1282 1849 1378 1917 lucris,
1396 1859 1428 1906 nt
1439 1866 1547 1923 semper
1560 1850 1699 1908 Christum
1712 1855 1860 1923 sequare:

219 1948 362 2003 thesauros
375 1945 402 2001 iu
430 1944 499 2001 coeio
527 1943 602 2018 (Luc.
617 1946 699 2017 111),t
720 1945 767 2016 qui
790 1945 1016 2003 thesaurizaverit
1065 1950 1168 2011 quanto
1189 1940 1250 2013 plus
1262 1949 1373 1999 secutus
1391 1941 1490 2007 tueris,
1505 1951 1580 1999 tamo
1594 1943 1686 1999 miuus
1703 1943 1858 2000 laborabis·

219 2037 269 2092 sibi
294 2035 323 2092 in
349 2035 431 2103 eoelo,
456 2035 514 2108 ipse
537 2036 590 2092 sibi
616 2051 699 2092 eausa
719 2046 771 2099 est,
792 2043 824 2091 ut
838 2036 973 2092 scribatur
986 2036 1014 2091 in
1063 2040 1172 2088 nonest
1184 2033 1258 2089 enim
1280 2032 1412 2089 lassitudo
1436 2032 1465 2088 iu
1488 2031 1592 2090 iacob:
1610 2048 1700 2104 neque
1719 2036 1859 2107 apparebi·

218 2128 305 2185 omlis.
320 2127 456 2200 (Hieron.)
476 2128 618 2198 Causaque
640 2125 784 2183 manifesta
797 2141 847 2182 eur
859 2126 1015 2182 scribantur
1064 2123 1142 2180 dolor
1165 2125 1193 2180 iu
1205 2123 1298 2180 lsrael.
1314 2124 1461 2195 Pmpterea
1481 2124 1567 2191 utut,
1589 2134 1621 2183 ut
1639 2141 1694 2184 uon
1706 2126 1862 2187 laboremus

217 2223 342 2287 interra,
358 2220 422 2291 quia
449 2220 620 2290 reliquerunt
643 2218 745 2275 lumem
769 2219 832 2274 vitae
858 2217 1011 2284 Dominum,
1063 2215 1177 2273 ulterius
1201 2234 1208 2272 :
1231 2215 1386 2272 laborantes
1408 2225 1569 2288 autequam
1590 2233 1653 2276 eum
1667 2220 1862 2291 lecapenum

217 2315 274 2367 sive
299 2312 402 2369 iontem
416 2327 550 2384 aquarum
571 2310 719 2367 viventium
745 2310 901 2377 Dominum,
916 2310 1015 2381 quilu·
1063 2305 1298 2378 seqniztileuite
1318 2306 1351 2361 ad
1375 2309 1592 2379 me,ournesqui
1616 2310 1756 2376 laboratis,
1772 2312 1863 2382 etqui

217 2400 310 2472 quitur
324 2403 351 2457 iu
369 2402 534 2472 Evangelio:
551 2420 560 2451 ι
575 2399 605 2455 Si
628 2400 690 2470 quis
703 2399 761 2455 sitit
775 2400 867 2455 veniat
879 2400 913 2455 ad
925 2414 969 2455 me
985 2408 1014 2455 et
1063 2398 1171 2453 onerati
1192 2398 1268 2463 estis,
1283 2405 1311 2453 et
1331 2413 1382 2470 ego
1405 2398 1524 2456 relieiam
1543 2415 1592 2456 vos
1612 2400 1720 2475 (dietih.
1731 2402 1807 2473 rr).-»
1831 2402 1862 2459 Si

217 2497 311 2554 bibat:
326 2494 377 2564 Qui
391 2495 478 2550 credit
502 2495 529 2549 iu
547 2509 602 2559 mc,
627 2493 698 2548 sieut
711 2492 777 2548 dicit
800 2492 952 2564 Scriptura,
964 2491 1015 2548 Du·
1063 2490 1216 2547 laborantes
1229 2492 1383 2548 venerimus
1394 2492 1428 2547 ad
1442 2489 1543 2556 lesum,
1560 2502 1589 2548 et
1601 2507 1664 2548 eom
1678 2492 1863 2550 luerimusse·

216 2586 290 2639 roim
304 2584 338 2640 de
360 2592 456 2639 ventre
480 2581 539 2652 ejus
563 2580 646 2636 linem
660 2594 737 2649 aquae
750 2580 826 2635 virae.
841 2580 898 2636 lloe
921 2590 1014 2637 autem
1063 2581 1129 2646 euti,
1144 2568 1309 2637 tuuedieere
1324 2582 1493 2651 poterimus:
1513 2602 1523 2633 ι
1540 2582 1596 2651 Ego
1608 2591 1700 2639 autem
1716 2600 1773 2639 uun
1788 2584 1864 2642 labe

216 2675 285 2730 dixit
312 2673 346 2730 de
364 2672 467 2745 Spiritu
493 2687 573 2743 quem
596 2670 735 2742 accepturi
765 2678 845 2726 eraut
868 2671 1013 2729 credentes
1063 2672 1120 2727 ravi
1134 2673 1302 2743 subsequens
1315 2681 1377 2742 post
1391 2681 1439 2726 te:
1462 2680 1490 2727 et
1514 2672 1597 2738 diem,
1624 2674 1725 2744 inquit,
1744 2676 1864 2731 hominis

213 2765 308 2847 (doen.
320 2765 403 2839 mr).›
1063 2779 1117 2819 uou
1131 2763 1283 2834 concupivi.
1304 2782 1313 2816 ι
1334 2763 1383 2818 Εει
1396 2765 1519 2833 quedam
1534 2765 1593 2820 dics
1612 2765 1746 2827 heminis,
1770 2775 1799 2821 et
1818 2776 1862 2823 est

253 2883 263 2915 ι
282 2861 354 2918 Sana
366 2877 422 2928 me,
437 2859 562 2926 Domine,
579 2867 609 2917 ct
627 2860 763 2926 sanabor:
781 2857 886 2916 salvum
902 2874 945 2915 me
958 2859 1011 2925 lae,
1063 2857 1186 2929 quaedam
1202 2858 1260 2913 dies
1275 2856 1333 2921 Dei,
1350 2856 1433 2912 idest
1458 2859 1679 2924 resurrectionis,
1689 2859 1863 2917 barcensis

218 2973 229 3009 ι
245 2963 272 3009 ct
286 2952 377 3009 salvus
389 2968 446 3018 ero,
458 2953 585 3023 quoniam
598 2951 656 3006 laus
666 2965 727 3005 mea
744 2958 773 3009 tu
785 2964 846 3005 ess
862 2948 938 3004 llniti
956 2963 1015 3004 me·
1063 2958 1174 3004 sanetus
1180 2946 1332 3003 desiderat:
1343 2962 1395 3003 uou
1404 2947 1487 3013 illam,
1496 2949 1529 3003 de
1540 2964 1592 3017 qua
1601 2949 1733 3019 seriptum
1740 2952 1860 3006 mesta

214 3045 267 3101 dici
290 3045 318 3101 iu
337 3043 483 3116 Evangelio
496 3042 655 3115 (linitura)
679 3042 918 3100 hemorrhoissam
932 3058 1012 3099 eura·
1064 3037 1169 3110 eis,qni
1180 3036 1335 3093 desiderant
1345 3036 1416 3092 diem
1429 3037 1557 3105 bominis,
1568 3053 1630 3091 nam
1640 3037 1750 3094 diescet
1759 3040 1811 3094 ista
1823 3048 1862 3094 tr-

214 3144 319 3201 reram,
344 3151 405 3206 qnae
422 3149 530 3189 omnem
555 3135 733 3189 substanttam
751 3143 829 3188 suam
853 3133 1010 3204 perdiderat
1063 3133 1166 3199 uebrae,
1177 3140 1205 3187 et
1217 3147 1272 3187 non
1282 3131 1339 3186 lut.
1354 3150 1364 3182 ι
1380 3131 1446 3198 Quis
1459 3139 1512 3196 est,
1526 3131 1571 3201 qui
1586 3133 1671 3202 possit
1683 3133 1775 3189 dieere
1786 3151 1815 3187 :r
1831 3143 1860 3188 ct

217 3227 243 3281 iu
257 3227 309 3289 eis,
321 3233 350 3282 et
372 3237 462 3282 tamen
477 3239 493 3278 a
507 3223 581 3279 uullo
593 3224 683 3279 curari
698 3223 786 3295 potnit
799 3223 852 3279 nisi
869 3221 905 3278 ab
917 3237 950 3278 eo
963 3224 1011 3293 qni
1063 3224 1133 3280 diem
1146 3223 1263 3279 bominis
1275 3238 1330 3278 nou
1341 3223 1504 3293 concupivit
1519 3223 1700 3293 ›Explauatio
1711 3225 1861 3282 rerbleou-

214 3333 296 3374 verus
308 3327 351 3374 est
373 3317 506 3382 medicus,
521 3324 549 3372 ct
570 3315 647 3387 enjus
665 3317 769 3372 sanitas
788 3317 816 3371 io
830 3316 927 3387 pennis
940 3317 1008 3388 ejus.
1061 3316 1147 3373 vineit
1159 3331 1209 3372 uos
1220 3330 1228 3370 ι
1241 3315 1304 3385 quia
1322 3314 1394 3371 diem
1409 3313 1635 3385 concupiscamus
1647 3316 1777 3372 bominis.
1791 3316 1859 3371 Fre-

216 3409 292 3467 b'ude
309 3417 336 3464 et
351 3424 424 3464 nune
448 3409 579 3480 propbeta
595 3424 610 3463 a
629 3407 728 3478 populo
743 3422 840 3478 passus
854 3407 1009 3478 opprobria,
1062 3413 1179 3478 quanter
1191 3407 1290 3480 quippe
1304 3413 1470 3477 aegrotantes
1478 3421 1540 3461 oum
1551 3406 1579 3460 iu
1596 3408 1789 3477 phantasmate
1800 3423 1860 3464 esse

213 3511 242 3559 ct
252 3502 348 3557 crebro
361 3500 465 3557 insidiis
477 3500 676 3555 circumventus
686 3498 720 3554 ab
738 3512 771 3553 eo
783 3499 871 3554 curari
882 3506 911 3554 et
920 3498 1012 3555 salvus
1062 3499 1178 3558 febrium
1192 3498 1369 3569 eoeperiruus,
1383 3506 1410 3553 ct
1420 3497 1517 3553 mortis
1533 3496 1628 3554 limine
1636 3500 1740 3568 urgeri,
1755 3501 1790 3555 ad
1802 3512 1858 3563 eoo,

213 3595 274 3652 sveri
288 3594 382 3664 eupit:
401 3593 478 3664 cuijus
497 3608 561 3648 vera
585 3592 654 3658 laus,
675 3606 793 3663 ueraque
810 3591 944 3648 medicina
959 3600 1010 3648 est.
1062 3590 1109 3662 qui
1132 3590 1308 3647 uosvisitaut
1334 3587 1447 3654 iratres,
1470 3588 1554 3644 lassas
1572 3604 1669 3644 manns
1686 3590 1859 3645 attollimus:

214 3684 314 3757 (Orig.)
342 3684 491 3739 Dicendum
503 3698 567 3754 crgo
579 3682 748 3739 confidenter
760 3683 795 3738 ab
814 3697 857 3747 eo,
870 3682 915 3749 arui
928 3698 1013 3755 aegro-
1062 3688 1173 3738 oraotes
1183 3695 1239 3744 eos,
1252 3688 1283 3734 ut
1292 3694 1342 3751 pro
1351 3679 1430 3735 uubis
1441 3678 1585 3734 Dominum
1594 3680 1862 3752 deprecenturatque

215 3786 317 3832 erotem
328 3790 408 3831 snam
420 3774 537 3829 animam
548 3773 604 3829 vult
615 3773 732 3829 salvari:
747 3791 757 3823 ι
774 3788 840 3829 sana
852 3790 907 3839 me,
919 3773 1013 3830 Domi·
1063 3773 1184 3828 diceutes
1200 3784 1208 3824 ι
1224 3769 1297 3840 lloga
1313 3769 1380 3824 mibi
1396 3769 1505 3839 aliquod
1521 3770 1639 3839 spatium
1651 3771 1714 3826 vita:
1731 3789 1739 3825 :
1756 3788 1822 3842 rogo
1832 3783 1861 3826 nt

213 3881 259 3929 ue,
275 3873 302 3921 et
317 3865 456 3921 sanabor:
474 3883 484 3916 ι
505 3861 712 3934 tuucsiquidem
731 3863 892 3919 medicinam
909 3864 1012 3919 sanitas
1063 3863 1259 3935 aliquantisper
1284 3862 1311 3916 iu
1326 3861 1378 3916 liae
1395 3860 1455 3917 luce
1476 3875 1668 3930 permaneam:
1691 3862 1745 3917 ista
1757 3878 1860 3919 memo-

214 3957 349 4029 ecquitnr,
364 3955 389 4010 si
405 3952 531 4011 Christus
545 3968 642 4010 curare
657 3954 791 4024 dignetur.
811 3973 820 4005 ι
841 3952 952 4008 Salvum
968 3970 1013 4010 ore
1062 3966 1165 4022 rantes,
1178 3972 1232 4013 uon
1246 3956 1316 4012 diem
1333 3963 1455 4010 structum
1466 3953 1641 4028 Domini,sed
1657 3954 1730 4010 diem
1745 3955 1862 4013 bominis

216 4048 268 4117 lae,
280 4056 308 4105 et
318 4047 408 4103 salvus
421 4060 478 4101 ero.
494 4065 503 4097 ι
517 4045 552 4101 m
562 4046 612 4100 boe
623 4046 661 4100 ita
672 4045 794 4116 gaudebo
804 4044 890 4114 loqui,
903 4046 924 4100 si
938 4045 1012 4100 omni
1063 4049 1260 4106 deuderemus.
1275 4045 1446 4116 Quapropter
1455 4044 1543 4115 longae
1552 4046 1614 4101 vitre
1623 4059 1717 4102 amore
1730 4048 1861 4118 deposito,

215 4140 307 4209 uloriae
320 4136 478 4194 renuntians
491 4135 624 4203 saeculsslb
635 4144 749 4205 D⁰ll¹0t⁰
759 4135 900 4206 etreliqua
911 4137 1011 4204 dicere,
1064 4149 1093 4197 et
1105 4139 1241 4198 desiderio
1255 4139 1381 4193 bumana
1394 4137 1459 4202 diei,
1473 4151 1627 4206 queramus
1642 4137 1715 4192 illam
1738 4140 1810 4196 diem
1820 4139 1865 4195 vi·

216 4231 343 4300 «quioniam
355 4228 414 4283 laus
427 4241 487 4282 mea
503 4234 530 4282 tu
543 4240 573 4283 es
586 4245 592 4281 :
606 4235 654 4282 aut
668 4241 731 4282 cum
743 4226 914 4297 complevero
934 4243 1013 4283 mau-
1064 4233 1140 4298 vlere,
1163 4230 1192 4286 iu
1219 4245 1272 4299 qua
1295 4228 1443 4298 participes
1466 4229 1524 4298 eius
1549 4228 1736 4294 beatitudinis,
1762 4247 1824 4302 quae
1835 4232 1862 4287 in

217 4325 321 4387 uatum,
337 4321 364 4376 in
389 4335 444 4392 quo
466 4318 642 4392 praecipitur:
659 4339 668 4372 ι
685 4320 742 4376 Nou
758 4320 888 4393 glorietur
906 4323 1015 4393 sapiens
1065 4325 1176 4381 cbristo
1186 4333 1237 4384 est.
1251 4323 1409 4378 edicinmur.
1436 4323 1584 4392 Sequitur:
1600 4343 1610 4376 r
1628 4322 1705 4391 Quod
1720 4341 1861 4396 egressuro

217 4413 243 4466 in
258 4411 392 4482 sapientia
406 4427 468 4477 sua,
483 4426 570 4482 neque
588 4410 666 4466 sortis
680 4411 706 4466 iu
720 4410 878 4468 tortitudine
892 4429 954 4480 sua,
969 4428 1015 4468 ue·
1066 4425 1109 4472 est
1119 4417 1151 4471 de
1165 4415 1244 4471 labiis
1257 4415 1334 4480 meis,
1354 4421 1458 4470 rectum
1480 4415 1530 4470 luit
1548 4416 1576 4472 iu
1601 4428 1748 4488 conspeetu
1769 4428 1833 4487 tuo;
1849 4437 1859 4473 ι

216 4518 270 4571 tque
282 4504 358 4559 dives
371 4503 400 4559 in
416 4504 518 4559 divitiis
541 4503 607 4569 suis,
624 4502 672 4560 sed
694 4504 723 4560 iu
742 4504 795 4560 isto
811 4504 953 4576 glorietur,
968 4507 1015 4578 qui
1070 4510 1206 4583 (Dieron.)
1233 4518 1263 4566 ut
1275 4526 1413 4583 nunqnam
1432 4512 1562 4566 mentitus
1585 4510 1631 4576 sit,
1644 4521 1672 4568 et
1686 4514 1794 4569 Dumirn
1817 4528 1863 4571 ro·

218 4592 350 4663 gloriatur
363 4593 514 4663 intelligere
533 4602 562 4650 et
578 4594 648 4650 seire
661 4594 724 4664 quia
739 4609 789 4664 ego
810 4609 870 4650 sum
886 4595 1016 4651 Dominus
1068 4599 1165 4656 luetati
1180 4601 1292 4656 aduersa
1307 4616 1360 4655 nou
1380 4601 1498 4656 dixerit:
1513 4620 1524 4652 r
1543 4599 1602 4654 Nou
1615 4603 1663 4665 sis,
1681 4602 1782 4671 inquit,
1797 4604 1862 4660 milri

219 4682 285 4754 (der.
298 4682 369 4754 ixl.»
388 4682 485 4738 Deatus
500 4683 592 4754 itaque
606 4684 659 4750 vir,
672 4684 718 4752 qui
731 4685 926 4741 renuntiaverit
940 4686 1014 4741 ourrri
1068 4697 1096 4744 tn
1111 4689 1259 4754 lorruidiui,
1282 4703 1344 4758 spes
1363 4703 1422 4743 ruea
1448 4690 1475 4744 iu
1501 4690 1546 4745 die
1571 4690 1758 4747 afflictionis.»
1786 4692 1860 4761 erud

218 4773 320 4848 glorie,
333 4787 392 4842 qua:
403 4773 531 4827 deorsum
543 4782 584 4829 est
597 4791 604 4828 ε
616 4773 792 4845 volutisuper
806 4776 888 4831 nobili
902 4792 1012 4848 genere,
1065 4780 1236 4850 perspicuum
1254 4778 1383 4848 estjunta
1395 4779 1566 4836 llebraioum.
1580 4779 1660 4836 lurta
1673 4782 1701 4836 id
1712 4798 1780 4840 vero
1792 4784 1861 4855 quod

218 4881 301 4938 nuper
327 4862 525 4937 pulchritudine
550 4872 579 4921 et
605 4865 791 4934 corporalibus
817 4864 907 4932 bouis,
931 4881 1014 4938 snper
1066 4869 1244 4941 Septuaginta
1267 4870 1465 4926 transtulerum
1477 4872 1614 4927 abuentes:
1637 4891 1646 4923 ι
1672 4871 1712 4928 Ne
1733 4874 1859 4931 Dasuritn

218 4958 322 5014 divitiis
343 4964 371 5010 et
393 4955 542 5027 jactatione
562 4971 570 5010 :
594 4956 700 5024 matus,
725 4958 770 5029 qui
801 4966 943 5014 contentus
960 4973 1013 5013 nna
1067 4962 1184 5029 alienus,
1207 4978 1323 5034 parcens
1348 4963 1414 5019 mibi
1432 4964 1459 5018 in
1484 4963 1529 5020 die
1552 4965 1655 5029 malet
1676 4974 1719 5021 est
1746 4980 1859 5023 sensns:

219 5051 303 5123 gloria
317 5050 383 5105 dicit
395 5050 428 5105 ad
439 5047 598 5106 Dominum:
610 5067 620 5100 ι
630 5050 758 5121 quoniam
770 5048 827 5105 laus
837 5064 897 5104 mea
908 5058 936 5105 tu
947 5066 987 5106 es.
1001 5069 1010 5102 ι
1066 5053 1105 5107 Ne
1119 5053 1292 5123 parcasmibi
1304 5053 1467 5124 inpraesenti
1481 5055 1590 5120 smeulo,
1604 5056 1677 5127 qued
1687 5057 1789 5112 malum
1799 5066 1858 5122 est:

257 5163 266 5192 ι
284 5143 355 5198 Ecce
378 5141 428 5213 ipsi
444 5142 539 5198 dicum
561 5142 594 5197 ad
614 5155 676 5196 me:
700 5140 751 5196 Ubi
769 5149 811 5197 est
828 5142 940 5197 verbum
962 5142 1014 5197 Do-
1066 5145 1115 5199 scd
1128 5144 1210 5200 redde
1223 5145 1289 5199 mibi
1314 5144 1390 5216 juxta
1405 5155 1516 5214 peccata
1529 5160 1598 5211 mea,
1620 5156 1651 5202 m
1666 5150 1789 5219 requiem
1811 5150 1859 5204 ln·

222 5235 457 5291 ‹nriuill'eulat
488 5233 545 5305 Ego
566 5242 656 5288 autem
680 5248 731 5288 uon
754 5249 815 5288 sum
840 5233 963 5288 turbatus
987 5241 1014 5288 tc
1065 5236 1143 5289 iream
1166 5235 1369 5306 sempiternam.
1395 5235 1460 5291 Scio
1480 5239 1552 5292 euim
1576 5239 1757 5310 scriptume«
1776 5233 1857 5309 Queri

222 5344 233 5380 t
250 5336 387 5399 pastorem
402 5341 518 5396 sequens
533 5325 598 5397 (siue
612 5341 667 5381 nou
688 5325 809 5381 laborari
834 5341 949 5396 sequeus
964 5324 1014 5396 te).
1066 5323 1154 5391 diligit
1180 5323 1311 5381 Duutinm
1332 5325 1470 5395 corripit,
1494 5325 1620 5397 flagellat·
1636 5338 1726 5385 antem
1754 5341 1857 5385 omnem

222 5423 276 5470 tet
295 5415 367 5471 diem
393 5417 511 5472 bominis
534 5433 588 5473 nou
615 5417 777 5473 desiderari.
806 5416 845 5471 Tu
874 5417 1014 5486 scisquod
1067 5414 1152 5468 lulium
1167 5429 1246 5484 quem
1260 5415 1355 5487 recipit
1372 5416 1466 5487 (liebr.
1483 5418 1646 5488 xri).tDies
1659 5428 1751 5475 autom
1763 5420 1857 5484 malos,

223 5521 235 5557 t
249 5520 388 5575 egressum
402 5506 489 5561 ostile
516 5507 595 5564 labiis
616 5508 692 5573 meis,
718 5516 821 5564 rectum
836 5507 888 5564 luit
911 5508 937 5563 iu
951 5524 1016 5563 cou-
1066 5506 1109 5560 vel
1122 5523 1203 5563 ouvue
1217 5508 1344 5563 saeelum
1364 5519 1418 5574 cst,
1438 5508 1480 5566 vel
1494 5510 1667 5581 diesjudicii,
1688 5511 1733 5567 bis
1742 5512 1786 5582 qui
1800 5527 1856 5581 pro

224 5603 346 5661 ‹spectu
362 5606 408 5649 tuo
434 5596 574 5667 (siccante
593 5599 689 5658 lacicm
717 5611 791 5655 tuam
816 5601 878 5673 est).
907 5602 965 5656 Non
978 5601 1017 5657 sis
1068 5609 1253 5670 pterpeceata
1271 5604 1437 5660 criminatur.

224 5704 234 5739 ι
253 5706 269 5741 ιι
281 5685 319 5738 ibi
333 5694 360 5739 tu
381 5688 528 5746 iorruidini.
538 5706 601 5759 spes
616 5707 674 5747 urea
688 5692 715 5748 iu
729 5692 772 5748 die
788 5692 940 5748 afflictionis
953 5693 1017 5763 (aire
1108 5710 1117 5741 ι
1132 5689 1338 5748 consumantur
1351 5697 1396 5765 qui
1412 5705 1612 5767 persequuntur
1625 5714 1677 5766 mc,
1691 5708 1720 5755 et
1732 5713 1784 5755 uon
1797 5711 1852 5751 con·
