4042 6200
113 387 179 442 rsur
391 379 663 440 uuumnrmuuu
683 380 715 435 ιιι
737 378 809 432 nur.
833 371 933 426 ιιιιι
954 371 1017 428 ιιι.
1037 376 1057 441 ι.
1074 406 1107 418 -
1126 377 1161 432 ιιι
1179 378 1286 435 srrsr.
1306 380 1352 436 so
1369 380 1451 438 nott
1667 386 1735 440 rsus

113 502 270 557 tribuissent
282 498 489 570 cogitationibus
509 498 581 560 suis,
605 503 768 566 quapropter
782 492 809 545 in
824 489 897 545 desi·
913 493 935 543 ιι
949 502 1024 552 nem,
1036 505 1117 558 quem
1126 492 1226 548 occidit
1239 493 1332 550 Daniel
1346 495 1426 550 bomo
1437 493 1573 565 lleifflon.
1584 500 1737 570 serbonius

112 591 185 648 deria
201 589 290 646 cordis
309 589 351 643 sui
373 579 472 643 traditi
486 597 576 642 sum-a
592 587 721 651 bomiuo,
737 593 767 639 ut
780 569 916 637 lacerent
950 579 1153 637 similitudinem
1164 583 1282 648 babent3
1298 584 1418 656 AEgyptii
1431 594 1522 643 autem
1533 588 1736 662 colebantqua·

112 693 170 747 nure
188 691 240 730 riou
254 685 363 745 oportet
378 675 537 744 (Origenes),
553 674 615 742 quia
631 689 693 728 curu
708 670 899 726 manifestante
950 669 1114 737 drrrpelem,
1131 687 1212 740 quem
1235 673 1361 728 uieebnu
1376 675 1460 744 Apin,
1486 676 1513 731 in
1534 678 1737 738 similitudinem

113 768 177 832 beo,
193 776 378 836 cognoverunt
394 763 487 828 lleruu,
505 779 557 817 nou
577 771 605 816 ιιι
619 764 728 833 dignum
743 771 785 816 est
801 762 897 816 colue-
949 776 1048 826 vacere,
1061 763 1133 831 guod
1148 763 1248 817 malurn
1267 764 1387 819 imitatus
1403 775 1445 821 est
1465 765 1623 833 teroboam,
1641 785 1737 829 vaccas

113 866 185 923 runt,
198 863 245 910 aut
256 853 359 925 gratias
371 864 495 922 egerunt,
508 853 556 907 sed
570 869 617 919 per
628 852 821 924 cogitationum
837 865 901 906 sua·
950 852 1087 909 instruens
1100 853 1275 922 inflamaria,
1290 857 1388 927 quibus
1399 858 1584 917 sacrificarent
1593 859 1694 928 iudan
1710 873 1739 919 et

113 963 170 1002 mm
185 945 343 1008 vanitatem,
361 945 424 998 ιιιιιιι
440 943 543 998 tornius
558 953 585 996 et
600 943 733 1013 insugiues
756 943 901 1012 requirunt
949 943 1082 1011 volucres,
1095 945 1158 1017 quia
1170 947 1293 1002 corocina
1309 950 1498 1004 sacrababeut
1509 953 1623 1022 pagani:
1639 954 1736 1010 barum

116 1041 143 1094 in
155 1038 221 1104 beo,
241 1038 267 1091 in
284 1035 436 1106 semetipsis
448 1035 592 1105 imaginem
605 1034 653 1091 Ilei
664 1035 859 1105 perdiderunt;
875 1044 902 1089 et
951 1043 1041 1092 tomen
1053 1037 1173 1094 onmium
1186 1053 1277 1094 rerum
1287 1053 1355 1107 quas
1368 1041 1527 1106 memorari,
1538 1041 1683 1100 simulacra
1693 1059 1739 1100 eo-

113 1132 159 1201 qui
169 1131 273 1201 iterare
287 1144 317 1185 se
329 1129 355 1183 in
370 1129 430 1183 tuce
446 1128 588 1196 supientiae
604 1128 777 1195 ridebantur,
793 1128 820 1183 in
836 1144 900 1199 pro·
949 1125 1058 1182 luerunt
1069 1125 1200 1200 AEgyptii,
1212 1135 1240 1183 et
1251 1127 1302 1182 alia
1314 1143 1374 1197 quse
1386 1143 1458 1188 nuno
1471 1129 1562 1186 dicere
1572 1147 1626 1187 uon
1636 1141 1680 1189 est
1691 1147 1738 1189 ne-

116 1221 213 1274 lumtus
228 1219 350 1273 stultitiae
370 1219 495 1273 tenebras
510 1217 629 1272 devoluti
646 1217 805 1290 suntsouid
823 1219 898 1273 euim
949 1231 1043 1282 cesse;
1062 1220 1120 1274 baec
1131 1219 1230 1274 abillis
1243 1218 1313 1274 lacta
1327 1227 1402 1284 sunt,
1419 1219 1465 1289 qni
1478 1235 1507 1276 se
1522 1222 1739 1292 sapientescesti·

114 1321 293 1372 tamterrum,
315 1318 369 1363 tam
398 1308 556 1375 obscurum,
576 1321 685 1379 tamque
711 1312 898 1365 tenebrosum.
949 1316 1091 1364 maremut
1108 1309 1276 1364 inmundo:
1298 1309 1359 1377 quia
1379 1310 1451 1363 enim
1471 1309 1633 1366 invisibilem
1654 1311 1737 1367 beurn

113 1415 193 1470 quiam
213 1400 325 1469 gloriam
342 1398 388 1453 bei
401 1398 433 1452 ud
447 1399 620 1468 corporalem
637 1409 665 1454 et
694 1400 899 1467 corruptibilem
949 1407 1128 1468 agnoscentes
1145 1413 1197 1453 nou
1209 1398 1409 1453 honoraverunt
1423 1398 1475 1454 ista
1495 1391 1629 1465 lucicudo',
1647 1402 1738 1458 necin

115 1493 240 1545 iruurauae
254 1492 349 1548 lorruae
358 1489 473 1561 effigiem
488 1506 606 1556 vertere,
617 1501 646 1545 ut
659 1492 744 1545 moris
754 1491 846 1546 estbis
856 1493 900 1559 qrri
950 1488 992 1546 bis
1003 1503 1063 1566 quse
1074 1487 1190 1544 visibilia
1199 1496 1363 1559 suntsnpere
1374 1496 1536 1559 potuemut;
1549 1490 1655 1547 difficile
1665 1493 1737 1548 enim

116 1581 260 1637 simulacre
270 1590 444 1648 venerantur,
455 1592 481 1637 et
504 1583 602 1637 diuinae
624 1582 901 1653 ruraJestatisemineu·
950 1579 977 1633 iu
991 1577 1140 1650 majoribus
1153 1580 1270 1651 prudens
1284 1580 1312 1635 in
1325 1581 1475 1638 minoribus
1487 1583 1567 1652 sapit.

116 1671 903 1744 barrrvolucribusetquatirupcdrbus,ctserpeutibusexre·
985 1665 1098 1742 Propter
1109 1669 1177 1740 qnod
1188 1670 1297 1724 tradidit
1313 1670 1373 1725 illos
1384 1670 1454 1730 [lette
1468 1671 1666 1728 indotuertnn
1682 1690 1741 1728 cor·
1763 1713 1766 1718 ι

113 1762 335 1833 querelliieeutes
345 1765 659 1830 enimersetescpienrer,
669 1764 745 1818 stadti
753 1764 900 1833 ductisunt.
949 1762 991 1816 dit
1007 1761 1123 1828 illorum,
1138 1762 1165 1815 r'n
1179 1761 1389 1828 immunditiem,
1404 1772 1433 1818 ιιι
1449 1763 1611 1836 contumeliis
1626 1766 1738 1836 officient

114 1849 216 1921 (duob.)
227 1848 370 1919 Sapientes
383 1848 455 1905 euim
466 1863 496 1904 se
505 1849 682 1915 arbitrantur,
703 1849 765 1919 nuria
783 1849 901 1904 rationes
916 1843 938 1902 B
952 1868 1062 1923 corporo
1075 1869 1124 1906 eoo
1135 1852 1163 1908 in
1174 1852 1329 1922 semetipsis.
1343 1851 1446 1923 (bug.)
1458 1847 1535 1920 Quod
1553 1861 1643 1909 autem
1656 1855 1737 1921 dicit,

114 1941 238 2010 physicas
264 1940 442 2010 investigasse
466 1948 579 2010 putant,
608 1947 760 1995 scrutantes
791 1952 902 1994 cursum
952 1943 1045 1998 traditi
1067 1952 1147 2008 suut,
1170 1940 1330 2010 intelligitur
1343 1941 1445 1996 dimisit
1458 1942 1486 1997 in
1504 1943 1637 2012 desideria
1651 1944 1740 2000 cordis

114 2029 231 2084 siderum
244 2069 251 2095 ,
264 2038 292 2086 et
305 2021 450 2099 ortuliiutes
468 2030 675 2096 elementorum,
694 2031 836 2085 bominum
852 2046 901 2083 uu·
952 2047 1046 2090 sorum
1058 2051 1066 2101 ;
1089 2034 1240 2090 mercedem
1252 2043 1342 2089 autem
1354 2040 1474 2089 mutuum
1486 2032 1551 2090 dicit
1561 2033 1696 2102 recepisse
1706 2034 1739 2089 de

114 2126 167 2172 tem
182 2119 279 2173 borum
294 2127 462 2188 spernentes,
477 2120 537 2176 ideo
547 2120 622 2176 stulti
634 2130 715 2181 suut:
733 2120 830 2174 namsi
844 2118 936 2174 bruc*
952 2124 1024 2191 beo,
1047 2135 1077 2180 ut
1096 2126 1269 2180 traderentur
1284 2126 1312 2180 itt
1333 2123 1550 2195 coucupiscentia
1573 2124 1662 2180 cordis
1686 2125 1738 2179 sui.

113 2210 245 2265 laudanda
257 2210 320 2273 sint,
338 2220 439 2280 quanto
454 2211 539 2282 magis
554 2220 661 2266 creator
673 2211 794 2265 illorum!
808 2209 903 2265 Solent
952 2212 1052 2285 (dini.)
1067 2211 1199 2281 Quoniam
1207 2252 1221 2279 „
1237 2212 1524 2282 inquinatissimam
1538 2212 1676 2270 Crantoris
1690 2213 1736 2268 bei

114 2310 203 2362 tumen
214 2302 343 2372 pudorem
356 2301 424 2371 passi
439 2301 552 2373 neglecti
567 2302 611 2357 bei
627 2302 725 2357 misera
739 2303 776 2356 uti
788 2316 901 2356 excursa·
952 2303 1089 2374 ligmeuta,
1107 2312 1135 2358 et
1148 2302 1336 2368 similitudines
1350 2317 1440 2358 rerum
1453 2301 1662 2369 deificaverunt,
1682 2312 1739 2358 tra·

113 2392 204 2457 tione,
223 2391 343 2446 dicentes
363 2405 411 2461 per
425 2392 491 2446 istos
507 2406 586 2463 posse
601 2392 640 2446 ire
664 2392 697 2446 ad
711 2390 810 2452 Deum,
834 2392 904 2446 sicut
952 2395 1078 2454 ditisunt
1088 2395 1228 2462 illudendi,
1238 2404 1267 2451 et
1286 2395 1377 2451 traditi
1389 2411 1444 2452 neu
1458 2394 1544 2452 utilia
1555 2405 1666 2468 agerent
1680 2412 1740 2467 quse
1771 2449 1773 2452 .

113 2497 162 2552 per
171 2481 284 2538 comites
297 2482 454 2551 peruenitur
467 2482 500 2542 od
513 2497 614 2551 regem.
628 2480 700 2552 Age,
716 2483 835 2552 nunquid
848 2492 902 2537 tam
952 2484 1092 2550 uolebant,
1105 2486 1153 2541 sed
1167 2493 1197 2540 ιιι
1214 2486 1258 2540 ills
1278 2485 1439 2557 perlicerent
1459 2502 1519 2557 quse
1532 2488 1740 2551 desiderabant:
1805 2515 1810 2526 ·

83 2587 88 2594 ·
113 2576 225 2631 clemens
234 2584 276 2630 est
289 2574 396 2644 aliquis,
411 2574 565 2630 autsalutis
577 2589 632 2629 sure
646 2574 799 2637 immemor,
812 2575 915 2629 utbo-.
952 2585 980 2631 et
999 2577 1045 2634 hic
1066 2577 1173 2633 bouitas
1194 2578 1241 2633 Dei
1259 2587 1318 2645 est;
1339 2593 1401 2636 cum
1421 2579 1493 2636 euim
1516 2579 1624 2646 dignum
1644 2578 1741 2636 luisset

114 2662 311 2719 unriticeutiam
331 2663 401 2732 regis
419 2663 536 2718 vindicet
550 2662 662 2736 couniti?
675 2662 743 2717 Cum
758 2662 792 2717 de
804 2663 854 2716 bac
873 2676 903 2716 re
953 2664 1050 2735 subiici
1065 2665 1137 2734 illos,
1153 2674 1184 2721 ut
1199 2666 1321 2724 lacerent
1336 2681 1396 2737 qnae
1408 2653 1536 2722 nolebant
1545 2676 1573 2722 ει
1584 2668 1740 2723 cruciaren-

114 2754 194 2824 siqui
206 2755 287 2811 etiam
301 2762 419 2809 tractare
431 2752 533 2810 luerint
543 2754 655 2820 inventi,
667 2752 726 2824 iure
739 2762 768 2808 ιιι
781 2754 817 2808 rei
830 2754 903 2807 ulam·
953 2763 1009 2819 tur,
1032 2754 1095 2823 quia
1115 2753 1179 2811 licet
1199 2755 1310 2822 bonum,
1334 2756 1356 2810 si
1375 2764 1470 2812 contra
1492 2756 1656 2813 volumtatem
1673 2756 1738 2821 tlat,

114 2854 214 2901 nentur
230 2843 389 2913 maiestatis,
403 2852 432 2900 et
442 2845 486 2901 isti
502 2861 532 2900 se
546 2861 599 2901 nou
612 2853 708 2916 putant
719 2859 782 2900 reus
796 2846 842 2915 ‹pd
855 2845 902 2899 bo·
953 2860 1077 2899 amarum
1090 2854 1117 2901 et
1137 2844 1237 2901 maium
1256 2855 1317 2914 est;
1336 2847 1381 2903 isti
1394 2855 1484 2902 autera
1503 2855 1654 2904 avertentes
1673 2862 1704 2904 se
1724 2863 1740 2901 a

114 2952 208 2992 norem
222 2938 340 2993 numinis
350 2937 398 2993 bei
408 2936 534 2993 deterunt
547 2948 687 3003 creature,
701 2944 728 2992 et
741 2936 835 2992 relicto
853 2936 904 2990 lin·
953 2933 1009 2989 lico
1024 2933 1114 2990 uaditi
1129 2943 1192 2990 sunt
1205 2934 1321 2991 diabolo.
1342 2935 1460 2994 Tradere
1471 2944 1616 2992 autem-est
1626 2936 1740 3007 permit-

115 3028 199 3093 mino,
210 3039 354 3085 conservos
362 3028 486 3092 adorant,
499 3029 576 3099 quasi
590 3023 735 3097 sitaliquid
747 3027 818 3097 plus,
831 3028 903 3097 qrrod
955 3035 1023 3090 tere,
1034 3043 1088 3084 non
1099 3027 1215 3085 incitare
1224 3038 1271 3085 aut
1284 3030 1445 3097 immittere,
1457 3041 1491 3086 ut
1504 3047 1537 3087 en
1552 3048 1612 3103 mam
1628 3033 1654 3087 in
1669 3031 1741 3089 desi·

113 3129 239 3175 servetur
253 3120 318 3177 ileo.
333 3119 400 3175 liam
412 3128 440 3176 ει
453 3120 513 3176 ideo
533 3122 566 3175 ad
585 3135 675 3190 regern
699 3135 748 3190 per
770 3119 901 3183 tribunus,
914 3107 930 3133 ³
954 3118 1037 3174 cleriis
1060 3130 1254 3192 conceperant,
1278 3120 1363 3190 adjuti
1386 3139 1401 3179 ε
1426 3124 1531 3179 diabolo
1550 3123 1691 3194 explerent
1710 3123 1739 3179 iu

111 3216 163 3263 :nu
173 3224 222 3276 per
233 3209 345 3264 comites
357 3209 428 3275 itur,
444 3209 507 3279 utria
527 3211 607 3264 bomo
628 3210 720 3278 tutique
741 3217 782 3264 est
796 3226 858 3275 reu,
875 3221 899 3263 ει
915 3195 938 3257 C
952 3223 1049 3280 opere,
1062 3213 1190 3268 neceuim
1197 3222 1307 3284 possent
1318 3212 1470 3285 hujusmodi
1482 3214 1582 3285 bonum
1592 3215 1739 3286 cogitatum

113 3300 206 3354 nescit
215 3298 311 3369 quibus
326 3300 423 3354 debent
434 3298 626 3370 rempublicam
635 3300 761 3363 eredero;
775 3300 808 3353 nd
817 3298 901 3354 [terrm

113 3397 218 3454 autom,
230 3404 310 3460 quem
320 3389 414 3460 utique
426 3390 492 3444 nibil
507 3388 581 3454 latet,
590 3391 710 3445 omnium
721 3392 792 3445 cuim
808 3391 901 3445 merita

112 3478 213 3546 novit,
233 3481 450 3551 promerendum,
470 3480 646 3551 suffragatore
672 3497 725 3536 non
754 3497 821 3552 opus
845 3490 902 3545 est,

112 3570 164 3626 scd
182 3579 271 3627 mento
284 3573 395 3638 derotn3
410 3573 563 3643 ubicunque
576 3575 648 3628 enirn
672 3566 733 3627 talis
751 3572 856 3628 locutus
878 3573 902 3626 ei

113 3660 209 3725 luerit,
221 3662 391 3731 respondebit
401 3663 438 3717 iili
449 3681 456 3717 ε
469 3662 502 3717 Et
513 3670 677 3717 mutaverunt
692 3662 803 3733 glorium
818 3664 904 3716 iucur-

114 3750 247 3821 ruprtttttr
267 3752 314 3806 liei
334 3752 361 3807 in
381 3752 578 3808 simidtudiuem
592 3754 714 3824 imaginis
728 3753 903 3823 corruptibilis

113 3841 239 3895 nonduin.
255 3841 300 3896 Sic
311 3845 475 3899 obcecatum
488 3854 529 3900 est
542 3860 590 3900 cor
602 3845 723 3909 illorum,
738 3854 767 3900 ut
780 3844 904 3912 maiesta-

115 3933 903 4015 teminrisibilislteirpuemexbisbretisugu‘overantmon

112 4025 282 4090 bominibus,
299 4028 439 4099 sed,r1uod
462 4028 538 4100 pejus
560 4038 603 4086 est
615 4038 643 4085 et
653 4031 837 4085 inexcusabile
852 4031 903 4085 cri-

112 4130 190 4176 men,
207 4115 234 4168 iu
248 4114 449 4173 similitudinem
465 4120 603 4175 bominum
617 4128 763 4187 mutarent,
776 4134 806 4177 ut
818 4122 903 4177 lin-um

112 4205 298 4276 comuptibilis
308 4207 424 4264 bominis
440 4209 510 4266 bens
524 4212 612 4269 abbis
625 4225 746 4280 vocetur,
758 4215 855 4270 boccst
867 4217 903 4271 si-

113 4294 268 4351 mulacrum
278 4298 404 4364 bominis,
418 4306 523 4371 utquos
532 4302 608 4359 vivos
620 4304 672 4361 boc
682 4305 792 4360 nomine
804 4307 905 4361 dmmre

113 4399 172 4439 nou
187 4387 295 4453 audent,
310 4398 477 4445 mortuorum
489 4392 618 4463 imagines
630 4397 657 4450 in
672 4397 786 4467 glorium
803 4398 848 4452 bei
864 4380 912 4453 re·-

112 4474 229 4544 cipiaut.
238 4475 342 4542 Qunuta
353 4482 597 4552 egritudo,qrrunta
609 4484 731 4544 stultitia.
742 4488 792 4540 boe
800 4489 903 4558 supien-

953 3303 1063 3357 habere.
1080 3300 1183 3358 Traditi
1200 3319 1264 3374 ergo
1275 3312 1338 3360 suut
1350 3305 1377 3359 in
1391 3306 1592 3371 immunditiem,
1604 3316 1634 3369 nt
1651 3317 1740 3361 conto·
1796 3311 1798 3316 '

952 3392 1035 3448 meliis
1047 3392 1167 3464 alliciunt
1179 3411 1290 3466 corporo
1301 3411 1351 3452 suo
1363 3395 1391 3451 iu
1399 3397 1552 3469 semetipsis.
1569 3396 1635 3452 Cum
1645 3409 1742 3468 praete·

953 3482 1006 3537 rita
1020 3482 1132 3549 recolat,
1140 3484 1221 3541 etiam
1229 3486 1369 3556 presentis
1380 3490 1508 3557 temporis
1518 3484 1588 3541 mala
1597 3484 1739 3557 signidem,

954 3571 1018 3642 quia
1034 3572 1178 3629 traduntur
1189 3590 1261 3647 nuuc
1280 3590 1380 3644 usque,
1399 3583 1428 3629 ut
1441 3574 1612 3631 contumeliis
1625 3573 1742 3630 alliciant

954 3678 1068 3737 corpora
1085 3680 1145 3723 sun.
1157 3664 1274 3737 Originis
1294 3674 1384 3720 autem
1398 3665 1469 3720 ilius
1489 3679 1561 3720 nunc
1581 3678 1665 3736 usque
1679 3675 1741 3723 sum

956 3745 1090 3823 bdmiues,
1105 3757 1151 3827 qui
1165 3759 1291 3815 dicuutur
1308 3770 1419 3828 corpora
1440 3772 1489 3812 sua
1502 3756 1681 3813 debonestare
1701 3758 1742 3811 in·

955 3850 1053 3905 ricem.
1068 3847 1135 3903 Cum
1148 3849 1276 3921 cogitatio
1293 3848 1390 3902 animae
1402 3847 1439 3902 sit
1450 3847 1478 3900 iu
1491 3845 1614 3910 crimine,
1628 3858 1740 3914 corpora

955 3943 1081 3998 dicuntur
1093 3940 1281 4006 dehonestari,
1298 3938 1403 4010 qrrure?
1420 3936 1471 3994 nisi
1485 3936 1548 4007 quia
1561 3934 1665 3990 macula
1679 3949 1739 4016 cor·

955 4031 1029 4102 poris
1041 4030 1167 4085 indicium
1179 4038 1221 4085 est
1232 4028 1334 4100 peccati
1349 4029 1465 4094 animae;
1484 4043 1546 4084 cuna
1558 4027 1629 4083 euim
1642 4040 1740 4097 corpus

955 4122 1165 4187 contaminatur,
1186 4135 1266 4175 nemo
1278 4119 1390 4190 ambigit
1403 4119 1501 4174 anime
1515 4133 1576 4174 esse
1590 4126 1740 4189 peecatum.

956 4209 1055 4281 (Coss.)
1070 4204 1187 4266 Credere
1202 4222 1290 4289 mmen
1302 4211 1462 4269 inconcusso
1476 4209 1591 4283 lidenos
1604 4209 1739 4274 conuenit,

956 4304 1023 4358 nibil
1036 4303 1094 4361 sine
1107 4304 1162 4359 beo
1173 4317 1299 4372 prorsum
1311 4304 1337 4357 ln
1349 4304 1401 4358 boc
1411 4300 1510 4356 mundo
1520 4299 1593 4371 geri;
1608 4306 1653 4353 aut
1666 4298 1738 4353 enim

957 4395 1093 4450 voluntate
1114 4394 1172 4465 ejus
1192 4401 1238 4448 aut
1257 4393 1391 4464 permissu
1404 4392 1448 4462 agi
1460 4389 1584 4445 universa
1603 4388 1739 4444 latendum

955 4496 1005 4547 est,
1023 4494 1052 4539 ut
1071 4484 1175 4540 scilicet
1196 4484 1269 4549 baec,
1290 4497 1349 4553 qum
1367 4483 1436 4536 bona
1453 4490 1530 4545 sunt,
1544 4479 1681 4535 uoluntate
1694 4479 1741 4535 Dei

113 4574 159 4619 tes
171 4568 307 4636 appellare
321 4572 440 4628 adsuam
453 4574 671 4641 damnationem,
685 4579 755 4648 apud
766 4594 833 4649 quos
845 4580 905 4650 pius
918 4546 945 4606 Ῑ)
957 4573 1049 4643 periei
1063 4571 1216 4643 aurbioque
1236 4573 1397 4635 creduntur,
1418 4584 1477 4641 quae
1495 4577 1585 4624 autem
1603 4569 1740 4625 contrariu

112 4658 217 4711 mortui
233 4670 345 4727 possunt
359 4678 439 4731 quam
461 4663 532 4729 viri,
555 4672 582 4719 et
596 4666 695 4720 mortui
711 4669 829 4737 potiores
844 4678 907 4725 sunt
958 4674 1032 4730 stunt,
1045 4666 1190 4734 permissu,
1205 4679 1328 4741 cumpro
1343 4661 1469 4731 nequitiis
1488 4673 1521 4715 ae
1538 4660 1638 4715 duritia
1652 4659 1743 4716 cordis

112 4746 202 4811 rivis!
216 4748 311 4805 Avivo
321 4753 392 4806 enim
404 4753 458 4809 beo
472 4755 626 4810 recedentes
644 4759 756 4813 mortuis
769 4758 869 4827 laurent,
880 4762 906 4817 in
958 4755 1045 4810 nostri
1068 4756 1196 4812 deserens
1205 4770 1254 4811 nos
1265 4753 1353 4809 diuina
1363 4751 1505 4822 protectio,
1519 4750 1655 4806 diabolum
1665 4751 1742 4806 nobis

112 4850 235 4904 quorum
250 4845 449 4909 numerosum,
470 4844 540 4900 sicut
555 4846 684 4916 seriptum
701 4856 742 4902 est
760 4867 766 4900 τ
788 4848 908 4906 llorndis
944 4830 1001 4901 ¹vel
1025 4845 1222 4916 ignominiosas·
1235 4842 1356 4913 corporis
1375 4840 1515 4913 passiones
1533 4841 1635 4911 patitur
1655 4839 1742 4895 domi·

112 4934 253 4980 mortuom
267 4928 349 5000 fingit-
364 4932 483 4988 manitus
506 4935 601 5005 irriguis
628 4933 708 5005 (Sap.
724 4937 786 5007 est;
810 4940 860 4994 boe
876 4940 909 4994 de
960 4934 1031 5002 nari,
1047 4934 1211 5005 quodetiam
1225 4931 1338 5003 apostoli
1352 4930 1743 4999 uocibusevideutissimeper·

114 5015 272 5086 hujusmodi
288 5035 303 5074 a
316 5021 453 5091 Sapientia
459 5024 611 5080 Salomonis
618 5025 717 5080 dictum
732 5035 783 5081 cst.
796 5026 908 5084 Etoolu·

113 5125 214 5175 crum,
234 5121 258 5165 et
271 5112 478 5183 quadrupedum,
491 5124 514 5168 rt
525 5116 693 5185 serpentium.
713 5114 759 5171 ttts
779 5117 908 5188 subjectis

114 5201 268 5256 cumulavit
277 5205 311 5255 ari
323 5212 430 5273 pteuam
451 5205 632 5270 hebetudinis,
645 5214 673 5260 ut
685 5205 754 5261 ultra
766 5207 907 5263 stultitiam

113 5300 149 5347 et
165 5292 314 5349 vanitatem
332 5294 388 5349 sint
400 5294 572 5365 tutusmodn
594 5297 634 5351 sic
644 5295 715 5351 enim
740 5298 908 5367 majestatem

115 5382 171 5438 ilci
194 5391 223 5438 ει
234 5382 346 5454 glorium
364 5384 533 5451 minuerunt,
548 5396 578 5441 ut
592 5387 703 5451 borum,
723 5401 783 5456 quae
797 5388 907 5443 minima

113 5480 149 5527 ει
174 5486 258 5542 parva
273 5483 346 5538 sunt,
361 5474 528 5530 similitudini
543 5476 590 5530 lici
612 5477 843 5532 bormrilrcentinm
858 5479 907 5533 da·

116 5572 199 5628 reut;
210 5564 290 5635 primi
301 5565 372 5619 euim
383 5562 520 5635 babylonii
531 5566 614 5622 Deum
626 5578 789 5624 rocaverunt
801 5569 909 5639 ingruen-

115 5662 178 5709 tum
192 5652 250 5708 Beli
263 5656 396 5723 quotidem
410 5656 526 5711 bominis
541 5658 638 5713 mortui
648 5696 656 5721 ,
667 5657 712 5728 qrti
726 5658 905 5729 principatum

115 5745 147 5798 in
160 5758 209 5799 cus
222 5744 322 5799 dicitur
332 5747 435 5816 egsssse:
448 5747 588 5801 coluerunt
601 5756 628 5800 ct
642 5757 793 5816 serpentem
813 5748 908 5803 draco·

960 5028 1090 5083 docemur
1099 5025 1223 5090 dicentis,
1233 5031 1343 5093 propter
1355 5022 1426 5090 quod
1438 5018 1548 5076 tradidit
1558 5017 1618 5074 illos
1632 5017 1703 5073 beas
1716 5019 1743 5072 in

960 5119 1099 5189 passiones
1111 5114 1282 5186 ignominiae3
1301 5121 1329 5168 et
1346 5112 1456 5174 iterum,
1475 5108 1537 5179 quia
1556 5122 1609 5163 non
1622 5106 1742 5162 credide·

961 5214 1024 5261 runt
1043 5205 1127 5259 ileum
1149 5203 1248 5258 babere
1269 5201 1408 5264 notitiam,
1433 5196 1543 5253 tradidit
1557 5196 1617 5252 illos
1631 5195 1702 5251 [leus
1715 5195 1741 5251 iu

960 5298 1103 5367 reprobum
1128 5308 1256 5357 sensum,
1280 5302 1310 5346 ut
1333 5289 1434 5345 laniant
1456 5304 1487 5344 ea
1513 5304 1572 5358 qum
1594 5302 1648 5343 nou
1676 5303 1742 5342 eou-

960 5387 1081 5441 veniunt.

996 5475 1048 5542 Qut
1067 5482 1288 5529 ronrmntnuernnt
1302 5472 1431 5526 omnnem
1454 5469 1502 5524 bet
1522 5471 1550 5524 in
1567 5467 1744 5533 mendacium,

959 5580 983 5625 et
997 5549 1143 5632 coluerunt,
1156 5575 1180 5620 et
1191 5565 1332 5620 seroiernnt
1341 5573 1468 5618 creature
1477 5564 1651 5633 potiusquam
1664 5559 1743 5617 Creu·

960 5655 1074 5726 tori,pni
1084 5666 1121 5709 est
1132 5655 1279 5710 benedictus
1293 5656 1319 5709 in
1330 5653 1436 5708 surculo.
1450 5655 1541 5709 ilnren.
1551 5654 1652 5724 (rimb.)
1664 5652 1741 5709 Curn-

962 5755 1096 5803 tuuluutus
1109 5747 1249 5802 veritatem
1265 5748 1311 5802 ttei
1328 5747 1353 5800 in
1371 5747 1555 5812 mortuarium,
1573 5746 1598 5800 bt
1621 5754 1677 5809 cst.
1697 5760 1744 5803 noe
