4042 6200
164 312 214 370 tot
641 310 684 369 PU
703 310 876 370 Uhttssttso
894 310 984 367 ttdhl
1004 307 1086 364 xxii.
1106 338 1142 349 -
1159 305 1222 363 tto.
1245 305 1314 361 xtt.
1743 302 1795 361 &38

163 432 243 496 perte
267 425 387 495 pmitus,
409 437 466 480 udae
490 422 577 495 gentis
601 423 720 494 linguam
748 426 862 481 neseiat.
885 424 952 480 llam
967 424 991 485 Α
1006 436 1078 477 uuue
1103 428 1231 490 corrupto
1255 418 1365 475 nornine
1386 417 1551 483 Sarraoeui,
1568 417 1649 489 ιιιιιει
1669 415 1794 474 aSarra.

163 513 228 584 quid
242 511 318 568 aliud
330 512 466 582 putandus
482 519 534 577 est,
549 512 602 567 nisi
621 513 783 571 animalibus
805 515 892 571 brutis
909 514 955 569 de·
1004 520 1032 567 et
1045 511 1161 582 Agereni
1183 512 1219 565 ah
1241 507 1324 581 Aper.
1347 506 1480 564 Nahaiotla
1504 506 1574 562 lilius
1592 505 1697 572 ismael,
1710 524 1726 562 a
1741 521 1796 578 quo

122 638 130 659 ·.
164 604 265 660 teriori
278 602 324 658 illa
335 603 409 659 enirn
420 603 613 674 propriaevoeis
625 605 771 662 clamorem
783 607 953 677 exprimunt:
1003 601 1160 665 Nabataei,
1171 600 1217 672 qui
1231 600 1264 655 ab
1275 598 1411 669 Euphrate
1422 598 1448 652 in
1466 611 1542 653 mare
1558 597 1677 651 Rubrum
1691 597 1796 654 inhahi-

163 692 213 748 iste
230 691 361 757 deterior,
379 692 426 763 qni
447 692 562 764 proprie
574 702 648 750 earet
665 694 762 768 lingum
775 697 880 752 notitia.
901 696 954 752 Cu·
1004 700 1072 747 tant.
1090 690 1205 747 lloabet
1215 690 1330 745 Ammon
1343 687 1389 742 lilii
1404 687 1483 753 Loth,
1498 686 1626 758 aquihus.
1635 687 1757 742 iloabite
1770 694 1798 743 et

160 780 278 854 jusmodi
292 789 383 836 autem
403 780 495 851 lingua
514 780 619 839 loetum
641 784 675 839 sit
692 785 761 840 Dens
776 785 805 839 iu
820 784 954 856 principio
1002 782 1174 838 Antamonitae.
1197 781 1282 837 Edem
1308 779 1379 834 lelius
1403 778 1487 843 Esau,
1511 777 1730 849 aqnoldumoei.
1749 778 1796 833 lla»

163 870 272 936 muudi,
293 869 359 925 dum
379 870 482 926 dioeret
501 888 508 925 :
530 869 593 926 Fiet
614 871 660 927 lue
683 872 814 947 (Geu.r);
834 875 955 931 iuvenire
1003 879 1106 942 gentes,
1123 886 1183 941 quae
1197 871 1231 925 de
1254 869 1318 925 Sem
1337 869 1432 939 stirpe.
1455 867 1573 939 Agarsel
1593 868 1627 923 ab
1646 868 1729 937 Agar,
1750 870 1796 938 qrri

162 958 271 1014 dililuile
290 966 351 1024 est,
367 958 485 1014 nondum
507 959 579 1015 enirn
600 969 679 1017 erant
699 961 953 1033 tropaeumque
1004 963 1046 1035 (nt
1065 963 1192 1033 diximus)
1212 977 1341 1033 perverso
1365 961 1473 1017 nomine
1488 958 1631 1016 Sarraceni
1655 967 1797 1023 r’oearrtur,

163 1049 256 1120 lingna
270 1049 497 1120 insonuitpostea
515 1050 696 1106 exterioribus
719 1050 858 1106 hominum
878 1051 954 1107 auri·
1003 1055 1066 1127 qnia
1089 1071 1123 1110 ex
1154 1053 1236 1110 Sarra
1259 1069 1289 1110 se
1317 1053 1423 1123 genitos
1456 1052 1616 1124 gloriantur.
1639 1049 1797 1113 ismaelita,

165 1144 230 1208 hus,
253 1141 372 1197 maxime
384 1141 417 1196 ad
434 1140 550 1211 primurn
565 1141 702 1196 hominem
724 1142 847 1212 loquens,
862 1142 904 1197 vel
918 1142 954 1197 ad
1004 1145 1218 1208 ohedieuterrihi,
1231 1146 1455 1216 interpretantur,
1467 1142 1493 1198 id
1506 1151 1548 1199 est
1561 1150 1728 1212 peccatores,
1749 1141 1795 1211 orni

164 1235 322 1306 prophetas,
336 1233 380 1289 vel
394 1232 458 1288 dum
474 1231 652 1302 eorptoraliter
664 1233 756 1288 sonuit
771 1248 823 1288 tor
838 1232 954 1288 dicentis
1003 1237 1076 1307 quoni
1098 1236 1293 1307 concupiscunt
1320 1235 1434 1295 laeutut.
1460 1233 1537 1290 Unrle
1555 1232 1652 1304 legitur
1675 1231 1700 1285 iu
1724 1230 1797 1297 psal-

164 1329 231 1385 liei:
253 1327 292 1383 Tu
307 1344 334 1383 es
356 1326 427 1397 lilius
446 1342 520 1381 meur
544 1325 673 1392 dilectur,·
688 1326 732 1382 uhi
755 1342 771 1381 a
791 1327 952 1396 quibusdam
1003 1344 1068 1385 mo:
1090 1327 1271 1385 Tuheruoculo
1297 1327 1477 1381 ldurmeorum
1494 1337 1517 1381 et
1541 1323 1683 1380 lurrrelitu
1704 1321 1795 1395 (l'ml.

164 1419 280 1475 ereditur
290 1417 333 1473 ila
342 1418 432 1486 lingua
442 1433 494 1472 una
505 1425 533 1472 et
544 1418 611 1481 sola,
622 1432 682 1489 quea
692 1417 743 1473 luit
754 1426 900 1490 numquam
909 1434 954 1475 es-
1003 1418 1120 1490 turri).

165 1520 204 1568 set
215 1512 369 1583 linguarum
380 1510 531 1566 diversitas.
544 1508 574 1565 lu
588 1508 702 1566 diuersis
716 1511 815 1583 quiippe
828 1510 955 1582 gentihus
1038 1510 1162 1583 Agerent
1174 1511 1388 1580 interpretantur
1410 1506 1544 1580 proselyti,
1560 1507 1611 1562 hoe
1627 1515 1679 1573 est,
1702 1523 1797 1577 peeca-

164 1601 293 1667 oreditnr‚
304 1600 376 1672 qnod
389 1600 483 1656 eadem
498 1600 588 1670 lingna
599 1600 652 1656 illis
669 1600 740 1656 Deus
752 1599 886 1672 loquatur,
900 1616 953 1673 qna
1003 1608 1077 1657 tores
1091 1616 1107 1655 a
1120 1609 1254 1655 conuentu
1269 1598 1396 1655 Ecclesiae
1408 1598 1498 1652 alieni.
1515 1595 1590 1652 Unde
1607 1597 1738 1668 seriptum
1756 1611 1798 1656 est

165 1692 214 1763 ipsi
229 1692 354 1748 homiues
370 1700 494 1755 utuntur,
509 1701 540 1746 ut
560 1692 594 1747 ah
613 1693 653 1748 eis
670 1691 954 1764 intelligatnrdoqui·
992 1691 1033 1746 'iu
1053 1691 1157 1763 psalmo
1180 1709 1186 1744 :
1211 1689 1291 1744 dlouh
1314 1698 1339 1744 et
1363 1689 1488 1761 elpererii,
1515 1686 1597 1744 Geloi
1618 1698 1643 1743 et
1667 1689 1796 1754 Ammon,

165 1793 207 1838 tur
218 1790 311 1838 autem
325 1781 396 1837 Deus
409 1781 564 1837 hominibus
581 1797 633 1837 nou
648 1796 696 1851 per
716 1782 895 1837 substantiam
910 1782 953 1837 in·
968 1790 991 1851 Β
1005 1779 1127 1835 Amalech
1137 1788 1161 1834 et
1167 1778 1320 1848 alieuipeure
1330 1795 1388 1832 eum
1399 1777 1575 1832 hahituutihus
1582 1776 1681 1847 Tyrum
1691 1775 1785 1849 (tlte.)

165 1874 308 1940 risibilem,
325 1873 372 1929 sed
384 1881 596 1943 pererraturum
611 1873 790 1943 corporalem,
810 1888 860 1943 per
873 1888 954 1943 quam
1005 1872 1101 1938 Edem,
1117 1886 1199 1941 aquo
1213 1868 1332 1936 idumaei,
1348 1868 1452 1934 retem,
1466 1867 1526 1924 sive
1539 1866 1698 1938 ruopuiueur
1713 1868 1797 1922 iuter-

165 1963 235 2018 ruim
260 1960 367 2033 [etiam]
387 1970 415 2017 et
429 1960 584 2017 homiuibus
606 1976 738 2032 apparere
751 1963 955 2034 voluitquando
1004 1971 1145 2032 pretatur:
1165 1959 1300 2030 sigirihcat
1321 1958 1447 2029 populum
1469 1955 1622 2013 iudeorum
1646 1957 1681 2013 ob
1702 1973 1796 2013 necem

166 2053 270 2109 heatus
287 2060 338 2108 est
355 2051 511 2109 [lieitenim
528 2050 692 2121 Apostolus:
707 2052 738 2108 Si
751 2052 849 2124 liupuir
871 2054 955 2108 homi·
1004 2050 1105 2107 Christi
1127 2058 1154 2106 et
1176 2049 1368 2121 prophetarum
1398 2045 1631 2119 sanguinolentum
1649 2066 1655 2102 :
1675 2048 1746 2103 trude
1770 2047 1796 2103 iu

166 2160 224 2198 urm
237 2143 332 2214 loquor
345 2151 369 2197 et
384 2140 535 2212 rupelorrtm
546 2140 571 2212 (l
586 2140 647 2196 Cor.
670 2140 749 2212 ιιιι);
764 2141 809 2198 uhi
824 2140 956 2211 querilur
1004 2141 1091 2197 Annia
1111 2141 1241 2210 seriptum
1256 2147 1298 2194 est
1320 2136 1396 2192 :lloe
1410 2137 1473 2191 dicit
1495 2137 1622 2192 Dominus
1636 2137 1671 2191 etl
1689 2136 1774 2192 Edem
1789 2150 1797 2189 .·

166 2250 217 2303 urta
236 2234 327 2305 lingna
349 2232 437 2304 augeli
452 2233 606 2303 loquantur.
629 2233 687 2289 Nou
711 2233 782 2304 qumi
797 2233 954 2304 angelornm
1006 2229 1222 2301 Eceepuruuluut
1237 2229 1337 2283 dedite
1357 2228 1384 2281 iu
1401 2226 1528 2299 pentilus,
1551 2227 1797 2299 contemptibilium

166 2326 261 2397 alique
275 2326 374 2395 liuguae
384 2326 451 2391 siut,
465 2326 512 2382 sed
528 2339 577 2396 per
588 2326 828 2397 exaggerationem
844 2325 954 2382 dieitur.
1004 2342 1031 2379 es
1052 2324 1127 2380 oulrle
1145 2338 1154 2376 .·
1175 2322 1296 2394 superbio
1322 2321 1408 2375 cordis
1433 2321 1472 2374 tui
1503 2319 1608 2377 exstulit
1636 2329 1661 2375 te
1692 2319 1795 2391 (Ate,

166 2418 230 2472 item
247 2416 378 2484 queritur
405 2431 458 2487 qna
479 2415 568 2487 lingna
588 2417 615 2470 iu
640 2417 758 2471 lutunrm
773 2417 896 2473 homines
919 2418 956 2472 lu·
1005 2432 1030 2470 o.
1043 2413 1081 2486 Ξ).
1097 2416 1222 2479 idumei,
1242 2413 1380 2484 serpulum·
1402 2412 1459 2468 siue
1480 2422 1550 2467 terre
1570 2410 1795 2481 interpretantur,

165 2516 293 2577 quantur,
306 2507 377 2577 quod
399 2521 531 2577 nusquam
548 2507 691 2577 reperitur.
708 2505 777 2561 Nam
795 2506 861 2562 dicit
881 2507 953 2578 ripo-
1005 2506 1032 2560 id
1054 2514 1095 2561 est
1112 2505 1248 2561 daemones
1270 2505 1329 2559 sine
1348 2512 1516 2573 predatores,
1538 2512 1567 2557 ut
1587 2504 1613 2559 in
1640 2503 1743 2573 psalmo
1758 2504 1796 2557 le-

166 2598 272 2652 stolus:
295 2597 356 2652 Siue
379 2597 476 2668 liupuee
495 2596 631 2652 cessohrmt
651 2596 756 2670 (thie).
782 2596 843 2653 ldeo
864 2607 954 2653 auteur
1005 2598 1099 2668 gitur:
1123 2596 1285 2661 Memorare,
1305 2595 1431 2660 Domine,
1448 2594 1566 2663 filiorem
1595 2593 1680 2648 Edem
1704 2595 1731 2648 iu
1755 2595 1798 2649 die

167 2690 240 2759 prius
256 2689 290 2745 de
310 2688 419 2758 linguis,
436 2703 468 2744 ae
489 2689 585 2745 deinde
606 2690 639 2745 de
660 2691 784 2760 gentibus
804 2693 954 2761 posuimus,
1004 2686 1231 2758 irruentemque
1252 2686 1342 2740 dicum
1363 2700 1372 2737 ἰ
1393 2684 1545 2749 Eeimuire,
1565 2687 1696 2741 exinanite
1717 2690 1798 2757 “siue

167 2779 956 2853 qrriaexlingnisgentes,nonexgentibushngnaeexorte
1005 2775 1041 2831 ad
1065 2776 1265 2847 fundumentum
1288 2778 1316 2831 in
1337 2794 1368 2832 eu
1392 2776 1479 2850 (Psoi.
1498 2777 1625 2847 cxxxvi).
1646 2777 1712 2832 item
1728 2777 1798 2832 ‘idn-

167 2881 240 2927 suut.
1006 2883 1091 2923 tereus
1113 2867 1226 2938 populus
1238 2876 1279 2922 est
1302 2868 1422 2938 gentium
1440 2885 1447 2922 ε
1463 2868 1533 2923 nude
1547 2867 1575 2921 in
1591 2867 1799 2922 Deuteronomio

482 2961 596 3020 darer
614 2962 646 3018 ll.
1005 2960 1135 3029 scriptum
1154 2970 1196 3015 est
1215 2976 1222 3015 ε
1249 2958 1310 3014 Nou
1336 2958 1525 3014 uhominuoeris
1550 2958 1716 3023 idumeum,
1735 2961 1798 3031 ertio

399 3050 437 3108 Dr
454 3052 569 3124 pestium
588 3051 728 3108 uoeuhulis.
1005 3051 1159 3123 [retertuus
1171 3061 1225 3117 est,·
1244 3068 1291 3106 uec
1306 3050 1460 3121 AEppptum,
1480 3050 1543 3122 puio
1563 3050 1662 3105 aduena
1677 3049 1751 3121 luisti
1769 3050 1798 3105 iu

200 3139 273 3196 dem
285 3147 327 3196 est
345 3140 488 3198 multitudo
498 3142 532 3197 ab
546 3157 600 3199 eruo
623 3143 754 3214 principio
766 3153 835 3210 orta,
850 3140 954 3200 site'ab
967 3134 991 3197 C
1006 3154 1076 3198 terro
1092 3143 1149 3213 ejrrr
1162 3162 1171 3198 .·
1186 3143 1231 3215 qui
1246 3144 1302 3197 noti
1321 3143 1419 3214 suerint
1432 3159 1465 3196 eu
1482 3143 1529 3204 eir,
1545 3143 1620 3196 tertio
1631 3144 1798 3212 perrernlione

167 3230 218 3285 alia
242 3232 352 3286 natione
376 3235 522 3289 seerrndum
545 3236 681 3305 propriam
702 3234 954 3291 eollecziouemdis·
1005 3233 1139 3287 iutruluut
1166 3232 1307 3288 Ecclesium
1330 3233 1436 3288 Domini
1456 3232 1545 3304 (deul.
1567 3233 1662 3305 satit).
1687 3234 1712 3286 id
1737 3242 1797 3294 est,

169 3321 269 3386 tincta,
291 3321 462 3390 usuraria,
484 3323 548 3380 Asia
574 3325 663 3380 :hine
685 3325 821 3394 geruttttas
845 3326 952 3380 dieitur.
1005 3337 1054 3393 per
1080 3323 1159 3377 tidem
1184 3313 1325 3378 'ieiunitatis
1356 3331 1385 3376 et
1408 3320 1545 3377 terreorum
1571 3322 1794 3391 regenerationis.

167 3409 238 3467 Gens
253 3420 347 3468 aretem
360 3412 492 3485 appellata
510 3424 619 3485 propter
640 3415 827 3485 generationes
841 3415 954 3471 lamilia-
1041 3412 1111 3476 Sele,
1131 3413 1176 3482 qni
1197 3412 1315 3482 hispidus
1329 3413 1370 3467 vel
1385 3414 1501 3467 hirsutus
1521 3412 1726 3483 interpretatur,
1748 3426 1796 3481 pu·

169 3517 243 3568 rum,
264 3502 292 3559 id
313 3510 398 3569 est,a
419 3504 562 3576 gignemo,
585 3505 655 3560 sicut
678 3506 751 3561 natio
771 3521 788 3561 a
808 3508 952 3562 nascendo.
1005 3503 1096 3574 pulum
1111 3502 1264 3558 iudeorum
1277 3504 1421 3573 signifieat.
1437 3504 1513 3590 Unzlp¹
1537 3504 1564 3557 in
1580 3503 1685 3558 carutieo
1702 3503 1798 3556 liente-

168 3590 300 3658 Gentesa
315 3593 413 3664 quibus
424 3594 560 3650 divisaesl
577 3604 660 3662 terra,
678 3611 761 3651 nxrtrt
778 3597 954 3667 :quindecim
1005 3592 1121 3648 rouornii
1138 3592 1253 3664 legitur:
1273 3593 1399 3648 Dominus
1414 3594 1446 3649 de
1460 3594 1527 3650 Siue
1546 3596 1638 3658 ueniet,
1653 3606 1676 3648 et
1690 3595 1722 3649 ele
1740 3594 1799 3650 Seir
1826 3615 1830 3623 ·

169 3695 229 3741 snut
247 3686 282 3742 de
294 3685 403 3758 iaphet,
423 3703 487 3743 xxm
510 3687 544 3743 de
556 3686 649 3753 (liram,
668 3704 742 3743 xxrn
754 3690 787 3744 tle
803 3688 877 3754 Sem,
895 3705 956 3760 quiue
1006 3698 1079 3735 tir-rt
1090 3690 1127 3735 est
1140 3680 1213 3734 nohis
1224 3679 1313 3752 (lieet.
1327 3684 1433 3754 ιιιιιι).
1467 3735 1476 3750 ,,

169 3777 234 3834 liunt
265 3794 367 3845 entur,
392 3779 433 3835 tel
456 3781 562 3851 potius,
588 3789 618 3836 ut
644 3780 712 3837 ratio
737 3781 870 3847 declarat,
904 3798 955 3837 Lxx
1041 3772 1168 3828 Amalech
1185 3773 1386 3844 interpretatur,
1408 3773 1533 3841 lantherus,
1558 3774 1583 3830 id
1599 3782 1651 3838 est,
1664 3774 1796 3828 disimilis.

169 3870 237 3934 driu,
252 3869 418 3941 totidemque
438 3871 535 3942 lingue
553 3887 602 3942 per
623 3880 708 3928 terras
724 3886 785 3928 esse
803 3882 953 3944 coeperunt,
1006 3862 1082 3918 Unde
1095 3862 1193 3934 legitur
1205 3863 1232 3918 iu
1252 3864 1363 3920 Exodo:
1382 3864 1415 3917 lu
1430 3855 1510 3924 murra
1531 3865 1682 3919 ehreurnlitu
1699 3865 1736 3919 eel
1752 3883 1798 3918 ou·

169 3976 227 4030 qum
246 3963 393 4018 crescendo
411 3964 565 4035 provincias
584 3973 612 4019 pr
638 3964 741 4020 insutas
767 3964 953 4034 nuptm-epum,
1005 3953 1060 4007 tide
1077 3952 1349 4023 exprtpuutllominus
1365 3954 1514 4008 drrmlechu
1529 3957 1694 4025 peremtione
1712 3958 1738 4010 iu
1755 3974 1801 4026 pe·

202 4052 262 4108 Filii
286 4053 352 4110 Sem
376 4056 495 4127 quinique
520 4056 694 4127 singulariter
719 4067 813 4128 gentes
836 4058 956 4128 singulas
1006 4044 1168 4097 ”tillim
1183 4042 1372 4114 (EM-llll)-

170 4153 386 4211 procreaverunt,
404 4145 524 4214 Quorum
546 4148 650 4218 primus
672 4148 761 4213 Elam,
783 4163 798 4203 a
820 4165 873 4220 quo
894 4150 953 4204 Epa.
1041 4132 1196 4187 hmaleeite
1229 4132 1440 4202 interpretantur
1477 4131 1588 4203 populus
1619 4132 1753 4200 inuelem,
1772 4137 1798 4190 il

171 4232 240 4288 urite
257 4233 392 4306 principes
404 4236 532 4292 Persidis,
548 4235 688 4292 Seeurnlus
699 4237 794 4304 Assttr,
814 4254 896 4308 aquo
910 4237 957 4292 As-
1007 4231 1062 4284 ⁰⁵²2
1078 4231 1234 4292 P⁰⁰0¹ll⁰l⁰⁵
1259 4232 1365 4277 lemna
1385 4222 1545 4278 lfflblfflllsss·
1569 4222 1645 4279 Uudo
1668 4224 1797 4293 SCllPlum

171 4311 300 4393 serlonem
322 4325 464 4395 pullutavit
479 4327 630 4397 imperium,
644 4324 752 4381 'repuens
765 4326 919 4396 apphaim,
941 4341 957 4381 a
1007 4323 1049 4369 est
1063 4314 1090 4368 iu
1102 4315 1223 4384 psalmo:
1240 4311 1321 4370 Geloi
1334 4325 1357 4368 et
1370 4314 1480 4369 elrnmou
1490 4324 1514 4370 et
1526 4314 1649 4369 dmuleeh
1666 4325 1689 4370 et
1704 4315 1797 4370 olieni-

171 4426 222 4480 quo
239 4427 304 4482 gens
328 4413 394 4469 Chal
406 4416 514 4470 'eorum
538 4425 634 4472 exorta
649 4424 701 4470 est.
724 4413 841 4481 erartus
854 4413 956 4476 Lud,a
1007 4421 1079 4474 lllll
1097 4421 1157 4458 Μ*
1179 4404 1356 4458 hahitumihur
1377 4402 1474 4474 ipram
1494 4404 1581 4477 (Paul.
1595 4405 1714 4477 ΜΗ)
1736 4406 1798 4462 Phi·

172 4518 222 4569 ιιι)
234 4502 319 4574 Lydii·
331 4504 447 4570 Quintus
458 4504 549 4570 Arato,
561 4521 576 4560 a
589 4521 643 4576 quo
657 4503 716 4577 Syri
731 4521 845 4575 qrrorrun
860 4513 958 4560 mpepp
971 4487 996 4546 Ι)
1010 4495 1106 4551 listlmri
1129 4494 1178 4566 ipsi
1199 4503 1262 4551 sunt
1278 4494 1424 4561 Palaestini,
1440 4494 1503 4564 qrria
1529 4512 1545 4565 p
1565 4494 1684 4551 litteram
1708 4514 1799 4552 sermo

172 4592 237 4663 polis
250 4594 298 4649 luit
313 4596 469 4651 Damascus,
1008 4588 1137 4644 llehraeus
1160 4604 1213 4643 uon
1238 4587 1335 4654 lrahet;
1352 4588 1398 4644 sed
1419 4604 1469 4658 pro
1486 4605 1519 4644 eo
1532 4591 1565 4660 ph
1587 4589 1681 4646 Gruee
1705 4591 1799 4655 utitur,

206 4683 264 4738 Filii
279 4683 374 4750 Aratu,
390 4695 501 4755 nepotes
520 4684 583 4742 Sem
606 4694 742 4757 ‹pnntrrort
763 4686 830 4751 llus,
852 4695 879 4741 et
895 4685 955 4749 lini,
1008 4682 1070 4736 inele
1088 4680 1235 4737 Philisthmi
1256 4698 1304 4753 pro
1327 4683 1477 4739 Palaestinis
1498 4685 1633 4754 dicuntur,
1652 4703 1667 4740 a
1689 4686 1799 4742 ciuitate

173 4779 199 4825 et
217 4765 332 4838 Gether,
355 4783 383 4829 et
407 4773 488 4829 llesa.
516 4775 571 4829 llus
595 4773 794 4831 Trachonitirlis
821 4775 956 4840 eonditor,
1008 4769 1101 4842 tutique
1129 4787 1198 4839 sua;
1220 4773 1300 4828 iidem
1326 4782 1354 4829 et
1373 4773 1517 4847 elllophyli,
1547 4775 1628 4832 iidem
1651 4786 1677 4832 et
1705 4778 1800 4834 alieni-

174 4875 229 4930 rpm
244 4862 316 4917 iuter
328 4861 497 4918 Palaestinam
511 4872 539 4918 et
555 4862 730 4936 Coelesyriam
751 4865 836 4919 tenuit
856 4864 958 4935 prinei·
1008 4879 1083 4935 genre
1096 4864 1132 4919 ob
1147 4867 1209 4931 hoe,
1223 4867 1285 4936 quia
1300 4883 1407 4937 semper
1428 4866 1530 4923 luerint
1550 4869 1651 4925 iniruiel
1664 4870 1758 4934 lsrael,
1773 4879 1800 4925 et

174 4961 261 5021 patum
274 4971 281 5006 ε
294 4952 364 5009 unde
379 4953 428 5008 luit
440 4953 498 5019 lob,
513 4954 659 5010 secumdum
672 4955 743 5025 qtrod
758 4955 956 5025 scriptumest:
1012 4955 1091 5025 longe
1110 4956 1144 5011 ab
1167 4973 1260 5012 eorum
1278 4974 1376 5029 gernere
1393 4975 1425 5014 ae
1439 4961 1569 5016 societate
1588 4961 1713 5031 separati.
1736 4961 1799 5014 Plri-

180 5039 288 5096 l'irerot
303 5043 330 5096 iu
343 5051 413 5096 terre
434 5041 493 5097 llus
507 5042 578 5114 (ioh.
593 5043 623 5114 r).
641 5042 781 5099 Secundus
797 5044 859 5109 llul,
873 5060 888 5099 a
903 5059 959 5115 qrro
1013 5046 1108 5103 listltaei
1134 5049 1347 5120 interpretantur
1369 5051 1489 5106 calentes
1509 5051 1615 5123 poculo,
1631 5051 1656 5106 id
1674 5060 1725 5115 est,
1749 5052 1799 5105 ini-

174 5130 301 5187 llrurenil.
316 5130 424 5187 Tertius
433 5131 543 5198 (lether,
554 5148 631 5203 aquo
641 5131 956 5190 srcnrrauitstvecmte.
1012 5139 1075 5194 mici
1090 5139 1227 5205 Eeelesiee,
1241 5141 1275 5194 de
1289 5156 1338 5195 sna
1360 5157 1389 5196 se
1403 5143 1563 5197 extollentes
1584 5142 1706 5197 seientia.
1723 5141 1799 5196 Unde

174 5219 288 5287 Quartus
305 5220 390 5288 Uesa,
403 5237 418 5276 a
430 5237 484 5292 quo
498 5231 561 5278 sunt
583 5224 610 5279 hi
625 5224 670 5293 qui
693 5233 825 5281 vocantur
839 5225 957 5283 tteones.
1012 5227 1109 5299 legitur
1121 5230 1147 5284 iu
1160 5230 1294 5301 Propheta
1308 5249 1314 5285 :
1334 5230 1428 5286 Verum
1439 5233 1502 5302 perid
1515 5233 1578 5286 mihi
1591 5244 1615 5287 et
1631 5234 1700 5287 uehis
1716 5233 1800 5305 Tyrus

175 5309 318 5368 Posterites
330 5314 470 5384 Atplraral
485 5314 533 5372 litii
555 5315 628 5372 Sem.
645 5316 735 5373 Hebes·
749 5333 833 5389 nepos
852 5319 959 5389 Arpha-
1011 5331 1036 5376 el
1056 5322 1138 5377 Sidon
1159 5333 1183 5376 et
1205 5323 1289 5377 omnis
1309 5324 1434 5377 lerutinur
1454 5321 1667 5376 Palestinorum.
1683 5323 1740 5377 Cito
1757 5343 1798 5378 re-

175 5411 233 5469 xat,
247 5418 262 5458 a
277 5419 331 5474 qrro
353 5402 457 5459 llehrei
471 5423 478 5459 :
493 5403 586 5461 leetan
608 5405 678 5462 llllus
697 5406 794 5475 Heher,
811 5424 827 5463 a
842 5425 896 5480 quo
916 5410 959 5464 ln·
1010 5411 1101 5467 loriter
1123 5414 1231 5467 reddum
1251 5413 1453 5468 uicissitudinem
1474 5412 1544 5468 eolis
1563 5431 1641 5482 super
1659 5426 1737 5482 erepet
1761 5434 1803 5470 re-

175 5494 267 5551 dorunr
281 5507 340 5552 orta
355 5506 397 5552 est
415 5513 495 5568 geum
510 5497 573 5555 Sale
594 5500 664 5557 lilius
681 5500 785 5569 lectae,
801 5518 816 5557 a
838 5518 892 5574 qrto
907 5503 959 5560 Ba·
1009 5516 1091 5559 strum
1102 5504 1181 5576 (leel.
1194 5503 1246 5574 ιιι).
1259 5505 1323 5560 ltem
1338 5506 1364 5559 iu
1377 5505 1472 5560 honam
1486 5514 1589 5577 partem
1604 5507 1799 5578 intelliguntur.

175 5586 284 5650 adorti,
310 5585 371 5645 licet
385 5605 432 5645 eos
453 5589 498 5645 alii
514 5590 675 5662 Scytltarunt
689 5594 795 5649 exsrtles
817 5597 958 5665 suspiceu-
1011 5595 1088 5652 Unde
1109 5596 1205 5664 legitur
1220 5596 1247 5650 in
1271 5596 1374 5666 psalrno
1396 5614 1402 5648 ι
1423 5595 1458 5649 lli
1472 5594 1602 5669 allophyli
1621 5598 1718 5653 sertem·
1741 5607 1799 5651 sum

180 5685 227 5733 tur.
248 5677 343 5742 brutuel
370 5681 441 5736 itlius
468 5682 602 5737 llltmlram
625 5700 640 5737 u
663 5700 716 5754 (prro
741 5685 895 5754 ismaelitae,
912 5688 957 5757 ‹pti
1009 5685 1175 5757 (l'snl.ttsl.
