4042 6200
287 388 353 444 lili
605 385 636 440 tt.
657 385 783 441 RABAM
802 385 912 443 uiuat
930 349 1090 441 ancillet).
1110 385 1266 444 dedunt.
1285 385 1428 445 occubit
1447 387 1537 445 PARS
1556 390 1597 445 ill.

242 523 249 535 ·
285 502 432 573 «eoquod
442 515 495 556 nou
506 498 783 563 sltbabitator,eimul
798 508 828 554 ut
842 499 932 554 leones
945 497 1072 568 rugiant:
1087 499 1311 559 Acontiusionem
1330 501 1358 556 in
1378 502 1483 557 lnierno
1496 503 1634 558 habebunt
1654 508 1826 575 perpetuam.
1841 509 1925 568 liade
1995 536 1996 539 ¹

286 614 296 641 t
320 590 457 646 excutient
467 602 560 644 eomas
574 588 648 643 velut
672 587 755 643 catuli
781 587 899 644 leonum.
926 587 954 642 ln
983 586 1073 642 calore
1126 605 1216 646 sermo
1228 592 1403 661 propbetims
1418 593 1545 647 admonet
1558 593 1660 658 iideles,
1674 603 1704 648 ut
1717 597 1922 667 egrediantur,

287 701 297 733 r
321 698 414 739 eorum
430 696 529 751 ponam
548 688 627 751 potus
639 695 754 745 eornm,
781 690 809 734 et
827 679 966 735 inebriabo
979 694 1026 735 eos
1044 687 1075 734 ut
1124 689 1152 735 et
1166 690 1292 751 separent
1309 697 1338 737 se
1353 682 1490 737 decorum
1504 683 1644 748 societate,
1658 699 1692 739 ne
1705 683 1777 741 sorte
1789 703 1856 743 com
1868 688 1925 746 illis

289 796 298 825 t
321 776 468 844 sopiantur,
483 782 511 829 et
524 773 658 828 dormiant
671 787 795 828 somnum
816 772 1009 842 sempiternum
1024 811 1032 837 ‚
1047 781 1075 826 et
1123 780 1245 842 pereant.

288 884 297 914 t
319 880 371 920 non
391 870 578 935 consurgant,
604 863 670 919 dicit
692 862 830 917 Dominus.
855 861 991 917 Deducam
1026 875 1074 917 eos
1162 880 1173 913 r
1195 861 1361 935 Egredimiui
1375 863 1411 920 de
1428 865 1517 920 medio
1542 863 1601 933 ey'us
1622 866 1737 936 populus
1763 882 1870 933 meus,
1892 878 1925 924 ut

288 974 304 1005 e.
321 953 397 1024 quasi
421 970 505 1026 agnos
524 954 557 1007 nd
577 953 733 1017 victimam,
756 963 783 1007 ct
802 954 878 1021 quasi
901 953 1074 1008 arietescnm
1128 969 1138 1002 r
1158 952 1243 1007 salvet
1270 954 1454 1024 unusquisque
1476 955 1593 1009 nltimam
1616 972 1692 1010 suam
1713 958 1748 1012 ab
1762 953 1803 1012 ira
1819 958 1924 1015 luroris

278 1042 413 1099 butadis.
433 1064 443 1096 r
459 1045 496 1097 De
512 1044 564 1098 hoo
579 1056 652 1098 auare
662 1051 690 1097 et
700 1042 784 1096 isaias
798 1044 825 1097 in
840 1042 909 1097 libro
928 1057 976 1097 sue
991 1042 1072 1097 dicit:
1127 1062 1137 1092 r
1161 1042 1277 1105 Domini,
1290 1051 1319 1097 et
1340 1058 1374 1097 ne
1392 1042 1465 1099 'iurte
1482 1045 1620 1100 mollescat
1632 1054 1825 1113 corvestrnm,
1843 1059 1873 1102 et
1888 1048 1923 1103 ti·

290 1156 299 1186 r
322 1132 397 1192 Ornis
411 1136 510 1191 deserti
534 1136 627 1189 maris.
648 1132 724 1189 Sicut
737 1134 858 1193 turbines
877 1134 911 1187 ab
923 1134 1015 1189 birico
1026 1149 1072 1188 ve·
1128 1153 1137 1186 r
1159 1136 1255 1189 ineatis
1269 1137 1392 1191 anditum
1407 1138 1453 1206 qui
1468 1139 1593 1193 audietur
1607 1140 1633 1194 in
1648 1148 1731 1206 terra,
1744 1149 1775 1196 et
1788 1142 1886 1196 veniet
1897 1143 1923 1197 in

285 1228 547 1284 ninnt‘1dedcserto
562 1227 645 1291 venit,
662 1235 689 1281 et
704 1227 737 1282 de
755 1232 826 1280 terra
845 1225 966 1280 horribili
982 1225 1074 1281 :visio
1128 1245 1137 1279 r
1158 1243 1229 1283 anuo
1243 1228 1365 1294 auditio,
1386 1239 1414 1282 et
1430 1239 1491 1299 post
1506 1230 1578 1286 hunc
1591 1248 1691 1286 annum
1705 1233 1811 1287 auditio
1824 1241 1854 1288 ct
1872 1234 1923 1288 ini·

286 1323 352 1374 tlnra
372 1304 532 1373 annuntiata
553 1329 595 1373 est
615 1319 716 1372 milvis
742 1317 919 1387 Perspicuum
944 1323 986 1370 est
1009 1329 1074 1384 ergo
1128 1339 1137 1371 t
1158 1322 1248 1391 quitus
1261 1322 1286 1374 in
1303 1323 1921 1394 terra,ctdominatorsuperdominatorem.»

213 1460 218 1467 .
284 1412 357 1481 quod
381 1411 516 1466 desertum
542 1425 617 1464 mare
637 1409 755 1481 Babylon
770 1405 1074 1479 appelleturtleremla
1125 1413 1198 1483 Opus
1217 1421 1259 1467 cst
1277 1429 1341 1488 ergo
1361 1414 1505 1482 unicuique
1529 1415 1575 1483 qui
1607 1413 1665 1468 vnit
1692 1415 1816 1469 animam
1847 1432 1922 1470 suam

1845 393 1924 448 tlte

148 1500 153 1509 “
178 1546 191 1573 ,,
285 1492 330 1557 hic
341 1486 537 1573 liuo‘prolrnnte
548 1517 580 1556 cx
592 1515 707 1571 persona
722 1500 840 1566 Domini,
854 1498 1074 1554 dieentezrDe·
1125 1501 1382 1567 salvarnlacere,ut
1401 1518 1430 1557 se
1450 1510 1602 1572 sequestret
1620 1503 1846 1573 deperditarum
1862 1520 1924 1565 con

284 1604 386 1649 sertum
405 1594 502 1649 iaciam
524 1609 597 1649 roure
612 1592 680 1661 ejus,
699 1601 728 1648 ct
741 1593 849 1647 siccabo
862 1601 961 1646 terram
981 1590 1073 1657 illins,
1125 1594 1219 1657 sertio,
1236 1600 1263 1648 et
1274 1601 1431 1648 revereatur
1445 1607 1596 1648 sermonem
1613 1593 1734 1660 Domini,
1746 1596 1784 1650 de
1801 1596 1923 1651 vindicta

284 1692 312 1739 et
326 1685 378 1739 erit
393 1685 512 1755 Babylon
525 1685 551 1738 in
567 1683 682 1739 tumulas
692 1698 847 1738 arenarum.
867 1682 964 1736 »blare
985 1689 1073 1735 autem
1125 1693 1297 1756 pcccatorum
1312 1684 1401 1741 lutura
1422 1686 1631 1750 comminantis,
1651 1688 1697 1756 qui
1713 1688 1842 1757 quotidie
1856 1705 1925 1757 prae·

284 1785 395 1848 propter
417 1776 615 1830 multitudinem
640 1774 849 1829 irritabitautium
867 1772 975 1827 dieitur.
998 1768 1075 1825 Unde
1126 1761 1268 1833 nicaenii„
1282 1777 1442 1843 ecclesiam
1454 1778 1753 1842 auditurabomnibus‚
1769 1777 1925 1850 scripturis

284 1875 311 1921 et
334 1881 416 1936 supra
440 1865 550 1937 AEgypti
574 1865 717 1920 multitudo
743 1864 812 1919 mari
840 1871 995 1934 comparata
1021 1868 1072 1916 est.
1091 1843 1228 1923 sssaneris
1245 1869 1278 1923 de
1294 1882 1365 1923 anno
1387 1868 1415 1922 in
1439 1883 1540 1922 annum
1564 1867 1591 1922 id
1607 1867 1694 1937 ipsum
1714 1868 1923 1927 attestantibus,

281 1958 361 2014 lianc
376 1968 465 2013 aulem
482 1958 611 2013 Dominus
624 1972 674 2027 pet
686 1957 823 2014 exercilus
836 1956 974 2011 Medorum
994 1963 1076 2024 ttiqtte
1127 1960 1198 2030 quod
1223 1959 1305 2029 judex
1331 1960 1448 2015 coeiestis
1469 1961 1592 2016 (lictums
1616 1960 1652 2014 sit
1673 1959 1701 2015 in
1714 1970 1845 2016 extremo
1859 1974 1924 2017 en-

284 2049 429 2105 Pcrsarum
456 2065 524 2121 qnos
546 2049 591 2105 bic
614 2048 737 2104 leonibus
770 2054 912 2118 comparat
930 2053 959 2101 et
977 2045 1075 2100 catulis
1125 2050 1209 2115 minc,
1222 2050 1266 2104 bis
1276 2049 1321 2119 qui
1333 2048 1367 2104 ad
1378 2048 1515 2104 sinistram
1537 2045 1595 2115 ejus
1608 2056 1710 2102 crunt:
1728 2067 1738 2100 r
1755 2048 1924 2103 Disceditea

282 2142 391 2198 leonum
402 2142 552 2208 destruxit,
568 2149 596 2197 et
617 2141 721 2212 redegit
737 2140 764 2195 in
789 2138 905 2196 tumulos
916 2152 1073 2200 arenarum,
1126 2158 1181 2207 me,
1197 2140 1341 2204 maledieti,
1358 2142 1385 2196 in
1398 2142 1485 2212 ignem
1492 2140 1685 2209 aetemum,qui
1697 2150 1873 2209 preparatus
1885 2146 1925 2195 est

282 2246 313 2293 nt
327 2236 497 2308 postmodum
512 2234 589 2291 lieret
602 2232 733 2290 habitatio
751 2234 912 2295 draconum,
928 2240 956 2285 et
969 2237 1074 2299 stupor,
1126 2233 1234 2289 diabolo
1251 2240 1279 2288 et
1299 2232 1403 2305 angelis
1419 2230 1478 2302 eius
1494 2231 1601 2305 (lictus
1622 2226 1699 2304 xxv).
1724 2251 1735 2285 t
1763 2229 1825 2285 Non
1852 2231 1923 2285 enirn

284 2336 312 2384 et
326 2327 421 2383 sibilus
439 2326 604 2393 videntium,
620 2335 648 2381 et
672 2325 829 2380 mirantium
853 2323 990 2379 interitum
1005 2320 1074 2390 ejus,
1126 2324 1205 2380 debet
1226 2332 1408 2379 eornostrum
1427 2324 1455 2377 iu
1475 2323 1615 2379 desideriis
1628 2324 1721 2379 carnis
1737 2322 1923 2384 nomnen,

284 2431 318 2471 co
332 2417 403 2487 quod
418 2431 472 2472 non
497 2417 532 2471 sit
557 2417 586 2471 iu
608 2416 799 2471 cohabitator.
818 2412 1074 2484 luastuerqotri·
1125 2424 1154 2469 et
1164 2429 1214 2469 uos
1226 2429 1323 2484 segnes
1334 2414 1360 2468 in
1373 2427 1453 2484 opere
1476 2414 1547 2470 bono
1568 2414 1692 2480 reddere,
1712 2414 1923 2484 sedmagisper

282 2507 452 2562 bvrlationnm
472 2521 581 2562 suarum
598 2505 726 2561 biberunt
747 2505 858 2561 calicem
875 2505 922 2559 irae
946 2503 1073 2568 Domini,
1127 2507 1248 2561 anditum
1262 2506 1393 2562 sollicitos
1408 2507 1435 2560 in
1450 2505 1625 2561 meditatione
1637 2504 1706 2573 legis
1720 2505 1782 2570 Dei,
1802 2515 1832 2559 et
1853 2514 1920 2560 stre

283 2608 311 2654 et
326 2597 452 2654 inebriati
469 2605 543 2664 sunt,
567 2597 604 2652 ita
631 2606 660 2652 ut
688 2598 852 2669 sopirentur,
873 2602 901 2650 ct
926 2594 1076 2649 denudarent
1126 2611 1195 2651 nuos
1208 2597 1235 2650 in
1248 2597 1379 2652 exercitio
1396 2597 1526 2651 virtutum
1544 2596 1693 2662 exhibere,
1712 2597 1778 2665 quia
1792 2596 1922 2667 iniqnitas

283 2705 378 2747 somno
392 2689 567 2760 sempiterno,
578 2705 627 2745 ncc
637 2699 832 2761 consurgerent
848 2687 972 2759 amplius.
982 2687 1075 2759 llysti·
1126 2694 1206 2742 terra
1220 2686 1436 2743 remunerabitur
1446 2687 1472 2741 in
1484 2698 1564 2757 poena
1574 2686 1923 2757 gebenuae,etdominator
1995 2738 1996 2745 ,

282 2796 316 2837 ec
329 2792 419 2836 nutem
430 2795 507 2836 mare
520 2780 600 2852 hujus
617 2781 855 2853 saculi'slquilicat
870 2783 1074 2849 turbulentiam,
1126 2791 1207 2848 super
1219 2777 1416 2834 dominatorem
1428 2777 1527 2842 veniet,
1552 2782 1584 2832 nt
1605 2777 1652 2848 qui
1674 2778 1849 2847 potentiores
1867 2776 1921 2831 ine

283 2871 356 2940 quod
371 2872 501 2927 Dominus
515 2872 652 2928 desertum
673 2871 760 2941 ponit,
783 2888 844 2928 curm
862 2886 970 2929 cessare
993 2872 1075 2929 lactet
1126 2876 1191 2926 runt
1215 2870 1242 2925 in
1267 2869 1407 2941 peccatis,
1435 2868 1588 2938 potentiora
1618 2875 1753 2923 tormema
1782 2869 1922 2939 patiantur

283 2962 375 3018 luxum
388 2962 466 3034 eius,
492 2971 519 3017 et
534 2961 737 3033 dissipabuntur
757 2962 842 3034 iniqui
856 2965 903 3034 qui
917 2962 1076 3020 confusione
1126 2962 1203 3035 (Sap.
1219 2960 1267 3033 rr).

283 3067 406 3109 errorum
425 3060 453 3109 et
479 3052 609 3108 vitiorum
632 3052 821 3109 deserviebant
845 3067 854 3108 ε
877 3053 1075 3125 veniebantque
1164 3071 1173 3104 r
1193 3052 1338 3122 Propterea
1353 3064 1417 3107 ecee
1431 3050 1488 3107 dies
1502 3051 1627 3118 veniunt,
1650 3057 1679 3106 et
1698 3050 1817 3107 visitabo
1840 3066 1921 3122 supa

282 3161 363 3217 super
377 3162 425 3202 eus
441 3146 550 3217 maligni
566 3146 688 3216 spiritns,
712 3147 774 3201 saevi
792 3155 822 3202 ut
840 3147 921 3201 catuli
947 3146 1073 3212 leonum,
1129 3166 1139 3198 r
1162 3145 1294 3215 sculptilia
1310 3143 1466 3215 Babylonis,
1478 3152 1506 3198 et
1520 3141 1610 3199 omnis
1630 3153 1705 3198 terra
1720 3144 1782 3215 ejus
1806 3143 1920 3199 eomun-
1995 3201 1996 3204 Ἴ

283 3256 344 3294 eum
367 3239 445 3295 leone
459 3239 585 3305 diabolo,
607 3239 653 3308 qui
672 3238 804 3308 rugiendo
827 3239 926 3294 circuit
949 3207 1111 3309 quaerensc
1130 3257 1139 3290 r
1161 3239 1256 3302 detur,
1269 3245 1297 3292 et
1309 3238 1428 3300 universi
1442 3235 1578 3292 interlecti
1591 3235 1650 3305 ejus
1663 3236 1765 3291 cadent
1782 3237 1810 3291 in
1834 3237 1921 3291 metito

282 3333 363 3400 quem
377 3332 499 3396 devoret,
520 3338 549 3384 ct
571 3329 743 3384 inebriabunt
758 3343 805 3383 eos
818 3338 883 3400 potu
898 3330 1025 3385 vindictae
1046 3337 1074 3384 et
1128 3349 1137 3412 r
1159 3331 1227 3401 ejus,
1242 3338 1268 3384 et
1284 3330 1433 3384 laudabunt
1443 3345 1525 3400 snper
1539 3329 1703 3400 liabyioncm
1715 3329 1781 3384 coeii
1795 3336 1825 3384 et
1838 3337 1920 3388 tem.

283 3424 394 3480 ultionis
408 3423 517 3492 litturae,
532 3431 562 3477 ut
575 3437 673 3493 sopore
685 3421 781 3477 mortis
795 3431 904 3477 :eternae
914 3421 1072 3489 dormiant,

282 3530 333 3571 nec
359 3515 428 3569 ultra
452 3515 486 3570 ad
513 3513 604 3570 vitant*
623 3523 775 3585 resurgant,
799 3514 846 3569 sed
873 3513 938 3568 finnt
963 3514 1073 3570 victima

226 3633 230 3643 ·
282 3606 371 3678 gladio
397 3607 503 3661 Domini
519 3607 624 3671 occisa,
641 3607 804 3662 etlrabitcnt
826 3622 889 3662 crint
911 3608 1074 3664 draconibus

281 3698 449 3770 spiritalibus
469 3698 495 3752 in
520 3687 580 3753 lacn
605 3696 705 3752 inicrni
726 3698 753 3752 in
774 3705 943 3768 perpetuum.
958 3700 997 3754 De
1021 3699 1073 3755 boe

281 3797 311 3845 et
322 3788 463 3860 sequentia
478 3789 560 3845 etiam
575 3797 707 3845 narrent:

1128 3441 1138 3475 r
1160 3429 1188 3477 et
1199 3422 1289 3476 omnia
1300 3437 1361 3492 quae
1378 3421 1405 3476 iu
1423 3423 1463 3477 eis
1477 3431 1539 3477 sunt
1554 3439 1561 3475 ε
1578 3422 1641 3491 quia
1667 3422 1703 3475 ab
1726 3419 1859 3491 aquilone
1873 3435 1921 3473 ve·

1128 3532 1137 3565 r
1159 3515 1237 3568 ninnt
1251 3515 1275 3569 ei
1287 3514 1439 3585 predones,
1455 3515 1493 3568 ait
1507 3515 1646 3570 Dominus.
1658 3513 1693 3567 Et
1705 3513 1847 3582 montedo
1861 3513 1921 3566 lecit

1128 3623 1137 3655 r
1158 3605 1288 3676 Babylon,
1301 3613 1331 3660 ut
1344 3607 1474 3660 caderent
1487 3604 1568 3660 occisi
1583 3605 1610 3658 in
1624 3603 1717 3670 lsrael,
1732 3604 1774 3659 sic
1787 3603 1821 3658 de
1832 3603 1919 3673 Baby·

1128 3718 1137 3750 r
1160 3697 1220 3752 lone
1233 3697 1332 3751 cadent
1345 3696 1429 3752 occisi
1456 3698 1483 3751 iu
1506 3696 1634 3750 universa
1652 3706 1738 3749 terra.
1759 3713 1770 3744 r
1792 3692 1859 3749 Dies
1878 3692 1919 3747 isti

1124 3788 1182 3843 dies
1194 3785 1380 3841 retributionis
1394 3792 1477 3849 sunt,
1493 3783 1602 3855 quando
1612 3782 1695 3853 judex
1710 3781 1835 3836 coelestis
1851 3780 1918 3848 iude

320 3898 330 3931 r
350 3879 491 3947 Quomodo
503 3889 581 3950 capta
596 3889 638 3935 est
652 3878 764 3944 sesach,
775 3887 803 3935 ct
817 3882 1010 3950 comprehensa
1032 3890 1074 3936 est
1124 3879 1199 3935 cabit
1210 3877 1305 3933 orbem
1320 3886 1400 3932 terrac
1415 3878 1441 3930 in
1451 3874 1567 3945 justitia,
1581 3884 1609 3931 et
1621 3873 1736 3945 populos
1755 3874 1784 3928 in
1799 3873 1917 3928 civitate

285 3987 295 4022 r
315 3970 414 4041 inclyta
427 3971 560 4026 universae
579 3971 675 4025 terrai
690 3971 829 4038 Quomodo
840 3970 911 4026 lacta
923 3980 965 4027 cst
976 3972 1003 4027 in
1017 3980 1073 4027 stn-
1125 3970 1201 4025 'l'uuc
1219 3969 1402 4024 visitabuntur
1416 3966 1552 4037 sculptilia
1562 3964 1719 4038 babylonis,
1732 3966 1790 4020 boc
1808 3973 1863 4028 est,
1883 3965 1918 4018 si·

285 4079 295 4111 r
319 4075 412 4132 porenr
429 4061 555 4133 Bnbylon
571 4062 644 4116 inter
658 4063 768 4131 genes?
781 4062 911 4118 Ascendit
925 4077 1005 4133 super
1022 4064 1073 4119 Dn-
1124 4061 1244 4115 mulacra
1266 4067 1400 4124 errorum,
1415 4072 1484 4129 quos
1496 4057 1615 4112 ltaeretiei
1637 4057 1664 4110 in
1677 4055 1856 4128 dogmatibus
1865 4056 1919 4110 suis
1995 4077 1996 4146 y

283 4151 441 4224 «bylonem
461 4151 739 4219 mare,multitudine
762 4152 1071 4224 ductuumcjusoperta
1125 4153 1283 4220 linxerunt,
1308 4163 1338 4208 et
1358 4153 1448 4208 amnis
1480 4160 1589 4207 terrena
1620 4151 1795 4207 conversatio
1825 4163 1918 4205 eorum

283 4262 294 4294 r
315 4251 366 4298 cst.
393 4242 483 4299 Factae
498 4251 564 4299 sunt
577 4243 702 4300 civitates
715 4242 775 4313 ejus
790 4245 817 4299 in
836 4252 984 4315 stuporem,
998 4255 1072 4301 terra
1122 4243 1312 4310 contundetur,
1328 4242 1502 4314 universique
1520 4250 1665 4306 errantes,
1687 4250 1717 4296 et
1742 4242 1771 4295 iu
1794 4255 1917 4296 errores

284 4351 294 4383 ι
316 4332 499 4388 irvlrabitabiiis
514 4342 543 4388 et
554 4334 672 4399 deserta,
685 4335 715 4389 in
727 4349 780 4406 qua
791 4333 882 4390 nullos
896 4335 1008 4399 babitet,
1022 4350 1073 4392 nec
1123 4334 1282 4400 mittentes,
1303 4334 1400 4390 cadent
1412 4334 1500 4406 gladio
1512 4334 1639 4390 vindictae
1659 4334 1780 4388 Domini.
1800 4333 1834 4389 Et
1855 4347 1918 4403 qno

283 4440 293 4472 r
316 4429 436 4478 transeat
447 4437 497 4492 per
514 4438 575 4477 eam
592 4422 663 4478 itlius
677 4424 805 4479 bominis.
817 4424 850 4478 Et
861 4424 978 4481 visitabo
991 4440 1074 4496 super
1123 4425 1203 4481 modo
1223 4425 1346 4496 Babylon
1367 4424 1498 4496 spiritalis
1518 4423 1603 4492 iecit,
1624 4432 1656 4478 nt
1677 4424 1810 4479 caderent
1836 4423 1917 4479 occisi
1995 4433 1996 4458 ¹

283 4529 293 4562 r
313 4510 399 4567 Belin
413 4511 560 4584 babylone,
581 4521 609 4567 et
628 4513 733 4583 ejiciam
754 4516 827 4585 quod
848 4515 1026 4573 absorbuerat
1040 4518 1073 4573 de
1085 4560 1112 4620 D
1125 4516 1152 4572 in
1167 4516 1264 4588 populo
1281 4517 1344 4582 Dei,
1366 4517 1406 4571 sic
1419 4532 1527 4588 qnoque
1549 4516 1621 4570 illius
1636 4514 1808 4571 habitatores
1821 4515 1918 4569 cadeat
1995 4529 1996 4532 ¹

271 4621 293 4652 ·t
312 4616 361 4658 ore
374 4602 442 4672 ejus,
458 4612 552 4658 etnnn
573 4603 708 4659 corrlluent
731 4606 765 4660 ad
789 4620 851 4661 enm
874 4606 944 4662 ultra
966 4615 1070 4678 gentes.

282 4709 294 4744 ι
314 4690 454 4761 Siquidem
469 4702 498 4748 et
510 4708 604 4748 murras
617 4693 763 4766 Rabylonis
776 4704 895 4751 corruet.
909 4715 918 4748 r
935 4697 1012 4764 Quod
1024 4712 1072 4753 ou·

281 4791 334 4839 tem
350 4782 453 4839 Sesacb
467 4783 525 4852 ipsa
540 4784 576 4838 sit
587 4782 728 4856 Dobylon,
751 4801 833 4856 supra
853 4785 911 4858 jam
932 4795 1070 4842 ostensum

279 4883 331 4932 est.
351 4873 491 4943 Quomodo
505 4883 594 4932 autern
614 4875 755 4932 subversio
773 4877 918 4949 Babylonis
933 4877 1003 4934 iacta
1023 4880 1071 4946 sit,

279 4983 360 5039 quatu
383 4982 469 5034 mare,
486 4968 614 5034 bocest,
639 4969 782 5025 multitudo
805 4969 963 5041 populorum
991 4971 1071 5026 simul

196 5125 201 5135 ¹
279 5077 341 5117 cum
364 5061 420 5116 Deo
442 5075 500 5125 suo,
516 5060 559 5116 vcl
574 5060 707 5115 subvertit
729 5068 810 5130 atque
835 5061 987 5127 destruxit,
1009 5060 1067 5130 jam

249 5157 259 5170 “
278 5154 377 5222 saepius
391 5151 492 5207 dietum
506 5159 566 5218 est,
589 5166 662 5206 nunc
682 5166 768 5222 panca
781 5150 815 5206 de
828 5151 955 5223 allegoria
974 5152 1069 5206 subro·

278 5259 383 5314 gemus.
398 5243 499 5298 Scsacb
513 5243 587 5298 enim
602 5244 699 5314 byssus
716 5242 800 5308 sacci,
816 5244 874 5299 sive
886 5257 983 5299 manus
995 5243 1068 5299 sacci

229 5398 238 5418 ι
279 5340 496 5407 interpretatur,
523 5336 594 5391 sicut
618 5335 738 5407 Dabylou
768 5335 899 5392 conlusio.
924 5335 1007 5407 Capta
1028 5344 1070 5391 est

278 5446 343 5500 ergo
357 5429 469 5494 Senatu
486 5437 513 5485 et
527 5430 553 5486 in
571 5439 709 5500 stuporem
725 5431 794 5486 laeta
808 5440 851 5487 est
861 5430 992 5503 babylon,
1006 5447 1067 5486 cum

279 5523 316 5577 illi
330 5524 375 5592 qui
388 5521 547 5578 idololatriae
560 5538 670 5592 operam
684 5523 785 5577 dabant
800 5562 808 5587 ,
823 5530 851 5577 et
867 5505 982 5577 diversis
994 5522 1068 5578 vitiis

279 5613 423 5681 rnaneipati
439 5613 664 5679 erant,tluctibus
676 5616 784 5671 venturi
793 5615 886 5684 iudicii
906 5614 1067 5670 subverten-

279 5706 334 5761 tur,
347 5709 375 5752 et
387 5713 476 5753 seram
491 5710 601 5770 agentes
612 5705 811 5772 poenitentiam,
825 5719 888 5761 cum
905 5706 952 5761 Del
962 5705 1008 5776 qui
1024 5706 1068 5758 iu·

280 5793 444 5856 terpretatur
462 5798 599 5859 vetustas,
624 5793 756 5863 boo-est,
782 5803 842 5852 cum
864 5799 976 5870 antiquo
990 5799 1068 5856 hoste

1124 4611 1208 4665 occisi
1222 4611 1248 4664 in
1261 4610 1385 4664 universa
1401 4615 1483 4663 terra.
1500 4607 1577 4666 liade
1596 4605 1746 4662 laudabunt
1768 4622 1853 4676 super
1870 4604 1917 4659 lia

1124 4702 1249 4773 bylonem
1262 4700 1324 4757 coeli
1340 4708 1368 4755 et
1383 4708 1468 4764 terra,
1491 4707 1519 4754 et
1538 4699 1628 4754 omnia
1648 4713 1711 4769 quac
1729 4698 1756 4753 in
1775 4698 1817 4754 eis
1833 4708 1915 4759 sunt,
1995 4757 1996 4764 ἵ

1124 4793 1187 4864 quia
1202 4793 1293 4863 praedo
1306 4790 1495 4846 universarum
1507 4789 1629 4860 gentiunt
1642 4788 1805 4845 devastatus
1817 4797 1870 4844 est.

1162 4904 1171 4937 r
1194 4884 1245 4951 Qui
1261 4882 1369 4955 mgistis
1382 4882 1521 4954 gladium,
1534 4880 1637 4942 venite,
1660 4879 1746 4935 nolite
1769 4889 1857 4945 stare,
1877 4892 1913 4934 re-

1127 5000 1136 5032 r
1159 4975 1308 5033 condamini
1323 4973 1416 5045 procui
1435 4973 1599 5039 Domini,et
1615 4970 1767 5028 Jerusalem
1788 4971 1913 5028 asceth

1119 5088 1133 5128 ¹r
1157 5082 1237 5137 super
1249 5081 1298 5121 cor
1309 5071 1440 5120 vestrum.
1459 5082 1469 5116 r
1493 5063 1623 5118 llortatur
1632 5063 1764 5133 propbeta
1778 5062 1911 5118 Israelita

1122 5158 1167 5230 qui
1190 5157 1300 5213 luerunt
1317 5156 1346 5210 in
1367 5154 1514 5226 Babylone,
1538 5164 1570 5209 ut
1590 5155 1621 5209 si'
1634 5153 1735 5209 vellent
1752 5151 1821 5208 salvi
1843 5154 1910 5213 lteri.

1123 5249 1250 5304 recedant
1268 5246 1339 5308 inde,
1362 5253 1390 5300 et
1414 5244 1591 5299 recordentur
1614 5244 1648 5298 de
1673 5252 1747 5298 terra
1767 5243 1910 5316 longinqua

1121 5339 1214 5410 templi
1236 5338 1352 5403 Domini,
1373 5345 1402 5390 et
1413 5333 1563 5390 Jerusalem
1583 5334 1703 5389 civitatis
1716 5335 1777 5397 eius
1789 5335 1911 5396 desem,

1122 5430 1262 5500 magisque
1275 5426 1403 5483 festinent
1425 5425 1488 5482 illuc
1510 5425 1646 5489 transire,
1669 5439 1750 5494 quam
1769 5422 1911 5493 Babylona

1120 5520 1282 5577 vastationis
1306 5518 1454 5589 participes
1480 5531 1561 5581 esse,
1588 5514 1624 5569 ad
1644 5515 1716 5585 quod
1740 5514 1779 5569 illi
1801 5527 1910 5585 respinc-

1121 5615 1207 5671 deut:

1158 5726 1168 5758 r
1188 5703 1299 5760 Conlusi
1313 5718 1407 5758 sumre
1417 5695 1544 5771 moniam
1558 5698 1711 5754 audivimus
1724 5697 1908 5768 opprobrium,
1995 5733 1996 5738 η

1124 5795 1259 5866 repertrit
1280 5792 1425 5866 ignominia
1451 5791 1534 5847 iacies
1560 5798 1677 5855 nostras,
1694 5789 1758 5860 quia
1781 5793 1906 5845 venerunt
