4042 6200
260 278 327 336 roba

256 390 371 453 cenulam
386 403 445 443 cum
462 403 558 459 magua
578 390 792 443 urausuetmliuis
810 392 1003 461 tranquillitate
1017 408 1046 446 sc
1060 408 1083 462 g

258 487 398 553 temperat,
420 479 562 550 vigilanter
575 480 712 546 observat,
729 499 762 536 ue
781 491 886 552 torpore
908 482 1044 550 frigescat.

260 590 269 622 ι
290 572 388 642 Dirige,
406 572 504 642 iuquit,
519 587 566 626 cor
587 580 661 625 tuum
682 573 709 626 in
725 573 796 627 viam
819 583 936 641 rectam,
952 576 1046 645 inqua

256 663 409 718 ambulasti.
426 684 435 716 ι
450 663 594 735 (Μιιιιιιιε.)
608 663 658 717 Via
673 673 746 719 recta
760 675 800 721 est
821 667 917 721 semita
933 670 1045 722 mauda-

257 766 344 811 torum
358 755 421 819 Dei,
438 756 464 809 in
480 771 532 823 qua
548 755 742 820 incedendum,
763 764 792 811 et
811 772 899 828 nequo
922 759 957 812 ad
981 758 1046 813 siui-

256 860 341 902 stram
359 855 402 902 est
422 847 618 902 declinandum.
642 846 738 918 Dirigit
758 863 823 918 ergo
847 864 893 905 cor
915 845 1045 903 snum'in

256 938 326 992 viana
341 946 442 991 rectam
460 936 552 1006 inqua
574 936 736 1001 ambulavit,
759 938 804 1006 qui
827 947 944 994 menwm
967 953 1044 993 suam

256 1029 282 1084 iu
297 1029 368 1083 viam
385 1028 512 1097 justitias,
532 1042 613 1097 quam
632 1027 660 1080 in
680 1027 852 1098 baptismatis
871 1028 1045 1098 perceptione

256 1136 285 1177 sc
299 1120 496 1175 ambulaturum
511 1117 645 1188 promisit,
657 1119 805 1175 secuudum
816 1119 967 1174 doctrinam
984 1134 1046 1173 sau·

255 1220 359 1268 clarum
371 1210 571 1278 seripturarum
582 1225 693 1280 pergere
700 1210 822 1265 decernit
834 1228 840 1264 :
850 1220 933 1266 eruce
941 1211 1044 1281 perde·

254 1305 297 1359 via
311 1302 421 1366 erroris,
436 1318 486 1355 uec
496 1317 545 1372 per
557 1302 647 1356 seculi
659 1301 738 1356 lutus
752 1299 888 1356 declinare
899 1301 1043 1357 consentit

293 1393 470 1455 «Reverere,
481 1391 558 1461 virgo
571 1390 665 1457 lsrael,
673 1400 809 1448 revertere
820 1393 854 1447 ad
864 1391 990 1447 civitates
1006 1392 1045 1447 is-

256 1496 315 1542 tas:
332 1500 472 1555 usquequo
488 1483 593 1540 deliciis
621 1484 786 1551 dissolveris,
802 1484 856 1540 filia
869 1487 955 1558 vaga?
975 1486 1043 1554 Quia

254 1579 358 1634 creavit
370 1576 501 1632 Dominus
522 1591 621 1631 novum
637 1592 719 1647 suuper
743 1585 844 1633 terram
858 1595 865 1631 ι
878 1575 978 1632 iemiua
991 1578 1046 1633 eir·

255 1669 394 1727 cumulabit
407 1670 521 1725 virum.»
535 1667 680 1740 (bleonus.)
691 1667 767 1724 Licet
778 1669 953 1739 bacquidam
964 1667 1042 1738 juata

254 1763 395 1819 historiam
408 1760 442 1816 ad
457 1761 640 1816 reversionem
653 1758 807 1815 ludaeorum
821 1759 854 1815 de
864 1759 1000 1831 Babylone
1015 1759 1042 1813 in
1057 1752 1080 1811 D

255 1867 354 1912 terram
375 1852 513 1924 propriam
525 1850 627 1907 relerre
656 1858 800 1918 conantur,
823 1859 854 1905 ut
879 1849 1043 1906 reaedificent

256 1946 382 2003 civitates
410 1944 522 2010 dirutas,
556 1950 584 1997 et
614 1940 692 1996 sedes
727 1949 881 1996 restaurent
908 1941 1041 2010 antiquas,

253 2042 328 2114 jutta
341 2035 369 2092 id
383 2034 454 2108 quod
465 2033 510 2089 bie
525 2032 658 2103 Propheta
671 2031 699 2086 iu
713 2031 887 2102 sequentibus
898 2031 978 2087 dicit:
988 2030 1042 2085 lie·

253 2128 341 2182 cedite
353 2126 385 2182 de
399 2124 487 2179 medio
501 2121 657 2194 Babylonis,
670 2131 698 2177 et
715 2119 750 2176 de
771 2129 843 2175 terra
855 2118 1041 2175 Chaldaeorum

253 2215 443 2289 egrediemini,
455 2222 482 2268 et
494 2213 559 2271 item
574 2231 580 2267 :
602 2229 611 2263 ι
629 2210 840 2283 Fugite,inquit,
855 2208 982 2265 demedio
992 2208 1044 2263 Ba-

254 2308 369 2381 bylonis,
396 2314 424 2361 et
448 2305 535 2363 salvet
562 2303 747 2374 unusquisque
771 2302 888 2356 animam
913 2316 1009 2365 suam;
1030 2318 1039 2352 ι

254 2399 319 2455 rnihi
334 2407 424 2453 tamen
438 2395 545 2450 videtur
559 2396 647 2465 aptius
660 2392 774 2453 adNovi
796 2392 961 2449 Testamenti
974 2401 1044 2448 tem·

254 2504 305 2558 pas
325 2495 423 2545 cuncta
443 2485 596 2550 reserenda,
616 2482 643 2539 in
668 2498 721 2553 quo
737 2483 857 2555 Virginis
872 2491 966 2553 partos
983 2481 1044 2536 uui-

254 2591 333 2631 verso
359 2573 460 2629 mundo
481 2573 565 2628 edidit
592 2571 778 2628 salvatorem:
798 2581 830 2628 ut
850 2572 925 2644 virgo
948 2571 1041 2637 israel,

254 2680 335 2735 quam
348 2663 400 2718 sibi
413 2663 542 2718 Dominus
553 2660 630 2731 juxta
643 2660 712 2721 Osee
724 2659 811 2732 (Osee,
831 2659 872 2732 ιιι)
898 2663 1042 2731 desponsa-

253 2756 309 2819 bat,
332 2751 483 2823 injustitia,
498 2760 526 2807 et
535 2749 645 2822 judicio,
671 2760 698 2805 ot
712 2750 908 2815 misericordia,
922 2761 949 2805 et
961 2751 1043 2806 mise-

563 279 593 331 lt.
615 278 740 332 ltaliam
760 281 867 335 lltthtt
887 282 1045 338 auertite.
1062 286 1215 343 tibuunt.
1237 291 1378 348 onerabat
1400 293 1489 347 PARS
1507 295 1550 348 lll.

1826 298 1908 353 tote

1098 397 1229 455 habitabit
1244 416 1329 469 usque
1348 402 1373 455 iu
1389 402 1479 457 srucm.
1497 421 1506 452 ι
1523 402 1668 459 Benedicat
1683 408 1731 461 tibi
1759 405 1909 463 Domitios

1098 489 1270 559 pulchritudo
1281 490 1403 562 justitiae,
1421 510 1500 548 urorrs
1515 506 1640 559 sauctus3
1667 517 1676 547 ι
1690 498 1723 557 de
1735 514 1793 568 quo
1806 500 1908 553 etiam

1097 580 1180 638 {savias
1189 584 1245 638 ait:
1261 585 1384 651 «Venite,
1396 586 1574 641 ascendamus
1585 586 1619 642 ad
1629 596 1747 645 montem
1770 587 1907 653 Domini,

1096 679 1124 724 et
1146 672 1180 729 ad
1193 672 1304 729 domum
1318 672 1366 727 Dei
1393 673 1491 738 Jacob,
1506 684 1534 730 et
1552 674 1661 732 docebit
1676 693 1726 733 uos
1739 678 1799 735 vias
1814 694 1907 746 suas,

1098 767 1125 813 et
1146 761 1342 819 ambulavimus
1365 763 1392 818 iri
1416 765 1522 823 sentitis
1534 765 1594 833 ejus
1607 784 1615 820 a
1628 768 1690 838 quia
1710 768 1742 824 de
1756 768 1830 825 Sion
1854 787 1908 827 ex·

1096 848 1146 903 ibit
1160 849 1212 915 lex,
1225 863 1253 905 et
1264 853 1375 907 verbnm
1389 852 1496 911 Domini
1507 854 1540 909 de
1555 855 1722 915 Hierusalem
1732 857 1801 929 (lec.
1823 859 1875 929 ιι).
1892 878 1903 912 ι

1098 938 1129 992 Et
1142 938 1204 1008 quia
1218 939 1275 1009 ipse
1295 949 1337 996 est
1362 940 1534 1013 pulchritudo
1559 953 1586 998 et
1601 944 1641 999 sol
1652 944 1787 1014 justitiae:
1806 966 1819 997 t
1837 947 1906 1016 jus-

1097 1027 1156 1082 titia
1169 1028 1241 1083 enim
1262 1037 1304 1084 est
1316 1030 1453 1100 cingulum
1464 1031 1618 1088 lumborum
1630 1034 1698 1102 ejus,
1714 1042 1741 1089 et
1755 1032 1829 1090 tides
1841 1037 1904 1090 cio

1096 1117 1210 1172 ctorium
1224 1134 1320 1174 renum
1333 1118 1391 1187 ejus
1403 1119 1471 1190 (lan.
1483 1121 1532 1193 ιι).
1551 1140 1560 1172 ι
1576 1121 1742 1197 habitabunt
1752 1125 1779 1177 iu
1795 1139 1833 1181 eo
1850 1123 1904 1178 lu·

1095 1209 1154 1277 das,
1179 1213 1231 1266 hoc
1245 1217 1297 1277 est,
1312 1213 1362 1267 rite
1378 1212 1464 1267 neum
1481 1213 1622 1280 coralitens,
1639 1233 1648 1266 ι
1670 1225 1697 1269 et
1709 1230 1806 1270 omnes
1822 1217 1901 1273 ciri-

1096 1311 1166 1358 tates
1176 1301 1234 1371 ejus
1246 1302 1334 1357 sinaul.
1347 1323 1356 1355 ι
1368 1300 1468 1359 Omnes
1477 1303 1604 1361 videlicet
1614 1306 1743 1362 Ecclesiae
1753 1309 1901 1379 gentium,

1096 1406 1164 1460 quas
1180 1399 1252 1446 tenet
1269 1406 1321 1445 una
1331 1391 1463 1448 catholiea
1474 1402 1502 1448 ct
1521 1393 1676 1465 Apostolica
1691 1395 1815 1451 Ecclesia
1832 1413 1902 1467 quae

1095 1491 1136 1538 est
1156 1483 1252 1538 civitas
1270 1483 1341 1555 regis
1355 1484 1445 1555 magni
1459 1499 1541 1554 super
1562 1496 1682 1542 montem
1697 1489 1778 1545 istum
1800 1489 1899 1545 aedili·

1095 1585 1168 1640 eata,
1188 1584 1216 1631 et
1227 1575 1286 1630 ideo
1296 1574 1424 1630 abscondi
1446 1591 1499 1631 non
1512 1585 1619 1648 potest:
1639 1578 1683 1633 ubi
1700 1576 1900 1636 tonavivusee

1095 1666 1213 1722 dominis
1227 1666 1342 1737 impetus
1352 1666 1472 1723 latificat
1486 1667 1557 1725 bane
1573 1670 1710 1725 civitatem
1723 1678 1751 1725 et
1768 1672 1898 1727 inebriat

1094 1756 1211 1813 animam
1223 1757 1331 1821 lassam,
1356 1759 1407 1814 boe
1416 1770 1468 1827 est,
1491 1759 1618 1816 alimento
1639 1762 1762 1833 eorporis
1784 1764 1840 1827 sui,
1865 1773 1896 1819 et

1092 1848 1241 1918 sangoinis,
1263 1846 1355 1904 fideles
1365 1847 1450 1905 relleit
1464 1858 1490 1906 et
1504 1866 1612 1907 omnem
1631 1854 1747 1908 animam
1761 1857 1897 1912 esuriem

1093 1946 1146 1992 tem
1166 1938 1270 1992 satiat:
1286 1959 1295 1989 ι
1309 1939 1384 1995 Beati
1400 1942 1473 1995 enirn
1488 1941 1533 2011 qui
1552 1943 1677 1997 esuriunt
1688 1954 1715 1998 et
1736 1945 1896 2015 sitiuntju·

1093 2028 1212 2094 stiriam,
1228 2029 1356 2099 quoniam
1373 2030 1424 2101 ipsi
1439 2030 1632 2087 saturabuntur
1642 2032 1748 2106 (llattlr.
1769 2034 1809 2108 v).
1825 2055 1837 2088 ι
1853 2037 1897 2093 lbi

1093 2131 1156 2176 suut
1179 2121 1304 2193 agricole
1326 2131 1354 2177 et
1384 2123 1519 2179 minantes
1541 2138 1659 2194 greges:
1678 2125 1741 2195 quia
1765 2126 1895 2185 cultores

1093 2213 1151 2284 agri
1162 2212 1305 2278 Dominici,
1314 2221 1469 2285 etpastores
1479 2213 1570 2269 ovium
1582 2229 1702 2282 suarum,
1713 2216 1758 2287 qui
1768 2227 1895 2288 pascunt

1092 2320 1139 2360 eos
1152 2304 1235 2359 verbo
1245 2303 1345 2371 divino,
1357 2311 1384 2359 et
1394 2303 1541 2359 semotum
1552 2305 1672 2374 pastoris
1683 2308 1783 2365 summi
1794 2322 1897 2365 exem·

1092 2397 1165 2468 plum
1179 2397 1267 2469 parati
1278 2406 1340 2452 sum
1359 2410 1460 2466 ponere
1470 2397 1576 2453 animas
1586 2412 1649 2452 suas
1658 2412 1708 2468 pro
1717 2398 1817 2453 ovibus
1829 2401 1894 2455 suis

1093 2488 1183 2560 (loun.
1205 2486 1245 2561 t),
1259 2487 1365 2543 assidue
1389 2496 1595 2543 conversantur.
1621 2487 1683 2544 llaec
1701 2504 1765 2560 ergo
1792 2490 1821 2544 io
1835 2491 1894 2562 spi·

1095 2579 1147 2633 ritu
1159 2577 1311 2649 praevidens
1320 2577 1462 2648 propbeta,
1474 2578 1600 2648 protinus
1610 2570 1755 2649 subjungit,
1766 2578 1891 2637 dicens:

1130 2689 1140 2722 ι
1158 2670 1221 2726 ldeo
1239 2669 1318 2740 quasi
1340 2670 1373 2725 de
1393 2685 1488 2726 sorano
1509 2672 1658 2727 suscitatus
1678 2688 1737 2727 sum
1751 2680 1779 2727 et
1800 2673 1861 2727 vidi
1881 2688 1890 2727 ι

1093 2772 1121 2816 et
1145 2776 1257 2816 somnus
1276 2775 1353 2819 meus
1374 2759 1523 2817 dulcisluit
1549 2761 1625 2817 mibi.
1641 2780 1650 2812 ι
1664 2761 1734 2830 Quid
1753 2765 1890 2833 estquod

254 2844 425 2909 rationibus:
442 2849 503 2913 post
526 2841 688 2913 pollutiones
713 2841 864 2912 pristinas,
891 2841 990 2911 quibus
1014 2841 1042 2896 in
1092 2850 1160 2907 uicit
1182 2850 1217 2907 de
1230 2866 1325 2907 somno
1348 2853 1518 2919 sarcinarum,
1535 2860 1563 2907 er
1585 2852 1697 2927 eruisse,
1710 2862 1740 2909 er
1760 2868 1791 2908 ω
1810 2870 1889 2909 gom.

256 2932 513 3006 transgressionibus
527 2933 611 2988 variis
625 2932 726 3007 polluta
751 2941 804 2998 cst,
833 2941 984 2988 revertatur
1009 2931 1043 2987 ad
1093 2956 1159 2997 num
1183 2956 1261 2998 suum
1281 2940 1359 2997 dulce
1373 2942 1424 2997 sipi
1439 2940 1541 2997 sacrum
1557 2941 1642 2998 esse?
1668 2941 1724 2998 ursi
1737 2944 1810 3017 quoq
1832 2961 1888 3016 pes

254 3025 378 3082 civitates
387 3021 523 3090 Ecclesiae,
539 3030 566 3077 et
575 3022 679 3078 desinet
692 3022 771 3078 lorus
781 3022 871 3077 saeculi
884 3022 1042 3094 vagalrunda
1093 3031 1208 3105 gratiam
1228 3030 1341 3097 christi,
1369 3032 1414 3103 qui
1440 3032 1474 3088 de
1493 3048 1593 3105 sopore
1614 3034 1711 3089 mortis
1731 3036 1885 3090 resurrexit

254 3116 340 3187 sequi.
358 3136 367 3168 ι
382 3113 449 3183 Quia
465 3114 568 3170 creavit
581 3114 710 3170 Dominus
724 3130 823 3170 novum
837 3129 919 3184 snper
929 3121 1039 3181 tetram,
1054 3099 1076 3162 C
1092 3122 1120 3177 in
1145 3121 1239 3194 gloria,
1255 3123 1313 3193 ipse
1324 3122 1458 3193 Propheta
1472 3124 1506 3178 de
1516 3139 1611 3180 sonum
1629 3124 1699 3180 taedii
1713 3134 1742 3180 et
1761 3125 1885 3182 tristitiae

252 3209 352 3265 lentina
364 3205 541 3268 circumbabit
551 3207 659 3272 vimm;
680 3225 689 3258 ι
706 3214 734 3262 et
745 3208 892 3262 secondum
904 3207 979 3262 isaiae
996 3221 1042 3261 va·
1091 3211 1303 3267 revelationibus
1325 3212 1424 3267 divinis
1454 3214 1610 3280 suscitatus,
1633 3230 1759 3272 somnum
1780 3217 1884 3286 quietis

254 3301 396 3357 ticinium:
415 3320 424 3355 ι
441 3302 523 3374 Virgo
540 3297 664 3367 concepit
682 3305 709 3352 et
726 3298 831 3368 peperit
845 3298 939 3363 hlium,
954 3305 982 3352 et
994 3313 1043 3353 vo·
1092 3309 1120 3357 el
1153 3301 1228 3372 pacis
1250 3301 1378 3358 suavibus
1401 3302 1449 3358 Dei
1472 3303 1698 3373 promissionibus
1726 3306 1884 3362 consolatus

253 3394 326 3448 cavit
345 3409 443 3449 nomen
461 3391 520 3464 ejus
538 3388 697 3446 Emmanuel
715 3388 783 3461 (lm.
800 3389 861 3462 ιιι).
885 3408 894 3442 ι
913 3388 964 3457 Qui
986 3399 1042 3443 mc·
1092 3391 1216 3449 inveniti
1239 3391 1308 3448 Hinc
1322 3401 1349 3449 et
1362 3394 1390 3448 in
1414 3392 1569 3449 Proverbiis
1590 3395 1721 3465 scriptum
1744 3403 1787 3450 est
1802 3413 1810 3449 ε
1826 3415 1835 3448 ι
1852 3395 1882 3451 st

254 3484 306 3540 rito
319 3485 360 3540 vir
374 3484 485 3550 dicitur,
497 3483 576 3554 iuxta
602 3481 668 3536 illud
693 3480 832 3535 Zachariae
846 3498 851 3535 :
868 3472 879 3532 ἰ
904 3479 975 3535 Eece
989 3479 1039 3542 vir,
1092 3484 1245 3552 dormieris,
1258 3500 1312 3540 oon
1329 3484 1446 3550 timebis,
1463 3486 1586 3554 quiesces
1600 3495 1628 3541 et
1640 3487 1732 3543 suavis
1743 3488 1797 3542 erit
1810 3503 1883 3543 som·

253 3576 350 3631 Oriens
363 3590 460 3630 nomeu
473 3572 543 3641 ejus,
559 3581 586 3626 et
600 3571 746 3627 edificabit
759 3570 889 3642 templum
914 3567 1040 3634 Domino,

256 3679 282 3719 ct
301 3665 359 3736 ipse
374 3664 493 3735 portabit
504 3662 628 3734 gloriam,
644 3671 672 3718 et
691 3662 805 3726 sedebit,
824 3658 1042 3716 eldeminabitur

254 3769 334 3824 super
354 3754 421 3809 solio
436 3768 485 3808 suo
509 3750 600 3825 (chb.
623 3750 679 3826 vt),
699 3770 708 3804 ι
725 3770 734 3802 ι
754 3750 817 3821 quia
829 3751 855 3805 in
879 3749 934 3804 sole
953 3747 1043 3820 posuit

255 3841 457 3900 tabemaeulam
479 3858 567 3908 suum,
593 3843 691 3913 etipse
706 3849 834 3911 tanquam
847 3854 962 3911 sponsus
975 3854 1040 3909 pro·

253 3935 336 3992 cessit
353 3935 386 3991 de
402 3934 519 3991 thalamo
534 3950 583 3990 suo
598 3951 605 3989 ι
621 3934 767 3990 exsultarit
790 3925 903 4005 utgi'gas
916 3932 949 3987 ad
976 3947 1040 3988 cur-

253 4026 365 4081 rendam
375 4026 446 4081 viam
459 4044 465 4079 ι
477 4039 608 4080 asumma
621 4024 690 4079 coelo
706 4023 825 4094 egressio
834 4023 903 4095 ejus,
911 4032 935 4077 et
947 4037 1042 4078 occur-

254 4118 455 4189 susejususque
466 4117 499 4173 ad
507 4114 795 4188 summumejusll’sol.
803 4115 891 4187 ιιιιι).
904 4115 1041 4182 »Quicum

254 4210 346 4268 rnurrdi
368 4212 489 4283 principe
514 4208 646 4276 conflixit,
671 4218 700 4265 el
725 4208 853 4265 Dominum
885 4207 962 4264 lortis
984 4208 1040 4265 lor·

255 4316 310 4362 tem
324 4305 459 4361 diabolum
471 4304 535 4360 vicit
551 4306 577 4360 in
591 4303 695 4375 praelio,
715 4312 743 4360 el
760 4303 872 4376 alligans
885 4319 957 4370 euru,
981 4303 1042 4358 uui-

254 4411 331 4450 versa
345 4396 428 4466 spolia
439 4394 498 4465 ejus
512 4402 540 4451 et
548 4410 612 4450 vasa
624 4394 744 4464 diripuit.

1091 3591 1143 3632 nus
1157 3583 1227 3641 tatus,
1245 3595 1254 3628 t
1270 3576 1415 3644 etreliqua
1434 3573 1524 3647 (Pron.
1545 3577 1597 3650 ιιι).
1622 3576 1702 3632 Patet
1711 3574 1790 3646 jutta
1810 3577 1883 3632 litte·

1093 3678 1163 3731 ram,
1184 3664 1248 3734 quia
1263 3679 1377 3720 securus
1391 3673 1417 3719 et
1431 3664 1539 3731 dormit,
1553 3665 1694 3736 etrigilat,
1710 3675 1738 3723 et
1755 3667 1881 3737 quiescit,

1092 3765 1122 3812 el
1135 3756 1263 3820 anibulat,
1279 3756 1325 3827 qui
1350 3771 1380 3812 se
1400 3755 1559 3812 innocenter
1573 3764 1637 3812 ante
1661 3756 1758 3822 Deum,
1773 3758 1882 3828 eujuste

1091 3849 1185 3904 vivere
1200 3846 1333 3902 meminit.
1358 3845 1412 3902 Sed
1431 3853 1459 3902 et
1469 3847 1559 3916 iustus
1579 3862 1640 3902 cum
1656 3847 1684 3902 in
1707 3856 1795 3903 morte
1816 3848 1882 3902 dor-

1092 3937 1193 4004 mierit,
1208 3952 1261 3993 ιιοιι
1273 3937 1359 3993 solum
1381 3936 1516 4007 potentias
1537 3936 1717 4008 malignorum
1735 3936 1880 4007 spirituum

1092 4043 1146 4085 non
1166 4028 1272 4095 metuit,
1298 4028 1344 4083 sed
1365 4035 1392 4082 et
1418 4027 1445 4081 iu
1468 4041 1536 4098 paee
1561 4026 1687 4096 quiescit,
1712 4041 1746 4082 ae
1770 4042 1882 4082 securus

1092 4118 1163 4172 diem
1184 4117 1393 4174 resurrectionis
1412 4124 1560 4186 exspectat,
1585 4118 1648 4186 quia
1672 4116 1758 4172 Deum
1781 4118 1882 4188 ubique

1092 4213 1271 4277 protectorem
1284 4205 1366 4261 babet
1386 4213 1414 4261 et
1437 4206 1591 4272 custodem,
1616 4204 1696 4276 quale
1713 4216 1757 4262 est
1774 4207 1801 4261 in
1813 4206 1882 4278 psal-

1092 4311 1155 4350 mo:
1173 4315 1183 4348 ι
1196 4293 1263 4350 Nam
1287 4305 1315 4352 et
1328 4295 1350 4351 si
1362 4295 1496 4351 ambulem
1508 4296 1535 4351 in
1549 4296 1637 4352 medio
1657 4295 1762 4352 umbre
1773 4297 1880 4360 mortis,

1093 4385 1252 4442 nontimebo
1263 4386 1512 4457 mala,quoniamtu
1525 4402 1629 4444 mecum
1638 4386 1761 4459 eslPrnl.
1774 4403 1852 4458 xtrp.
1871 4407 1881 4441 ι

292 4503 302 4536 ,
323 4483 386 4540 paec
413 4486 478 4541 ,qu
504 4485 632 4541 pominus
649 4486 816 4540 &effingam
841 4485 911 4540 pens
933 4484 1016 4539 lsrael
1031 4447 1078 4536 2¹)
1129 4496 1139 4529 ι
1159 4475 1230 4532 Ecce
1249 4477 1307 4533 dies
1319 4479 1438 4545 veniunt,
1461 4479 1526 4534 dicit
1543 4477 1682 4546 Dominus,
1695 4489 1724 4534 et
1739 4481 1885 4535 seminato

257 4591 267 4624 ι
289 4574 383 4628 adnare
403 4575 492 4643 dicent
511 4576 621 4631 verbum
649 4575 722 4631 istud
738 4575 766 4629 iu
791 4581 863 4629 terra
878 4573 955 4640 lurda,
971 4585 999 4628 et
1013 4574 1038 4628 iu
1094 4587 1103 4617 ι
1127 4568 1235 4624 douram
1248 4566 1345 4635 lsrael.
1360 4577 1387 4623 el
1399 4567 1507 4625 domum
1521 4568 1589 4626 luda
1608 4570 1712 4626 semine
1727 4571 1881 4633 immitium,

258 4683 267 4715 ι
290 4664 401 4719 orbibus
412 4664 481 4732 ejus,
496 4682 558 4722 eum
568 4675 727 4726 convertero
738 4666 920 4736 captivitatem
934 4681 1037 4723 eorum.
1095 4678 1103 4708 ⁴
1126 4666 1153 4713 Εῑ
1167 4656 1471 4727 sefflissssjumfflwfflffl·
1490 4660 1522 4714 ¹⁸3¹
1536 4661 1607 4715 ⁸5⁰¹st
1618 4661 1724 4734 Vibulli
1740 4677 1824 4732 ⁸¹¹9&
1836 4678 1883 4716 ⁰⁰⁸

257 4775 266 4808 ι
287 4755 432 4810 Benedicat
443 4755 490 4810 tibi
503 4755 632 4828 Βοιιιίιιιιε
645 4754 816 4825 polein-itudo
826 4755 949 4826 justitia,
962 4771 1040 4812 mous
1095 4769 1103 4800 t
1127 4747 1319 4815 Metellvm,
1334 4756 1362 4804 ⁰³
1379 4749 1534 4815 demolirer,
1555 4759 1582 4804 ⁰¹
1596 4751 1771 4821 dissiparem,
1781 4760 1809 4808 θῑ
1825 4753 1880 4807 dis·

257 4868 267 4898 ι
291 4850 409 4907 muretus,
425 4851 451 4899 er
467 4842 625 4898 tranianum
640 4845 666 4898 m
687 4840 825 4906 colurus,
840 4853 867 4898 er
889 4860 983 4901 onum
1004 4846 1040 4901 cr·
1095 4857 1105 4890 ι
1127 4839 1279 4909 perderem,
1293 4846 1321 4894 οι
1343 4838 1487 4910 allicerent
1503 4860 1509 4893 τ
1525 4839 1564 4895 sic
1587 4840 1702 4912 vigilabo
1725 4855 1806 4910 super
1822 4856 1880 4908 urs,

257 4954 267 4987 ι
290 4936 386 4989 vitatos
409 4933 467 5002 eius
480 4931 569 4998 sinaut,
587 4932 711 5004 agricolae
735 4942 763 4987 et
784 4912 919 4988 minantes
932 4948 1037 5005 greges.
1095 4946 1104 4977 t
1126 4928 1309 4994 candificata,
1326 4936 1354 4983 el
1366 4928 1494 5000 plantem,
1509 4930 1547 4985 ³5¹
1559 4930 1697 4987 limibus-
1718 4951 1727 4983 ι
1745 4931 1810 4988 Dies
1835 4934 1879 4989 isti

258 5048 265 5076 ι
290 5026 357 5095 Quia
385 5024 516 5088 inebriavi
535 5024 651 5096 animam
666 5023 777 5089 hissam,
798 5033 826 5080 et
847 5040 954 5080 omnem
978 5026 1038 5082 ani·
1091 5020 1148 5075 dies
1162 5029 1225 5075 saut
1241 5018 1308 5074 Novi
1330 5018 1505 5086 Testamenti,
1521 5021 1549 5077 iu
1569 5022 1667 5096 quibus
1680 5021 1811 5078 Dominus
1838 5039 1880 5078 sc·

257 5139 266 5169 ι
290 5131 361 5172 raram
387 5115 550 5170 esurientem
574 5112 705 5168 saturavi.
733 5112 886 5169 ›Praedieit
908 5113 1038 5185 propheta

240 5208 344 5262 lutura
357 5206 517 5263 Christianae
527 5203 663 5274 religionis
674 5212 807 5275 tempora,
825 5206 852 5262 in
876 5206 973 5276 quibus
994 5221 1039 5262 ea·

255 5300 403 5370 ptiritatem
419 5297 508 5369 populi
523 5297 564 5352 sui
576 5296 704 5352 Dominus
714 5297 856 5362 convertit,
865 5304 892 5352 et
904 5297 1040 5353 revocavit

255 5387 390 5456 Dispersus
404 5385 541 5464 interram
564 5399 651 5439 stram.
668 5383 743 5439 Tunc
761 5385 831 5439 enim
844 5385 933 5439 dicent
947 5384 1040 5441 lldoles
1080 5428 1084 5436 .

256 5479 289 5532 ad
304 5486 422 5531 creontem
435 5476 493 5540 Dei,
509 5486 625 5530 montem
641 5475 761 5541 ubetem,
781 5485 900 5531 montem
914 5476 1039 5546 eoagula-

255 5578 325 5631 tum,
345 5576 463 5622 trientem
477 5569 615 5637 pinguem,
641 5553 760 5622 montem
774 5569 801 5621 in
820 5584 874 5638 qno
900 5569 968 5622 benc
980 5566 1037 5638 pla·

256 5657 339 5710 eitum
360 5667 412 5720 est,
431 5656 486 5710 Deo
509 5655 634 5708 babitare
655 5656 681 5709 io
706 5670 739 5710 eo
756 5673 763 5686 ·
779 5656 885 5710 etenim
906 5656 1038 5711 Dominus

1086 5111 1176 5182 ‚minat
1199 5109 1308 5165 domum
1329 5109 1424 5176 lsrael,
1457 5119 1485 5165 et
1504 5109 1613 5167 domum
1639 5108 1718 5174 larda,
1746 5111 1798 5166 hoc
1823 5122 1873 5176 est,

1090 5197 1239 5255 Ecclesiam
1254 5199 1416 5254 catholicam
1429 5200 1515 5270 replet
1526 5199 1629 5255 semine
1646 5199 1776 5266 hominis,
1792 5209 1821 5254 et
1832 5214 1874 5254 se·

1091 5291 1166 5346 mine
1181 5292 1386 5362 jumentorum:
1402 5291 1488 5347 turbis
1498 5290 1623 5347 videlicet
1638 5287 1793 5346 iudaeorum
1816 5288 1873 5360 lege

1090 5385 1180 5440 diviua
1192 5383 1388 5450 institutorum,
1409 5393 1437 5440 et
1454 5384 1595 5456 gentilium
1614 5385 1756 5440 brutorum
1770 5383 1871 5437 auima-

1090 5473 1155 5529 lium
1171 5489 1246 5530 rurore
1262 5475 1410 5530 viventium
1425 5494 1432 5528 :
1448 5476 1506 5530 sive
1519 5474 1682 5546 generaliter
1702 5473 1871 5528 uraltitrnhuo

1089 5565 1290 5637 ingeniosorum
1320 5565 1476 5634 hominnm,
1504 5566 1546 5623 vel
1571 5566 1653 5621 eliam
1689 5554 1868 5638 simplicium:

1088 5658 1150 5725 qnia
1179 5673 1232 5712 noo
1260 5665 1302 5713 est
1327 5672 1505 5728 personamm
1529 5668 1657 5732 acceptor
1680 5657 1760 5726 Dens,
1778 5655 1823 5712 sed
1842 5656 1867 5708 in
