4042 6200
159 317 224 377 itti
427 308 701 372 salmariano!
718 307 753 368 IN
772 307 847 365 EPP.
865 306 968 366 enum
987 306 1052 363 ΗΒ.
1073 305 1105 362 V.
1124 337 1158 348 -
1177 305 1211 362 ΙΝ
1229 304 1339 363 ertsr.
1360 305 1405 360 Ab
1424 303 1508 364 holt.
1724 309 1792 368 risa

163 432 238 507 quod
250 431 355 500 urnyses
368 427 420 483 hoe
430 424 547 484 aderens
556 424 670 481 salutem
683 422 773 498 populi
785 421 886 478 menrit
902 422 952 476 im·
965 422 990 482 Δ
1003 426 1032 475 ει
1041 417 1229 489 promissionis
1238 418 1364 474 meritum
1376 417 1561 491 perdiderunt,
1573 415 1678 488 peiores
1690 420 1797 492 gentili·

162 532 291 592 putrare3
308 518 408 574 Paulus
420 533 486 574 reno
504 526 580 590 optat
592 516 713 588 quidem,
725 516 772 572 sed
784 530 838 571 non
850 523 891 570 est
903 529 953 569 au·
1005 511 1057 566 bus
1071 507 1147 575 laeti,
1159 523 1227 578 quos
1236 508 1324 581 prius,
1338 509 1401 581 qnia
1417 508 1475 565 sine
1494 507 1549 563 lieo
1563 513 1641 563 emni
1655 509 1795 568 abomina-

162 610 246 665 ditas.
262 607 331 678 Quid
344 610 366 666 si
381 610 521 666 ostendam
535 608 584 663 tibi
600 609 686 681 magis
702 605 814 663 Paulum
832 606 954 662 auditum
1004 601 1114 657 bantur.
1128 597 1295 672 Propensius
1305 600 1377 658 enim
1391 602 1491 657 malurn
1508 613 1550 659 εει
1563 601 1721 674 dignitatem
1736 621 1795 677 per·

162 715 223 755 esse
236 717 318 771 quarn
331 700 467 772 lloysemi
476 699 576 757 Omnes
589 700 661 754 eninr
673 683 710 754 illi
721 699 766 769 qui
782 711 832 768 per
843 695 953 769 Moysen
1005 689 1116 757 didisse,
1128 705 1209 763 quiam
1223 705 1278 748 nou
1301 691 1438 747 habuisse.
1458 689 1557 764 (Oria.)
1580 691 1657 762 Quod
1671 694 1742 749 enim
1759 694 1797 751 ait

161 769 297 856 esionam,
314 792 347 847 de
359 791 486 861 AEgypto,
499 790 658 845 oeciderunt
671 790 697 844 in
712 787 830 844 deserto.
849 786 953 844 Posteri
1004 781 1089 854 gloria
1099 791 1124 836 et
1137 790 1330 847 testamentum,
1345 782 1379 837 de
1391 782 1476 854 ssl⁰li³
1495 782 1556 838 ¹³1ae
1570 783 1637 857 legis
1656 799 1727 856 saeile
1739 783 1796 856 1³¹ss

162 897 228 937 sero
246 896 341 940 eorum
363 882 410 954 qui
425 890 525 937 terram
544 880 762 950 repromissionis
780 886 953 949 acceperunt,
1005 873 1108 930 dietum
1122 880 1174 938 est,
1195 871 1266 928 sieut
1278 880 1306 928 ει
1331 872 1389 944 ipse
1410 873 1554 944 Apostolus
1575 873 1640 931 dieii
1653 893 1661 929 ι
1674 873 1705 932 Si
1727 877 1796 930 enim

163 970 328 1026 etiamnunc
339 971 514 1041 nagamorab
526 969 676 1026 eaexsules
693 976 721 1025 et
736 975 868 1023 extorres.
881 964 954 1022 Pau·
1004 963 1075 1035 grand
1088 961 1231 1018 eoocao'tnr
1240 978 1287 1034 per
1299 960 1411 1035 pieriam
1424 973 1474 1030 est,
1485 961 1536 1020 hoo
1550 972 1592 1021 εει
1608 963 1690 1020 leurs
1703 965 1798 1022 Testa·

163 1060 206 1117 lus
217 1076 283 1116 rem
300 1060 363 1116 audi
378 1059 442 1130 quid
455 1059 528 1115 dieat
541 1059 574 1115 de
587 1058 670 1114 lsrael
683 1078 690 1114 ι
704 1058 775 1115 Nolo
788 1076 843 1127 ons,
856 1058 952 1131 inqtrit,
1005 1063 1150 1117 mentum.
1179 1051 1262 1108 natm
1288 1054 1372 1124 masii
1394 1053 1464 1125 qvod
1487 1065 1573 1110 tiene!
1601 1056 1628 1110 fn
1648 1053 1732 1128 aleria
1758 1065 1799 1113 erl

163 1153 296 1221 ignorare,
321 1150 428 1220 iratres,
449 1149 602 1224 ragnerium
623 1149 681 1218 hoe,
707 1151 771 1223 quio
798 1151 904 1206 rariter
923 1167 956 1205 ea
1006 1145 1050 1220 (ll
1064 1141 1126 1201 Cor.
1140 1143 1194 1219 ιιι),
1207 1143 1347 1220 Erangelii
1361 1143 1464 1200 scilieet
1478 1146 1646 1217 praedicatio,
1664 1147 1710 1203 sed
1725 1149 1797 1219 quod

162 1241 274 1313 prartein
289 1238 375 1294 lsrael
383 1240 502 1313 contigit,
518 1242 601 1298 donee
614 1242 749 1315 plenitudo
762 1246 877 1316 peritiam
891 1245 954 1299 sab·
1006 1237 1072 1293 dieii
1090 1246 1272 1292 testamentum
1285 1247 1308 1290 et
1331 1234 1460 1307 legislatio
1480 1252 1564 1291 utrum
1577 1237 1692 1296 sortasse
1709 1240 1798 1297 dieere

163 1334 286 1398 intraret,
301 1342 325 1388 et
341 1332 379 1387 sie
392 1336 478 1389 omnis
498 1332 584 1389 lsrael
601 1334 690 1391 salens
710 1335 783 1404 fieret
798 1335 887 1407 (Rom.
902 1337 953 1410 ιι).
1005 1328 1140 1384 videami-
1160 1326 1216 1383 Lex
1233 1327 1305 1383 essim
1320 1343 1381 1398 (1¹¹ae
1392 1326 1446 1382 ¹³1³
1458 1336 1500 1382 ⁰⁸¹
1515 1328 1605 1398 ipsam
1622 1332 1704 1385 ellim
1716 1340 1800 1387 [0⁸12-

164 1423 245 1479 Vides
261 1409 335 1495 ergo,
354 1423 417 1495 quia
434 1426 578 1482 exauditus
602 1434 644 1482 est
659 1427 770 1492 Paulus,
791 1435 819 1482 et
838 1427 902 1497 quia
926 1443 956 1483 se
1006 1427 1126 1474 {titinium
1142 1419 1267 1491 appellal-
1292 1418 1345 1474 Sed
1363 1433 1414 1490 ego
1436 1418 1507 1475 hanc
1527 1433 1587 1476 esse
1600 1420 1799 1479 distinctionem

162 1514 262 1571 obtulit
279 1518 424 1571 anathema
437 1531 507 1585 εεεε,
528 1517 643 1574 salutem
659 1517 760 1574 meruit
773 1515 914 1585 iratribus,
928 1527 956 1574 et
1005 1523 1081 1584 1³11102
1092 1511 1164 1584 duod
1174 1511 1306 1584 legislatio
1316 1511 1424 1583 ‘ibidem
1434 1526 1487 1567 ⁰¹¹³
1501 1509 1593 1581 suellis
1607 1522 1636 1570 θῑ
1648 1513 1730 1570 semel
1749 1514 1799 1570 lli·

163 1606 301 1664 idromihi
324 1607 428 1663 ridetur
440 1607 486 1663 illa
501 1608 593 1664 omnis
613 1609 789 1681 praemisisse,
800 1609 953 1680 quodnulla
1005 1607 1061 1662 bita
1075 1621 1126 1677 per
1147 1601 1286 1678 iloysem3
1302 1613 1462 1661 testamenta
1485 1619 1550 1660 rero
1572 1604 1728 1677 frequenter
1742 1618 1800 1663 sta·

163 1695 188 1750 ri
204 1698 291 1768 possit
312 1697 391 1755 allel
407 1697 542 1754 charitate
555 1697 655 1766 divelli,
673 1707 701 1754 ιιι
717 1713 779 1756 eum
802 1713 833 1756 se
846 1698 956 1756 ollerret
1006 1706 1064 1754 tuta
1093 1705 1158 1753 sunt
1180 1695 1309 1768 :quoties
1345 1695 1418 1750 enim
1447 1704 1628 1766 peecaverunt
1649 1707 1677 1753 ει
1701 1695 1799 1766 airjeoti

163 1786 306 1842 ornithonis
325 1802 374 1858 pro
389 1786 520 1845 iratribus
531 1789 599 1855 suis,
612 1802 666 1845 non
678 1788 782 1860 lapsum
795 1788 854 1859 ejus
868 1790 955 1861 possi·
968 1776 992 1838 Β
1006 1796 1080 1856 sont,
1105 1789 1186 1845 toties
1208 1785 1373 1844 exheredari
1392 1786 1530 1854 videntur,
1548 1796 1576 1844 ει
1597 1804 1717 1858 rursum,
1734 1804 1801 1864 qino·

162 1876 243 1932 bilem
255 1876 371 1948 judiees,
384 1878 431 1935 sed
443 1877 578 1945 sicotille,
589 1879 635 1949 qui
651 1879 839 1949 inseparabilis
849 1887 955 1951 epatre
1007 1880 1058 1935 ties
1080 1879 1271 1951 repropitiatus
1286 1879 1357 1959 bens
1373 1877 1511 1934 revocarit
1531 1894 1589 1947 eos,
1603 1888 1630 1936 ει
1642 1880 1670 1936 in
1684 1880 1800 1938 haeredi-

161 1977 204 2024 est
216 1985 265 2040 per
277 1979 414 2036 naturam,
429 1978 457 2026 ει
475 1970 636 2027 immortalis
652 1971 679 2026 in
700 1981 815 2027 mortem
830 1973 913 2036 renit.
927 1980 955 2028 ει
1006 1978 1091 2026 tatem
1104 1986 1160 2027 suae
1177 1968 1355 2042 possessionis
1374 1969 1495 2038 adduxit,
1512 1970 1592 2028 toties
1607 1986 1747 2043 reparasse
1763 1981 1801 2028 ιε-

162 2058 190 2114 iu
208 2057 344 2115 infernum
366 2059 514 2124 deseendit,
539 2059 578 2115 ita
601 2067 629 2114 ει
653 2060 703 2116 iste
722 2059 853 2117 imitando
869 2059 954 2134 magi·
1005 2070 1154 2128 steinenla,
1165 2073 1194 2119 ει
1215 2062 1337 2120 haeredes
1352 2075 1399 2118 eos
1421 2062 1564 2132 scripsisse
1578 2064 1729 2122 credendus
1747 2075 1800 2121 est.

160 2155 259 2215 strum,
277 2163 338 2204 eum
354 2147 476 2218 separari
491 2163 508 2202 a
521 2148 622 2204 Christi
638 2148 771 2206 charitate
790 2165 843 2204 non
857 2150 953 2221 possit,
1005 2155 1042 2213 Et
1053 2154 1205 2227 obsequium
1225 2162 1251 2209 et
1262 2154 1458 2234 promissiones,
1471 2154 1631 2224 obsequium
1644 2157 1800 2212 sacerdota-

162 2239 302 2296 aChristo
319 2240 464 2295 anathema
478 2238 527 2293 hat
540 2254 589 2310 pro
602 2239 731 2296 iratribus
743 2242 800 2297 suis
813 2241 954 2298 devotione
1005 2247 1042 2305 lia
1065 2247 1132 2306 dicit
1152 2246 1251 2314 officia,
1275 2233 1470 2319 promissiones,
1495 2263 1556 2319 quae
1576 2252 1699 2321 patribus
1723 2249 1802 2309 iaetae

162 2330 267 2402 ulique.
286 2346 341 2385 ¹¹0ss
360 2329 594 2400 bfaellsiffliifflle·
608 2329 721 2403 (Amin)
742 2330 873 2399 Qu⁰¹¹i³m
889 2346 954 2420 elge
1006 2346 1079 2405 sunt,
1094 2347 1122 2394 ει
1138 2347 1281 2408 sperantur
1301 2338 1396 2394 dandos
1414 2325 1458 2395 bis
1480 2338 1527 2411 qui
1542 2354 1592 2411 per
1605 2339 1684 2400 iidem
1700 2341 1747 2398 lilii
1761 2337 1803 2400 ‹tt-
1856 2353 1862 2364 ·

160 2420 287 2491 superius
306 2427 401 2476 eontra
420 2417 528 2476 ludaeos
547 2417 621 2490 loqui
646 2420 761 2489 ridetur,
779 2422 874 2492 quiex
894 2419 954 2491 lege
1006 2438 1105 2486 cuntur
1137 2422 1264 2485 Abrahae.
1296 2416 1411 2485 Certum
1433 2437 1476 2490 εει
1505 2439 1594 2487 ιεειειι
1622 2434 1693 2502 quod
1718 2433 1800 2493 etiarn

157 2511 305 2584 iustificari
321 2519 472 2584 saputem,
495 2527 567 2567 nurte
581 2521 611 2568 ut
624 2522 717 2567 rotam
739 2528 816 2568 suum
836 2520 865 2569 ει
885 2509 953 2571 alle-
1005 2521 1156 2579 seeundum
1177 2529 1288 2578 earnem
1306 2535 1341 2576 er
1355 2520 1414 2593 ipso
1428 2536 1538 2594 genere,
1557 2522 1610 2579 hoe
1625 2532 1678 2592 εει,
1695 2524 1803 2582 israeli·

159 2614 234 2662 otum
252 2603 324 2661 circa
345 2619 392 2660 0⁰⁵
412 2604 545 2671 ostenda,
565 2611 634 2660 ¹0⁸oe
655 2605 820 2664 ⁰⁰1¹⁵050¹¹¹i³
842 2621 901 2673 ⁵1¹³,
926 2605 954 2688 ill
1006 2616 1071 2683 lieo,
1087 2613 1187 2670 luerint
1199 2628 1254 2670 noa
1266 2611 1353 2670 solum
1366 2624 1466 2684 patres,
1487 2614 1533 2671 sed
1545 2625 1573 2672 ει
1583 2616 1717 2684 Christus,
1732 2617 1803 2676 sient

159 2694 270 2753 (liaristo
288 2695 352 2754 lesu
375 2704 403 2751 et
423 2695 450 2751 iu
468 2694 570 2767 Spiritu
586 2705 680 2754 sancto
693 2696 760 2753 dicit
773 2712 802 2754 εε
825 2697 909 2768 loqui,
924 2708 956 2754 ut
1005 2713 1033 2764 ει
1046 2723 1057 2759 ι
1074 2703 1210 2776 Propheta
1224 2703 1290 2760 dieit
1301 2744 1309 2771 ,
1322 2719 1363 2759 rm
1380 2703 1447 2770 iliis,
1462 2705 1525 2775 quia
1537 2721 1602 2762 earo
1615 2720 1675 2763 mea
1688 2722 1722 2764 ex
1737 2708 1803 2780 ipsis

160 2803 215 2843 tron
239 2787 311 2842 reiut
327 2786 438 2843 inimico
458 2786 565 2843 illorum
584 2786 650 2844 fides
666 2786 760 2844 habeti
786 2804 838 2846 non
857 2790 952 2872 possit,
1005 2808 1057 2858 est.
1074 2797 1154 2858 »eur
1173 2805 1264 2853 autem
1284 2814 1322 2853 ote
1335 2796 1409 2853 iilis?
1427 2797 1491 2869 quia
1507 2807 1588 2855 natus
1603 2809 1645 2856 est
1658 2797 1759 2855 iesus«
1774 2801 1802 2858 ia

160 2879 226 2936 ideo
239 2877 378 2935 Christum
391 2888 419 2934 et
433 2868 563 2949 Spiritum
584 2888 708 2937 sanctum
721 2895 789 2952 quos
803 2881 872 2938 nibil
888 2882 955 2938 lutet
1006 2888 1111 2948 rnirram
1127 2894 1155 2943 ει
1169 2886 1396 2943 resurrectionem
1421 2885 1568 2943 multorum
1592 2886 1669 2958 (lar.
1686 2886 1729 2958 ιι),
1748 2907 1757 2940 ι
1775 2898 1804 2944 ει

160 2968 324 3036 testestdat,
342 2978 371 3023 et
392 2984 507 3039 quorum
528 2970 711 3027 testimonium
738 2972 878 3042 reprobari
899 2989 953 3031 non
1006 2978 1069 3050 quia
1083 2978 1118 3034 ab
1136 2976 1190 3033 illis
1211 2991 1325 3047 quorum
1338 2991 1402 3033 caro
1421 2986 1490 3044 erat,
1504 2978 1661 3048 repudiatus
1675 2987 1726 3046 est,
1739 2988 1768 3035 ει
1786 2961 1802 3034 a

158 3070 259 3135 potest,
275 3060 321 3133 qui
333 3059 373 3117 sic
385 3060 529 3132 perhibent
550 3061 733 3119 testimonium
744 3061 873 3136 apostolo
890 3064 953 3135 doru
1006 3067 1132 3142 gentihus
1152 3067 1282 3140 aquibus
1304 3066 1478 3139 ignorabatur
1498 3078 1641 3141 susceptus
1658 3077 1712 3137 εει,
1732 3071 1803 3147 sicut

159 3152 351 3208 commendant
360 3167 421 3207 eum
429 3153 684 3225 virtutesignorum,
692 3170 752 3225 quae
763 3154 898 3213 iaciebant
906 3172 954 3237 per
968 3133 991 3196 C
1005 3170 1035 3239 ει
1048 3176 1097 3233 per
1119 3160 1205 3217 Dauid
1228 3160 1295 3241 dicit
1308 3159 1394 3234 (Pani.
1414 3160 1483 3236 xrrr)
1497 3179 1503 3216 :
1518 3157 1637 3233 Papulas
1653 3178 1730 3235 qoem
1750 3180 1803 3219 nort

159 3243 246 3299 illurn.
261 3242 329 3312 Quia
348 3242 421 3299 enim
434 3252 488 3299 tam
509 3260 636 3317 magnum
651 3246 807 3316 presidium
821 3255 863 3303 est
875 3246 954 3304 Chri·
1005 3253 1116 3324 ragneri
1127 3252 1230 3308 maduit
1250 3252 1325 3308 milri.
1341 3251 1432 3326 (hug.)
1449 3252 1526 3320 Quod
1545 3261 1634 3309 ειιιειιι
1649 3255 1727 3321 dicit,
1740 3272 1803 3328 qno·

159 3335 209 3402 sti,
220 3343 248 3391 et
267 3335 431 3407 praeeipuam
445 3335 606 3392 charitatem
620 3351 683 3409 erga
703 3352 789 3410 genus
804 3340 953 3395 humanum
1006 3360 1065 3398 rom
1082 3352 1182 3417 patrer,
1195 3352 1220 3398 et
1233 3359 1265 3401 ea
1276 3343 1372 3414 aniius
1390 3342 1512 3399 Christos
1526 3344 1669 3400 recondam
1684 3362 1801 3417 earnem,

158 3425 290 3491 ostendit,
302 3434 331 3482 ει
350 3426 505 3498 dignatione
529 3424 587 3496 ejus
609 3426 726 3498 gloriosa
750 3436 778 3483 et
793 3427 954 3484 immortalia
1006 3441 1035 3489 et
1057 3431 1167 3504 adjecit,
1181 3434 1227 3505 qni
1248 3442 1286 3487 ert
1307 3434 1492 3503 superomnia
1511 3432 1583 3489 Deus
1605 3433 1755 3490 benedictas
1775 3436 1801 3489 in

159 3517 272 3592 praemia
282 3519 467 3590 pmmissa,ae
480 3532 530 3591 per
543 3518 595 3574 boe
606 3518 678 3574 dolet
690 3534 775 3591 genus
785 3518 955 3590 soum,quod
1005 3522 1116 3591 sarain,
1134 3522 1291 3595 plenissima
1302 3522 1354 3580 ilde
1365 3523 1548 3589 sommendat,
1563 3525 1635 3595 qood
1656 3524 1741 3581 ileum
1755 3540 1804 3581 no·
1885 3536 1888 3547 ’

161 3619 204 3666 est
215 3608 364 3665 seeundum
377 3624 499 3676 earnem,
511 3609 574 3681 quia
588 3609 776 3666 incredulitate
786 3626 834 3667 sua
846 3612 955 3683 hospe-
1008 3624 1096 3671 strum
1108 3614 1256 3671 seeundum
1273 3614 1473 3683 susceptionem
1495 3616 1598 3682 earrtis,
1616 3614 1701 3672 lilium
1714 3616 1803 3677 homi-

161 3700 240 3758 renni
261 3708 290 3758 ει
308 3700 421 3757 εεΙιιιειί
436 3701 567 3758 beneficio
579 3717 608 3757 se
622 3702 773 3773 privarunt.
791 3703 862 3776 Ergo
875 3714 953 3776 opta·
1004 3700 1050 3771 pis
1064 3701 1237 3766 sortiremur,
1261 3706 1290 3754 ει
1308 3700 1455 3755 secundum
1474 3700 1667 3768 aeternitatem,
1687 3709 1715 3757 ot
1736 3700 1804 3757 Ver·

160 3792 224 3848 ham
236 3791 285 3859 ait,
300 3807 354 3848 non
367 3801 443 3863 opto,
458 3792 521 3863 quia
536 3792 588 3849 soit
606 3793 665 3849 lieri
684 3809 737 3849 uon
749 3809 839 3866 posse,
854 3805 884 3850 ut
898 3804 954 3852 tam
1010 3794 1075 3849 bara
1096 3790 1123 3848 in
1138 3780 1283 3863 principio,
1295 3789 1379 3845 Deum
1392 3789 1563 3847 benedictum
1578 3805 1659 3862 super
1672 3807 1766 3848 omnes
1776 3793 1803 3848 in

161 3884 305 3939 hernestum
322 3885 472 3940 membrum
487 3883 560 3940 nullo
578 3885 745 3954 praecedente
766 3887 834 3943 vitio
847 3887 954 3945 abscin-
1008 3885 1119 3943 saecula.
1144 3884 1230 3955 liujus
1249 3892 1338 3940 autum
1363 3882 1541 3940 confessionis
1567 3882 1652 3941 iudai
1674 3886 1802 3957 quoniam

162 3977 303 4032 deretura
319 3990 434 4048 eorpore
447 3975 610 4033 Christiano.
623 3975 757 4033 affectum
771 3986 861 4035 tomen
876 3980 957 4057 eidi·
1005 3984 1111 4048 partem
1132 3981 1287 4041 tenuerunt,
1298 3971 1489 4030 mielentois
1510 3972 1624 4031 Dourion
1638 3993 1645 4030 :
1660 3992 1722 4032 nam
1741 3993 1803 4033 enm

161 4066 306 4144 leetionem
327 4068 399 4125 eirea
420 4082 506 4140 genus
521 4083 599 4124 suum
620 4069 746 4125 ostendit.
762 4069 863 4143 (Oria.)
878 4070 955 4151 Quod
1005 4080 1054 4123 eos
1075 4065 1271 4136 interrogasset
1283 4061 1393 4136 (llottir.
1415 4062 1500 4137 xxii),
1524 4062 1601 4134 eujus
1621 4064 1705 4123 illium
1733 4066 1805 4124 dice

162 4167 254 4215 autem
271 4160 380 4231 cognati
395 4159 543 4217 secandum
560 4176 670 4218 earnem
683 4160 739 4216 sint
751 4162 835 4219 Paulo
848 4162 956 4222 israeli·
1007 4167 1069 4215 ιειιι
1078 4173 1139 4223 esse
1152 4156 1300 4224 Christum,
1316 4155 1526 4227 responderunt,
1538 4157 1635 4226 Dauid,
1647 4159 1699 4217 hoo
1712 4168 1802 4216 autem

162 4260 209 4317 ιε,
223 4251 393 4321 expositione
409 4266 462 4306 uon
475 4251 585 4325 indiget.
1007 4250 1155 4307 seeundum
1171 4263 1281 4306 carnem
1298 4255 1356 4315 est;
1375 4247 1409 4305 de
1426 4248 1567 4305 dirinimte
1577 4264 1641 4306 roro
1656 4248 1715 4320 ejus
1730 4251 1802 4322 quoti

199 4341 319 4408 Qtrornm
333 4342 439 4413 adoptio
456 4352 494 4398 ert
506 4342 633 4412 filioram.
651 4343 779 4415 Adoptaui
801 4347 873 4415 apim
892 4358 957 4405 sant
1007 4339 1080 4399 [leus
1098 4349 1149 4409 est,
1166 4338 1233 4399 nihil
1246 4338 1454 4410 responderunt.
1470 4338 1673 4396 lleollominus
1685 4340 1724 4395 ait
1737 4340 1801 4410 illis,

162 4434 211 4489 srlii
222 4433 303 4489 lsrael
317 4432 400 4490 abeo
412 4442 500 4501 tanen
509 4451 570 4491 oum
581 4436 712 4492 divideret
721 4436 851 4494 Exeslsus
862 4447 956 4510 gentes
1006 4432 1136 4505 quomodo
1150 4448 1210 4503 erpo
1229 4429 1316 4486 Drrid
1328 4430 1356 4485 in
1370 4431 1465 4501 spirita
1483 4439 1625 4485 ueratrum
1638 4429 1804 4487 Dominam?

161 4534 190 4581 et
203 4525 370 4598 dispergeret
385 4525 454 4582 lilios
471 4522 557 4580 Adam
577 4528 730 4583 meandum
742 4545 883 4585 numerum
901 4530 955 4585 hn-
1010 4525 1045 4583 Ut
1061 4522 1243 4595 intelligerent
1258 4520 1310 4576 hoe
1331 4534 1361 4576 se
1376 4518 1516 4575 confessos
1538 4535 1597 4577 esse
1613 4529 1717 4576 tantum
1730 4523 1803 4595 qaod

163 4616 296 4689 gelorum,
308 4626 337 4674 et
353 4615 424 4674 laeta
436 4626 476 4672 est
490 4619 578 4688 portio
589 4619 695 4675 bonrini
709 4620 805 4688 Jacob,
819 4620 955 4680 iunieolus
1007 4617 1132 4678 Christus
1146 4626 1188 4674 est
1205 4616 1276 4673 illius
1292 4614 1377 4671 bario
1389 4631 1396 4683 ;
1410 4616 1462 4671 hoo
1477 4622 1567 4670 autem
1589 4615 1716 4682 iacuisse,
1731 4618 1802 4687 qrrozi

164 4708 332 4765 baeredtratis
345 4708 405 4776 eius
420 4707 511 4764 lsrael.
530 4709 608 4764 rista
623 4719 665 4765 est
686 4699 751 4782 ergo
767 4712 875 4783 adoptio
891 4714 956 4769 filio
1007 4723 1051 4770 est
1070 4710 1195 4768 Christus
1212 4708 1342 4765 dontinus
1362 4707 1447 4778 ipsius
1465 4708 1559 4764 David.
1581 4708 1648 4764 illud
1664 4710 1736 4766 enim
1758 4724 1801 4765 se·

163 4815 235 4856 ram.
249 4797 363 4871 (Ambe.)
383 4796 459 4855 iuste
471 4799 543 4854 euim
559 4798 650 4856 dolere
671 4815 701 4857 se
719 4803 829 4873 probat,
848 4804 956 4873 quando
1007 4803 1125 4860 eundum
1136 4800 1336 4871 susceptionem
1350 4799 1450 4863 earnis,
1467 4801 1520 4856 hoo
1534 4799 1682 4857 meandum
1697 4801 1803 4856 aterni-

160 4890 296 4965 predicat
308 4889 413 4945 laudern
432 4890 539 4960 generis
550 4905 656 4955 eorum,
669 4890 732 4961 quia
746 4891 809 4947 olim
828 4891 875 4949 ii¹ii
891 4893 957 4950 ado-
1007 4904 1091 4953 tatem
1110 4893 1269 4955 drinitatis.
1292 4891 1406 4965 (nimir.)
1426 4891 1541 4961 Quando
1562 4892 1635 4948 enim
1657 4891 1731 4947 nulla
1752 4906 1799 4961 pa-

164 4977 534 5053 ptali,aiieetometgrariam
544 4979 591 5035 liei
604 4979 842 5050 pairisiairritum
855 4985 958 5041 habue-
1010 4986 1083 5044 terni
1098 4983 1216 5041 nominis
1234 4981 1264 5038 iit
1283 4981 1395 5048 mentio,
1421 4981 1493 5037 etde
1515 4979 1624 5037 Christo
1646 4995 1737 5039 sermo
1749 4990 1801 5045 est,

166 5069 466 5140 ιιιιιι;ιι(1)εείιειιιιιιε,
484 5079 514 5124 ut
524 5077 552 5124 et
564 5070 631 5126 alios
645 5071 735 5130 dolere
752 5073 859 5144 probis
877 5074 959 5131 iaeiat
1009 5095 1064 5135 non
1079 5084 1169 5149 potest
1188 5073 1290 5132 diremi
1306 5072 1437 5148 [diffiteri]
1462 5089 1497 5129 ne
1515 5073 1587 5128 beas
1601 5070 1716 5127 dicatur.
1738 5070 1803 5127 rra-

166 5163 278 5218 dicens:
292 5160 326 5215 Et
339 5159 425 5232 gloria
440 5169 463 5214 et
475 5169 656 5216 tenementum
672 5172 697 5218 et
718 5162 859 5237 legislatio,
873 5176 897 5222 ει
910 5167 958 5222 oi·
1009 5179 1125 5243 quanter
1147 5168 1221 5225 enim
1247 5166 1386 5238 Scriptura
1406 5173 1518 5237 proptor
1533 5166 1613 5222 nnius
1634 5165 1681 5221 Dei
1699 5164 1804 5245 proles·

165 5255 284 5325 segniam
304 5261 329 5306 et
350 5252 490 5323 promisso,
514 5267 626 5323 qnorum
649 5262 747 5323 potres,
769 5264 794 5310 et
817 5272 850 5311 ee
864 5257 958 5328 quitus
1009 5262 1113 5317 sionem
1127 5258 1213 5316 slede
1226 5257 1282 5313 Deo
1296 5266 1374 5327 patre
1392 5254 1511 5327 loqiritur
1523 5267 1550 5312 ει
1561 5271 1577 5311 a
1590 5256 1645 5312 lilio
1659 5256 1743 5313 berem
1755 5271 1803 5327 pa·

167 5341 287 5397 Cirristttr
299 5340 442 5396 amandum
455 5328 625 5412 caenomani
639 5351 676 5397 εει
690 5359 768 5413 super
782 5345 869 5400 omnin
887 5346 959 5402 bene
1010 5360 1180 5415 transmeat,
1197 5347 1320 5404 etlilium
1335 5348 1430 5404 herrm
1454 5345 1483 5403 Si
1495 5348 1557 5418 quis
1575 5356 1666 5404 aretem
1680 5361 1733 5401 non
1750 5361 1801 5417 pu.

168 5429 357 5486 benedictoria
373 5426 482 5484 enesim
500 5428 592 5485 Arnen.
609 5428 695 5487 Tanta
714 5433 849 5503 praeconia
864 5434 960 5491 nobili·
1010 5428 1051 5501 aar
1067 5445 1101 5500 tte
1114 5441 1222 5500 christo
1240 5440 1352 5505 dietum,
1366 5439 1412 5511 qui
1432 5447 1474 5495 εει
1489 5439 1579 5507 Deus,
1594 5439 1639 5495 det
1658 5453 1800 5510 personam

168 5512 251 5589 tatis,
263 5529 291 5577 et
312 5520 453 5592 dignitatis
463 5521 571 5592 generis
588 5520 743 5579 ludaeorum
762 5533 790 5581 et
802 5529 960 5598 promissio·
1011 5535 1045 5592 (le
1059 5548 1113 5605 qua
1124 5533 1226 5587 dietum
1238 5539 1294 5597 est;
1307 5531 1340 5587 de
1352 5537 1429 5601 patre
1439 5530 1512 5588 enim
1526 5530 1582 5587 beo
1595 5531 1647 5587 hoo
1660 5530 1720 5587 loro
1731 5545 1803 5587 men·

169 5628 235 5668 nom
246 5623 398 5679 enumerat,
414 5622 444 5669 ιιι
458 5613 584 5668 omnibus
593 5628 642 5684 pro
652 5616 695 5671 his
704 5616 823 5673 dolorem
836 5618 958 5687 incutiat,
1011 5625 1049 5683 iio
1068 5623 1138 5680 laeta
1159 5638 1213 5679 non
1229 5630 1285 5689 εει,
1301 5624 1348 5677 sed
1369 5622 1433 5693 quill
1453 5622 1552 5678 mirum
1572 5623 1597 5695 si
1622 5622 1649 5677 in
1672 5621 1804 5679 hocloco

170 5705 231 5777 quis
239 5720 293 5762 tion
301 5703 455 5775 recipiendo
462 5703 846 5780 salvatorumprmrogatiram
851 5720 958 5781 patrum
1011 5714 1149 5772 Christum
1162 5715 1244 5770 herrm
1256 5729 1337 5786 snper
1349 5714 1438 5770 omnia
1453 5721 1544 5786 aperta
1555 5730 1621 5770 rore
1635 5715 1804 5786 loqueretur,

345 5796 482 5863 Parnon.
506 5794 588 5858 cxi.
1547 5804 1584 5865 ii
