4042 6200
152 297 204 353 ³29
643 280 688 345 nh
707 286 882 344 udtveuso
900 282 991 342 tibur
1014 284 1094 340 ml.
1112 312 1148 324 -
1165 279 1231 339 bltt.
1251 284 1298 341 xt.
1722 283 1777 343 550

440 402 554 462 eleut
573 402 633 459 lili.
950 406 975 464 Α
989 399 1107 453 maxime
1120 398 1147 453 in
1163 405 1255 453 monte
1266 396 1424 458 Tamassio.
1438 396 1465 451 in
1479 395 1557 465 eujus
1569 396 1685 453 circuitu
1706 396 1777 452 beu·

468 498 505 552 lle
516 496 621 553 nebulo.
990 492 1078 548 colion
1092 500 1155 547 tunc
1168 507 1252 562 reguo
1269 491 1432 563 potiebatur,
1452 491 1498 562 qui
1511 500 1575 547 tunc
1587 492 1622 548 ad
1634 507 1663 549 se
1677 493 1779 548 ratibus

181 591 286 649 llebula
298 589 455 654 lrrdedicta,
475 588 590 645 undeet
605 588 707 655 nubilo,
734 588 940 646 abobnubetrdo
990 582 1175 654 coniugieutes
1201 590 1342 653 susceptos
1365 597 1416 653 per
1441 583 1548 653 gemina
1567 581 1695 639 Parnassi
1713 582 1779 656 juga

145 685 259 749 scilicet,
275 684 329 739 boc
341 690 393 746 est.
407 680 555 752 operiendo
565 689 685 746 terram;
703 681 760 737 sive
770 681 844 752 quod
854 680 940 736 nubes
990 673 1058 730 lorit
1070 682 1098 731 et
1109 671 1187 730 aluit.
1200 674 1223 729 a
1237 688 1292 744 quo
1305 682 1445 745 propterea
1455 688 1542 747 genus
1551 674 1693 730 hominum
1704 674 1781 731 Grae-

143 774 236 831 rolarc
250 772 344 829 iaciat.
374 771 510 826 Exhalant
537 770 610 826 eninr
636 768 721 825 valles
748 769 866 824 humidae
892 783 940 825 ne-
989 781 1084 822 torum
1097 766 1195 823 fabule
1207 780 1242 822 ex
1257 764 1392 836 lapidibus
1401 774 1556 837 reparatum
1568 763 1660 820 lerunt
1669 774 1781 837 propter

143 867 231 933 bulas,
249 873 278 922 et
292 864 362 921 dunt
380 862 483 927 nubes,
509 861 572 919 inde
605 859 743 927 nubilum,
768 860 829 915 inde
850 859 938 917 nives.
989 854 1129 912 homiuum
1143 855 1252 912 insitam
1264 854 1355 911 cordis
1377 854 1516 911 duritiam.
1545 854 1599 911 Sed
1619 862 1648 910 et
1668 852 1779 911 homino

142 957 253 1014 bebulae
267 965 358 1011 autem
371 955 427 1009 ima
440 960 545 1025 petunt,
569 966 631 1008 cunr
645 951 778 1009 serenitas
788 958 850 1006 est:
866 965 941 1006 som·
989 958 1052 1000 curn
1073 943 1188 1001 insolitis
1212 952 1290 1001 aucta
1313 943 1447 1001 imbribus
1467 943 1538 1000 ultro
1557 945 1781 1001 cousuetudinem

142 1063 203 1117 roa,
227 1062 291 1103 euru
316 1044 447 1101 nubilum.
473 1040 586 1114 llystice
611 1040 710 1096 nebula
735 1038 871 1110 significat
893 1045 941 1093 out
989 1035 1033 1090 vel
1046 1036 1224 1092 diuturnitate
1238 1036 1281 1092 rel
1300 1036 1486 1107 magnitudine
1502 1036 1665 1103 redundant,
1687 1036 1785 1094 multa·

140 1139 337 1195 obscuritatem
356 1134 559 1206 Scripturarom
583 1140 632 1188 aut
660 1132 762 1188 erroris
785 1130 938 1203 caliginem.
990 1140 1044 1196 que
1069 1135 1253 1198 prosternunt,
1270 1136 1299 1184 et
1319 1127 1377 1197 ipsa
1391 1127 1522 1183 diluuium
1536 1127 1672 1183 dicuutur.
1687 1126 1783 1189 Scien-

142 1229 221 1286 lludc
244 1229 272 1285 iu
297 1226 466 1284 dedicatione
489 1223 593 1295 Templi
616 1238 679 1279 cum
703 1221 800 1279 nebula
821 1221 941 1294 implevit
990 1219 1054 1276 dum
1072 1230 1175 1288 autern,
1198 1219 1309 1277 flumina
1323 1236 1385 1277 cum
1408 1235 1490 1291 supra
1514 1221 1624 1276 modurn
1644 1230 1782 1288 uenum,

142 1322 253 1376 domum
268 1317 388 1380 bomim,
413 1331 467 1373 uon
490 1323 617 1384 poterant
632 1315 787 1371 sacerdotes
813 1322 887 1370 stare
912 1322 941 1371 et
990 1326 1044 1365 non
1058 1311 1205 1368 tautumad
1219 1326 1341 1383 prasens
1355 1309 1456 1367 inferre
1469 1311 1579 1374 damna.
1595 1311 1642 1368 sed
1658 1312 1784 1369 edomet
1880 1358 1884 1374 .

141 1408 300 1466 tniuistrme
322 1412 433 1477 propter
458 1404 583 1460 nebulam
611 1401 671 1476 (ill
703 1402 766 1475 lieg.
785 1405 856 1476 vrit).
878 1403 941 1460 llaec
990 1401 1081 1474 aliqua
1095 1403 1362 1475 significarclutura.
1384 1402 1498 1475 Hystica
1517 1402 1658 1468 dilrrrium,
1673 1403 1783 1473 quondo

141 1499 279 1556 sententia
294 1498 426 1568 superbos
442 1494 598 1553 ludaeoruru
612 1493 755 1565 pontifices
772 1495 941 1550 acdoctorcs
989 1490 1127 1553 inponam
1141 1502 1247 1564 partem
1268 1493 1410 1565 accipitur,
1438 1491 1606 1564 baptismum
1628 1492 1781 1564 significat:

142 1589 282 1651 insinuat.
311 1585 440 1659 quidum
467 1583 618 1641 nativitatis
646 1582 747 1640 Christi
770 1592 941 1641 sacramenta
989 1583 1173 1652 quandovero
1192 1585 1221 1639 in
1242 1584 1417 1650 contrariam,
1434 1597 1558 1639 errorem
1581 1583 1782 1641 baereticorum.

141 1679 307 1750 inuestigare
331 1676 505 1747 despiciunt.
532 1676 652 1732 debitum
676 1672 739 1730 ildei
760 1674 802 1730 sui
818 1673 940 1729 ministe·
990 1673 1059 1731 Nam
1072 1677 1100 1732 iu
1120 1677 1165 1732 illa
1186 1677 1321 1734 sentemia
1341 1674 1502 1742 Psalmistae,
1521 1689 1576 1747 qua
1598 1674 1785 1731 dicitzllcnri-

141 1771 213 1825 rium
225 1784 277 1840 per
291 1767 393 1825 erroris
407 1765 534 1823 nebulam
548 1764 733 1837 perdiderunt.
751 1761 853 1819 Nebula
868 1776 934 1832 ergo
947 1758 972 1819 B
985 1783 1035 1825 aas
1044 1769 1170 1826 duonum
1180 1770 1319 1836 iubebitur,
1329 1780 1353 1825 et
1365 1768 1461 1824 mabit
1473 1767 1600 1826 bominac
1614 1783 1660 1823 rea
1672 1767 1700 1823 in
1709 1778 1785 1823 oeter-

142 1875 330 1935 synogogam,
354 1859 458 1924 idest,
485 1858 594 1914 domum
620 1855 728 1912 bomini
751 1855 886 1926 implerit,
912 1863 941 1910 et
990 1876 1054 1916 num
1066 1859 1155 1933 (Psoi.
1171 1860 1268 1933 autur)
1281 1879 1288 1915 :
1301 1861 1407 1931 primus
1420 1859 1493 1916 venit
1512 1857 1657 1914 virtutibus
1670 1858 1785 1930 spiritus

141 1952 302 2009 sacerdotes
309 1959 420 2023 propter
430 1947 556 2005 nebulam
565 1946 720 2003 ministrare
731 1960 786 2002 uon
797 1952 938 2017 poteraut:
990 1951 1175 2023 septiformis,
1199 1952 1229 2007 in
1259 1951 1340 2009 tertio
1362 1963 1429 2006 vero
1453 1949 1548 2005 ordine
1570 1947 1607 2004 ad
1641 1947 1783 2005 Trinitatis
1842 1933 1849 1946 ’

143 2043 207 2114 qnia
219 2043 284 2097 dum
298 2041 327 2097 in
338 2047 502 2097 testamento
512 2037 598 2094 veteri
611 2052 707 2094 seusus
727 2036 857 2108 mysticos
870 2035 941 2090 litte
990 2042 1205 2112 complexionem
1230 2040 1349 2097 mirabili
1382 2039 1559 2110 dispositione
1584 2038 1717 2110 gement
1742 2038 1786 2094 bt-

143 2149 181 2189 rne
196 2132 331 2190 velamine
344 2137 488 2201 coopertos
512 2129 586 2185 inter
607 2128 739 2185 obscuras
751 2126 940 2199 allegoriarum
991 2130 1078 2187 cendo
1087 2132 1160 2188 enim
1182 2132 1210 2186 in
1220 2131 1264 2187 his
1276 2128 1531 2186 duobusvcrsiculis
1541 2129 1631 2194 tertio,
1646 2127 1784 2193 domitus,

141 2222 274 2293 caligines
297 2220 461 2292 investigare
480 2219 642 2291 despiciunt,
668 2216 788 2274 debitum
808 2215 941 2273 lideisirs
991 2227 1244 2284 ostendemusque]
1267 2224 1430 2281 Trinitatem
1452 2222 1566 2284 diluvio,
1586 2222 1614 2278 id
1629 2230 1682 2288 ω,
1706 2222 1785 2293 aquis

143 2314 329 2371 ministerium
352 2321 465 2385 propter
488 2310 615 2369 nebulam
641 2310 828 2383 perdiderunt
863 2308 941 2367 Unde
990 2318 1166 2390 baptismatis
1191 2316 1356 2383 inhabitare,
1377 2313 1448 2371 sicet
1468 2313 1496 2369 in
1519 2311 1666 2384 Evangelio
1680 2312 1784 2368 dictum

142 2402 179 2461 ad
199 2401 252 2460 lob
280 2403 413 2460 Dominus
438 2401 496 2459 ait:
511 2399 640 2473 Numquid
661 2399 774 2457 elevabit
793 2399 822 2456 in
845 2399 941 2456 nebulo
991 2416 1034 2465 ege
1053 2405 1175 2463 :Eume
1187 2405 1317 2478 baptizate
1325 2421 1414 2461 omnes
1433 2412 1530 2476 garta,
1544 2402 1684 2458 ineundae
1697 2399 1786 2457 Patris

19 2566 20 2575 ἵ
142 2509 232 2549 noum
252 2502 327 2549 teon
338 2494 352 2548 l
365 2491 437 2565 (lob.
451 2489 579 2563 xxxvto.)
593 2489 623 2547 lu
643 2490 742 2548 nebula
756 2503 822 2561 ergo
841 2488 942 2548 lodan
993 2506 1019 2554 et
1031 2494 1105 2562 llilii,
1122 2505 1147 2552 et
1162 2495 1279 2567 Spiritus
1289 2494 1377 2550 macti
1392 2492 1499 2567 (hatti.
1514 2493 1622 2564 sautu).
1646 2491 1701 2549 Sed
1712 2508 1787 2563 quac·

142 2596 240 2639 vocem
263 2580 395 2639 doctrinae
411 2597 467 2637 ⁸11ae
481 2578 611 2636 Dominus
634 2578 758 2652 protulit,
780 2594 842 2636 cum
864 2581 897 2637 de
909 2596 940 2642 se
992 2600 1096 2648 ramas.
1116 2601 1166 2643 cur
1188 2585 1232 2641 hie
1246 2583 1377 2640 diluvium
1394 2598 1445 2655 pro
1469 2582 1557 2639 saeris
1576 2580 1696 2639 lontibus
1713 2583 1786 2654 posi·

143 2674 230 2731 etiarn
263 2686 358 2746 aperta
385 2674 516 2731 narrarit
547 2671 617 2743 Quid
646 2682 688 2730 est
712 2673 785 2730 enim
821 2673 944 2746 apertim
993 2685 1051 2735 tutu
1065 2677 1127 2733 ml?
1149 2674 1264 2744 llerit03
1289 2676 1417 2747 quoniam
1436 2674 1503 2731 illud
1524 2675 1597 2745 quod
1618 2674 1720 2732 lactum
1740 2686 1786 2735 est

144 2781 251 2836 quarm
279 2764 337 2838 Ego
349 2774 375 2822 et
393 2763 474 2821 Pater
487 2782 569 2822 auom
581 2765 691 2822 samuel
711 2763 802 2839 (loon.
816 2766 856 2840 a.)
872 2765 944 2836 Quid
992 2766 1045 2826 sub
1059 2766 1127 2834 Noe,
1141 2765 1312 2838 baptismatis
1323 2766 1395 2823 sacri
1410 2765 1522 2836 gerebat
1532 2764 1690 2836 imagineas.
1715 2765 1786 2823 Nam

144 2858 268 2928 apertius
280 2874 361 2930 quatu
375 2875 383 2913 ι
395 2858 462 2912 date
472 2857 606 2913 Abrohom
616 2874 663 2930 ego
677 2873 735 2913 sarra
744 2858 757 2913 l
766 2857 859 2930 (lona.
870 2858 942 2931 vrrs.)
993 2859 1065 2918 sictut
1079 2859 1151 2916 istud
1167 2866 1267 2931 purgat
1276 2857 1382 2916 animas
1393 2864 1568 2930 peccatorum
1582 2856 1721 2925 sordibus,
1746 2858 1785 2915 tn

145 2948 202 3004 Sed
217 2948 282 3020 quia
297 2948 449 3004 auditorum
465 2954 570 3003 mentes
582 2945 751 3003 infidelitatis
763 2945 850 3018 caligo
863 2961 940 3003 cour·
993 2949 1098 3008 etillud
1118 2948 1249 3006 diluvium
1271 2948 1365 3006 mundi
1386 2948 1501 3005 crimina
1526 2948 1657 3019 probrose
1674 2948 1786 3028 deleritg

146 3041 289 3112 plcrerat:
307 3039 386 3112 quasi
397 3039 528 3096 emissum
541 3037 724 3094 solisradium
748 3037 847 3095 nebula
860 3038 944 3095 inter·
996 3042 1092 3101 nerim
1104 3057 1170 3114 ergo
1189 3057 1241 3116 pro
1255 3042 1419 3114 baptismate
1439 3039 1570 3097 mortun
1589 3040 1709 3113 wluin
1731 3051 1795 3108 est,¹
1893 3061 1898 3071 ¹

143 3132 241 3204 Jaoelis
264 3131 457 3189 mildehal.
479 3129 583 3187 Nebula
597 3130 780 3187 velamentum
798 3129 944 3202 mysletio·
958 3105 981 3170 C
996 3136 1031 3192 ad
1043 3136 1124 3208 cuius
1134 3134 1338 3192 similitudinem
1354 3141 1462 3192 mmm
1477 3130 1615 3190 effectum·
1626 3130 1694 3190 Nam
1713 3132 1788 3204 quod

147 3238 209 3279 rom
224 3223 283 3288 bei,
302 3223 374 3295 quod
386 3225 512 3279 doctores
524 3221 612 3278 saneti
637 3221 794 3279 meditando
817 3229 944 3277 scrutan-
996 3229 1087 3297 tereto,
1102 3227 1231 3284 pompm
1240 3227 1349 3299 repeffig
1361 3227 1421 3283 ,ᾖα
1430 3224 1602 3283 dimam
1609 3237 1788 3295 mmmm

147 3324 205 3370 tar.
221 3313 298 3371 Unde
312 3312 411 3386 legitur
425 3313 452 3368 in
464 3312 618 3397 Propheta:
639 3310 744 3368 Nebula
754 3311 840 3385 puluis
850 3312 946 3383 pedum
995 3321 1060 3379 poeg
1088 3320 1202 3394 gagaggi
1223 3320 1342 3392 primum
1367 3319 1471 3376 dictu„
1491 3309 1527 3376 qe
1547 3316 1651 3388 spirim
1672 3323 1786 3371 mem:

146 3406 207 3477 ejas
233 3405 320 3480 (Noli.
344 3405 376 3478 r).
400 3403 466 3461 ltcnr
489 3405 604 3474 nebula,
630 3405 764 3475 heschol,
789 3404 822 3462 dc
847 3404 946 3476 quibus
995 3412 1125 3469 Domina,
1148 3413 1277 3469 gripu-m
1287 3412 1431 3469 pugnum,
1463 3410 1611 3483 Quum:
1636 3408 1672 3465 E,
1691 3408 1789 3464 mn

148 3496 249 3554 pem
272 3497 438 3570 All⁰³⁸⁰¹¹¹⁸²
470 3495 507 3553 ffi
530 3507 593 3554 lum
618 3496 703 3569 [ΟΜ
730 3498 787 3556 ⁸5⁸⁶
806 3513 898 3570 ΜΝ,
921 3506 947 3551 ⁶¹
996 3503 1368 3561 neminemneminer
1390 3502 1479 3577 (Ptol.
1494 3501 1602 3573 xsrtrr).
1628 3500 1686 3557 lloc
1698 3507 1790 3556 auteur

148 3588 255 3647 ΜΦ
272 3589 420 3645 'arbella
439 3591 546 3661 agriem
558 3588 603 3663 (ll
618 3585 677 3644 Pet·
692 3587 735 3659 ul·
996 3595 1032 3651 ue
1045 3594 1100 3651 urm
1112 3602 1187 3651 nee
1198 3593 1383 3666 usurpans.
1398 3592 1528 3648 noman
1550 3591 1672 3647 seronem
1690 3587 1788 3660 poplo

446 3716 560 3774 cqpqp
579 3716 650 3773 m
997 3685 1149 3741 amdolir:
1169 3684 1203 3741 de
1223 3684 1306 3741 Patre
1331 3691 1516 3755 competenter
1537 3681 1714 3739 advertimus.
1741 3679 1790 3734 l‘o·

469 3831 509 3887 ⁰²
530 3831 639 3888 amm·
998 3867 1095 3923 struatis
1117 3881 1230 3923 munere
1253 3865 1426 3938 conquisivit.
1449 3862 1599 3935 Subiunxit
1622 3862 1724 3917 etiam:
1752 3859 1787 3914 Et

189 3945 325 4003 munuum
348 3946 474 4013 (flemme
503 3947 575 4018 quod
598 3961 730 4021 illlumm
750 3946 827 4006 clade
845 3949 949 4016 omnia,
999 3957 1129 4012 benedicet
1143 3955 1268 4028 populum
1282 3971 1360 4010 saure
1373 3955 1490 4026 topace.
1504 3952 1564 4010 Non
1582 3952 1662 4015 dixit,
1685 3951 1792 4006 beredi-

148 4054 216 4112 quae
226 4038 407 4104 inundaverit.
422 4037 522 4096 deleat.
545 4038 668 4095 Pdmunr
692 4039 823 4098 diluvium
845 4042 952 4098 exstitit
1001 4056 1068 4113 cent,
1082 4046 1149 4102 sed:
1173 4046 1326 4101 benedicet:
1352 4045 1416 4116 quia
1427 4058 1497 4100 uuus
1509 4050 1552 4100 est
1565 4042 1696 4097 &minus
1718 4041 1790 4096 bens

149 4130 207 4187 sub
225 4129 292 4198 ilos,
307 4128 589 4205 [quando]homiuum
601 4129 873 4189 sceleribusod'eneus
884 4130 951 4188 Ont-
1001 4146 1113 4192 noster:
1127 4136 1243 4207 inpone,
1265 4143 1376 4207 propter
1391 4133 1456 4190 illud
1468 4131 1664 4204 Evangeliunt:
1684 4120 1789 4204 'Pacata

153 4223 302 4293 uipoteus,
325 4229 382 4279 toto
394 4223 460 4279 orbe
474 4230 609 4290 contecto,
624 4222 720 4281 deletis
735 4224 850 4292 cunctis,
868 4238 952 4278 unam
1000 4243 1086 4282 meam
1096 4227 1131 4282 do
1142 4226 1223 4292 eolis,
1243 4241 1334 4297 pacem
1346 4240 1432 4279 neom
1445 4223 1590 4297 aalma
1609 4222 1681 4278 eolis
1697 4219 1790 4296 (loon.

149 4311 273 4385 spatium
290 4313 353 4369 coeli
373 4311 424 4372 luit
438 4312 525 4389 [iecit]
547 4314 698 4387 acpelagi;
722 4314 799 4386 cidus
822 4313 952 4371 iudicium
1001 4317 1069 4391 rvr).
1093 4315 1153 4373 llna
1164 4325 1207 4373 est
1221 4315 1293 4371 cuim
1314 4330 1368 4387 pax
1379 4312 1468 4371 Patris
1481 4323 1509 4370 et
1521 4312 1595 4378 Filii,
1620 4322 1648 4370 et
1671 4311 1791 4385 Spiritus

150 4405 288 4462 hactenus
310 4406 433 4464 videmus
465 4407 494 4462 iu
515 4404 660 4477 lapidibus,
682 4420 752 4476 qnos
774 4405 802 4460 io
835 4405 948 4462 remotis
1001 4408 1099 4466 sancti.
1119 4407 1185 4464 itera
1200 4407 1227 4463 iu
1240 4407 1402 4464 corrtrariam
1413 4415 1518 4478 partem
1533 4406 1642 4479 ponitur
1661 4404 1790 4482 diluvium

149 4497 305 4565 montibus.
324 4499 438 4555 conchis
449 4506 478 4555 et
491 4497 591 4554 ostrch
605 4504 759 4582 concretos,
778 4509 850 4567 sepe
862 4495 946 4552 mom
999 4501 1027 4555 in
1050 4499 1097 4556 illo
1106 4514 1196 4565 versu,
1222 4514 1277 4570 quo
1300 4495 1435 4570 Propheta
1449 4498 1506 4553 ait:
1527 4498 1562 4554 la
1590 4498 1689 4554 dilanio
1708 4487 1801 4568 aquo-⁸

150 4597 271 4646 ceratos
286 4593 365 4662 aquis
380 4590 472 4647 videre
489 4590 618 4646 solemus.
644 4588 798 4645 Secundum
816 4588 946 4646 diluvium
1000 4607 1058 4645 rma
1080 4589 1224 4645 multorom
1242 4589 1277 4644 od
1301 4605 1361 4644 eam
1382 4604 1435 4644 non
1457 4587 1676 4661 approximabunt
1701 4586 1790 4659 (Psoi.

152 4681 365 4748 luitiahcbaia,
376 4680 459 4739 lacob
471 4681 637 4737 Patriarchae
646 4689 675 4737 et
686 4681 770 4754 Ogygi
784 4680 948 4752 temporibus
1001 4680 1087 4753 tato).
1110 4680 1244 4737 Diluvium
1257 4681 1328 4736 cuim
1339 4695 1470 4750 aquarum
1488 4678 1634 4734 mularum
1655 4685 1698 4735 est
1716 4690 1794 4732 error

150 4775 206 4847 ml
222 4773 358 4831 flendum
370 4774 496 4830 conditor
512 4747 544 4830 'et
567 4789 617 4830 rex
637 4773 699 4840 luit,
726 4788 878 4841 nomenque
889 4773 949 4830 loco
1002 4773 1141 4854 ltomiuum
1156 4773 1346 4845 pessimorum,
1369 4773 1416 4844 qui
1437 4772 1520 4828 variis
1541 4771 1722 4845 pravitatibus
1744 4767 1795 4822 llut-

151 4875 192 4922 et.
210 4874 333 4936 tempore
359 4863 444 4919 dedit
468 4863 589 4920 Tertium
612 4863 740 4921 dilnvium
758 4865 786 4919 in
810 4861 948 4920 Thessalia
1002 4872 1146 4930 cleantes,
1173 4864 1338 4934 multiplices
1367 4863 1419 4919 sibi
1444 4862 1582 4919 doctrirms
1615 4859 1794 4920 constituunt.

152 4953 248 5028 Moysi
261 4953 304 5009 rel
314 4954 521 5028 amphyctionis
532 4954 699 5025 temporibus
713 4953 775 5021 luit,
797 4955 843 5025 qui
856 4955 953 5012 tertius
1004 4968 1100 5024 quasa
1123 4969 1188 5011 vero
1208 4954 1338 5028 tragum
1360 4952 1514 5009 nrdlatenus
1535 4954 1706 5019 aeceperunt.
1730 4942 1795 5010 oua

151 5041 380 5118 mnsecropeua
392 5046 524 5117 regnarit.
539 5043 622 5116 Cujus
639 5046 807 5117 temporibus
818 5060 952 5118 aquarum
1004 5046 1138 5103 sententia
1150 5045 1268 5103 maxime
1288 5044 1431 5100 haereticos
1454 5041 1555 5112 arguit,
1578 5037 1623 5107 qni
1645 5037 1672 5090 iu
1692 5030 1794 5090 diluvio

153 5137 269 5196 illuvies
302 5137 433 5209 majorem
462 5146 567 5210 partem
599 5139 762 5210 populorum
803 5137 953 5196 Thessaliae
1004 5134 1192 5206 perversitatis
1204 5148 1260 5190 suae
1273 5140 1468 5203 tempestuosas
1481 5137 1509 5184 et
1522 5120 1797 5198 naolragaaetoitaut

151 5230 328 5302 absumpsit,
350 5229 445 5302 paucis
466 5246 516 5304 per
528 5229 631 5300 refugia
657 5229 790 5287 montium
817 5228 950 5295 liberatis,
1006 5226 1183 5298 questiones:

734 5541 1179 5576 w·

413 5790 549 5853 Parnon.
576 5787 662 5854 cxl.

998 3775 1062 3846 pulo
1071 3792 1121 3833 suo
1137 3774 1273 3848 signillcat
1286 3773 1452 3840 Christiano,
1469 3788 1552 3843 quem
1566 3772 1600 3828 de
1612 3771 1683 3828 sacri
1698 3769 1789 3839 bapti·
1893 3825 1897 3830 .
