4042 6200
224 266 274 324 itt
540 263 572 319 B.
594 259 722 319 neothi
741 260 851 319 tttdtd
870 254 1031 318 tuentur.
1054 257 1209 316 iiOGUh‘i.
1228 258 1371 318 0111111111
1389 258 1480 317 PARS
1492 258 1530 316 11.
1802 259 1859 320 tit

222 401 273 442 aus
301 379 440 453 sanguinis
468 386 558 451 potest
586 377 699 449 intelligi
728 375 888 433 idololatriae
914 376 1152 445 obsce-,tantem
1178 371 1297 432 lurorem
1317 375 1438 432 lihidinis
1461 375 1503 431 rel
1519 372 1667 430 iracundiae
1686 379 1860 447 possuntde·

222 477 307 538 piem,
322 482 351 529 et
368 486 491 529 erronum
510 468 633 540 pollutio.
652 468 698 524 Sic
717 477 744 523 et
764 467 928 523 menstruale
944 475 1011 522 tem·
1061 465 1178 538 signare.
1199 466 1275 522 Unde
1296 465 1323 521 in
1340 465 1410 523 illato
1429 465 1534 538 llegurn
1554 464 1661 537 legitur,
1677 469 1861 538 ‚quodhbner
1969 451 1975 464 ⁸

221 580 273 637 pus
299 562 366 617 illud
391 558 563 632 intelligitur,
590 573 645 630 quo
669 572 738 628 pene
770 558 912 613 uniuersus
937 557 1013 612 orlris
1062 571 1155 613 auersa
1171 558 1247 612 hasta
1261 557 1522 629 percussissethsael
1557 557 1718 628 ininguine,
1734 569 1861 617 ettrans-

222 655 249 710 in
278 667 372 708 errore
399 659 428 706 et
453 648 607 705 idololatria
634 649 804 705 retrahatur.
833 650 867 704 tt
896 648 930 704 ad
954 665 1013 704 mu·
1062 644 1246 702 indisseteum
1260 643 1303 719 (11
1318 646 1622 722 ueg.11).euj=rsnsuer
1656 651 1860 721 typumteuuit,

223 746 317 802 liccem
330 751 526 801 menstruatam
548 758 602 799 non
624 743 689 800 licet
711 745 857 810 accedere,
881 760 931 801 nec
951 761 1013 800 cum
1063 737 1114 793 nisi
1128 738 1225 794 henim
1237 752 1307 808 quos
1319 739 1494 794 uehementer
1507 737 1640 808 arripiens
1653 737 1730 795 lurur
1747 740 1774 795 iu
1791 756 1861 811 prac-

221 852 253 892 ea
275 834 465 891 commisceri:
489 834 553 907 quia
575 849 625 890 nec
645 833 804 890 idololatriae
825 849 1011 906 paganorum,
1063 844 1127 901 ceps
1141 830 1231 886 ducit?
1247 829 1298 897 eri
1322 830 1350 885 iu
1369 830 1464 887 eodem
1477 827 1578 885 luroris
1590 829 1692 901 impetu
1707 840 1782 888 tanto
1796 848 1863 888 cau-

221 941 273 982 uec
304 924 400 982 haeresi
433 923 624 980 hereticorum
652 923 716 981 lieet
750 925 885 981 catholico
911 925 1013 981 homini
1065 922 1117 977 tius
1130 921 1282 978 declinandi
1298 933 1370 987 sunt,
1387 931 1490 994 quanto
1503 933 1531 979 et
1546 924 1652 979 insania
1667 925 1861 983 uehementiori

222 1016 434 1075 carrnmunicare.
457 1015 572 1071 Femora
596 1017 668 1072 dicta
689 1027 770 1083 sunt,
792 1017 864 1087 quod
884 1032 916 1072 ea
937 1028 1015 1088 parte
1063 1014 1215 1084 rapiuntur.
1231 1012 1310 1071 Unde
1324 1022 1351 1069 et
1367 1014 1481 1081 hlrner,
1501 1015 1546 1084 qui
1562 1029 1688 1071 sermone
1701 1027 1795 1073 nostro
1814 1037 1863 1090 pa·

222 1126 327 1167 asera
347 1109 398 1166 riri
425 1108 571 1180 discrepat.
594 1107 665 1165 Sunt
683 1117 775 1164 autem
800 1110 835 1166 ah
859 1109 1015 1182 inguinibus
1064 1106 1112 1159 ttt't
1136 1104 1244 1159 lucerne
1265 1105 1379 1170 dicitur»
1402 1105 1470 1176 sutili
1485 1125 1492 1162 τ
1507 1107 1570 1177 titii
1593 1107 1733 1165 doctorum
1759 1111 1860 1184 lingua,

221 1216 308 1272 usque
327 1199 361 1256 ad
380 1215 479 1272 genua.
502 1198 613 1255 Femina
635 1209 725 1255 autern
746 1215 796 1271 per
819 1201 1013 1256 derivationem
1064 1211 1124 1265 qum
1138 1209 1283 1267 supernum
1296 1196 1386 1252 iumen
1403 1198 1514 1263 iudicat,
1537 1214 1597 1254 cum
1617 1213 1666 1270 per
1686 1203 1799 1273 ahrupra
1820 1200 1863 1255 iu-

223 1291 356 1346 ternorum
379 1298 471 1360 partes
492 1297 572 1355 suut,
594 1290 696 1360 quihus
717 1289 748 1345 in
768 1289 915 1360 equitando
933 1290 1016 1360 tergis
1066 1287 1135 1342 roris
1160 1295 1279 1343 urentem
1308 1287 1461 1360 cujuspiam
1488 1288 1553 1345 lerri
1582 1291 1723 1361 corruticit,
1745 1306 1863 1362 eumque

224 1398 354 1454 equorum
369 1381 549 1438 adhaeremus.
564 1381 642 1439 Unde
656 1389 684 1437 et
701 1381 869 1454 praeliatores
883 1381 947 1437 olim
964 1381 1015 1437 suh
1065 1384 1159 1433 contra
1186 1378 1347 1434 irascentem
1368 1378 1522 1436 dissimulat
1536 1381 1681 1436 uerborum
1693 1380 1783 1451 lucilla
1798 1383 1861 1439 red·

221 1469 369 1528 lerrrinihas
380 1486 466 1542 equos
477 1471 601 1528 amisisse
614 1472 784 1528 dicebantur.
798 1471 898 1528 Femur
908 1472 1017 1544 generis
1066 1469 1141 1533 dere,
1165 1470 1243 1540 quasi
1260 1480 1469 1542 persequentem
1488 1487 1541 1527 non
1559 1472 1617 1527 uult
1634 1471 1735 1528 lenire:
1748 1474 1864 1532 undeet

222 1574 342 1638 propago
365 1560 535 1632 intelligitur,
560 1562 632 1617 sicut
656 1561 684 1616 iu
703 1560 807 1617 Genesi
824 1562 858 1617 de
875 1555 959 1617 iacoh
975 1553 1015 1617 ld·
1065 1561 1158 1619 dhaer
1171 1578 1233 1619 cum
1248 1572 1342 1619 contra
1356 1573 1565 1636 persequentem
1577 1565 1710 1630 suhst'tit,
1732 1580 1784 1621 non
1798 1581 1863 1622 earn

222 1651 320 1725 gitur:
346 1649 440 1724 Tetigit
470 1651 638 1707 latitudinem
662 1651 769 1722 tenens
789 1651 869 1723 ejas,
892 1662 919 1707 et
940 1652 1011 1708 cina·
1067 1661 1152 1721 recta,
1173 1652 1222 1709 sed
1243 1668 1338 1710 auersa
1361 1653 1440 1710 hasta
1462 1653 1648 1711 transforavit,
1672 1656 1712 1711 Ex
1732 1672 1863 1714 mucrone

223 1744 319 1799 dicarit
351 1741 439 1817 (Gen.
461 1742 659 1816 tantillum
688 1741 777 1798 lemur
797 1756 862 1798 caro
883 1742 1012 1808 hominis,
1029 1738 1164 1818 Bquippe
1182 1756 1329 1817 percutere
1347 1755 1390 1803 est
1411 1747 1515 1819 impetu
1540 1756 1641 1819 aperte
1666 1749 1862 1821 increpationis

225 1843 255 1889 ut
280 1834 307 1890 in
333 1833 469 1892 llieaemia
486 1852 494 1892 a
519 1833 664 1908 Postquam
688 1835 825 1891 ostendisti
849 1836 934 1897 milri.
955 1853 1016 1908 per·
1063 1839 1195 1895 obviare:
1211 1853 1307 1894 aversa
1324 1853 1390 1895 uero
1406 1839 1486 1895 hasta
1500 1845 1709 1909 persequentem
1724 1838 1807 1896 ierire
1819 1848 1865 1894 est

229 1928 299 1981 curti
320 1926 407 1997 [emar
430 1941 518 1981 meum
542 1925 619 2000 (Jer.
632 1942 696 1981 mr
709 1925 730 1998 l.
754 1925 822 1981 Nam
849 1924 937 1981 lemur
963 1926 1015 1982 ali·
1064 1929 1199 1986 iuuentem
1221 1928 1367 2001 tranquille
1383 1943 1417 1985 ex
1431 1927 1592 1998 quibusdam
1611 1935 1723 1999 tangere
1739 1936 1767 1983 et
1783 1928 1891 1998 quasi·

227 2017 336 2086 quando
361 2016 497 2088 signillcat
524 2016 739 2073 incantationem
771 2017 958 2084 dominicam,
984 2028 1017 2073 et
1065 2022 1203 2093 parcendo
1223 2036 1362 2092 strpcrare.
1381 2019 1464 2076 dsael
1496 2025 1587 2073 autern
1606 2019 1730 2089 protinus
1751 2034 1863 2075 occum-

224 2106 369 2178 aliquando
387 2108 550 2179 uoluptatem
573 2109 674 2165 caruis.
693 2108 804 2180 Legitur
817 2124 883 2182 ergo
898 2110 925 2165 iu
945 2109 1016 2180 psal·
1066 2110 1125 2166 lit:
1140 2110 1203 2182 quia
1229 2118 1372 2165 commotae
1395 2117 1502 2164 mentes
1520 2108 1584 2163 dum
1600 2117 1628 2163 et
1642 2108 1717 2179 parci
1733 2109 1784 2165 sihi
1801 2124 1862 2165 sen·

224 2212 269 2253 uro
296 2198 456 2270 prophetam
481 2197 515 2253 ad
546 2198 689 2256 Dominum
722 2200 848 2256 dixisse:
874 2201 1016 2273 Accingere
1066 2198 1149 2265 liunt,
1163 2207 1192 2254 et
1207 2206 1296 2255 umen
1313 2212 1506 2270 responsorum
1523 2197 1670 2253 rationein
1686 2199 1792 2255 intimis
1811 2201 1863 2256 sal>

223 2287 313 2358 gladio
340 2297 384 2342 tuo
411 2288 482 2342 circa
504 2288 601 2360 (emar,
612 2291 789 2360 potentissime
808 2289 904 2365 (Paul.
921 2291 1014 2364 ιιιι).
1067 2288 1263 2359 tranquillitate
1286 2295 1444 2358 tanguntur,
1465 2287 1501 2343 ah
1517 2302 1561 2352 eo,
1578 2289 1650 2358 quod
1662 2303 1692 2343 se
1705 2299 1862 2355 erexerant,

224 2378 295 2447 llicit
320 2380 412 2446 cuim,
440 2380 576 2452 accingere
601 2381 690 2453 gladio
716 2392 787 2449 tao,
814 2385 973 2454 metaphora
999 2399 1016 2438 a
1066 2380 1160 2435 statim
1182 2380 1292 2435 cadunt.
1305 2377 1360 2446 Qui
1378 2393 1442 2448 ergo
1459 2393 1475 2433 a
1491 2377 1607 2433 ferroris
1626 2378 1668 2434 sai
1692 2378 1793 2449 impetu
1813 2378 1866 2434 sab

222 2472 353 2528 bellatore
378 2481 527 2544 concepta,
555 2472 600 2543 qui
627 2474 805 2531 dimicaturus
833 2475 923 2548 gladio
952 2477 1014 2532 eiu·
1066 2471 1187 2527 lenitatis
1205 2470 1378 2543 percussione
1396 2469 1528 2536 resiliunt,
1548 2468 1625 2541 quasi
1641 2468 1701 2524 siue
1715 2468 1788 2525 lerro
1801 2483 1863 2523 mo-

222 2561 305 2630 gitur,
331 2569 361 2616 ut
383 2569 539 2633 prosternat
565 2562 714 2619 inimicum.
745 2564 798 2620 Sed
827 2566 871 2622 laic
896 2566 1015 2638 gladium
1067 2563 1181 2618 riurrtur.
1209 2561 1291 2618 Corae
1315 2561 1391 2632 quasi
1414 2559 1566 2630 conjunctae
1590 2572 1656 2616 ates
1680 2559 1816 2616 dicuntur.
1832 2556 1864 2613 lu

223 2665 377 2707 sermonem
398 2651 599 2724 predicationis
613 2654 743 2710 debemus
761 2656 894 2728 accipere.
912 2658 949 2713 lle
962 2674 1017 2729 quo
1066 2654 1132 2724 ipsis
1146 2654 1219 2709 enim
1233 2653 1336 2710 iemom
1350 2663 1505 2719 morentur,
1516 2668 1631 2724 quorum
1645 2667 1763 2707 concava
1775 2660 1866 2707 uerte·

224 2742 282 2813 ipse
304 2741 331 2797 iu
355 2741 502 2814 Evangelio
523 2749 657 2799 testatur:
682 2742 744 2800 Non
765 2747 821 2801 ueni
841 2765 931 2818 pacem
953 2750 1016 2802 mit·
1066 2743 1115 2799 hra
1128 2743 1356 2814 rmantnrzquta
1368 2743 1396 2798 in
1409 2743 1547 2814 ciscapita
1562 2742 1694 2798 lemurum
1708 2750 1862 2798 vertuntur.

223 2843 277 2887 tere
298 2832 327 2887 in
345 2841 459 2899 terram,
482 2833 528 2889 ted
547 2833 666 2906 gladium
685 2831 803 2907 (diattlr.
827 2835 875 2908 x).
893 2837 928 2892 Et
945 2835 1017 2908 tipo·
1067 2831 1235 2907 Suffragines
1246 2833 1385 2899 dicuutur,
1397 2834 1461 2904 qaia
1473 2834 1568 2889 subtus
1582 2832 1753 2903 lrauguutur,
1769 2831 1863 2897 idest,

226 2923 314 2980 stolus
333 2923 419 2981 dicit:
437 2921 473 2980 m
493 2923 611 2997 gladium
626 2927 748 2997 spiritus,
768 2927 839 2998 qnod
853 2937 893 2982 ert
913 2928 1017 2983 cerium
1066 2921 1221 2989 fleetuntur,
1235 2938 1289 2979 uon
1302 2939 1394 2995 supra,
1407 2923 1479 2978 siout
1494 2924 1521 2978 in
1536 2923 1668 2980 brachiis.
1685 2921 1779 2978 Genua
1798 2931 1863 2978 suut

229 3016 278 3072 dei
297 3015 387 3091 (lipia.
401 3015 461 3092 ιι).
482 3015 593 3074 Gladius
616 3028 707 3077 autem
726 3035 817 3077 sermo
841 3020 888 3077 liei
905 3021 1017 3089 dicitur,
1065 3017 1271 3073 commissiones
1293 3015 1427 3073 lentorum
1440 3025 1467 3073 et
1481 3018 1601 3073 crurium
1616 3037 1622 3072 z
1637 3027 1664 3073 et
1676 3018 1748 3074 dicta
1763 3031 1862 3090 genua,

223 3109 288 3180 quia
301 3109 460 3181 corpulenta
479 3109 552 3167 uitiis
565 3111 648 3167 eorda
664 3112 803 3169 hominm
818 3114 872 3170 ictu
891 3130 947 3172 suus
961 3103 1051 3172 uir-C
1066 3109 1183 3179 eoquod
1197 3108 1224 3164 ht
1237 3119 1316 3166 atero
1329 3109 1385 3164 siut
1397 3110 1474 3181 genis
1487 3110 1621 3181 opposita.
1635 3109 1780 3167 cohaerent
1790 3110 1863 3166 euim

224 3201 290 3256 tutis
308 3199 457 3270 irrumpit:
476 3210 528 3257 uec
543 3208 633 3273 potest
649 3202 820 3259 imbecillitas
836 3204 955 3261 humana
973 3222 1017 3263 m-
1068 3196 1105 3252 ihi
1118 3198 1180 3265 sibi,
1192 3206 1220 3255 et
1232 3208 1345 3270 cognata
1366 3208 1430 3254 sunt
1446 3197 1542 3264 oculis,
1562 3199 1744 3272 lacrymarum
1757 3198 1866 3254 indiciis

222 3290 335 3357 sistere,
356 3291 402 3346 uhi
422 3291 468 3347 illa
483 3290 651 3350 fortitudinis
663 3292 748 3366 gloria
763 3296 888 3369 dignatur
902 3276 1014 3355 intrare.
1065 3298 1095 3347 el
1109 3290 1316 3347 miserteonrrae.
1332 3288 1401 3346 Natu
1415 3306 1430 3345 a
1443 3290 1520 3361 genis
1530 3304 1618 3361 gerrua
1634 3291 1770 3346 dicuutur.
1782 3289 1865 3345 Derri-

222 3378 324 3438 Femur
347 3392 413 3438 vcro
436 3382 652 3440 iucamationem
676 3384 812 3459 significat
825 3386 931 3445 homiui
953 3389 1016 3446 Sal·
1067 3396 1120 3452 title
1138 3380 1332 3454 complicitum
1347 3381 1420 3454 tigni
1433 3381 1599 3452 formatique
1618 3381 1764 3445 huminem,
1784 3381 1866 3435 111111

224 3472 347 3529 carons:
368 3472 440 3529 sicut
458 3473 486 3529 tn
505 3472 605 3531 Genesi
619 3475 737 3548 legitur:
754 3476 816 3534 {ton
830 3480 931 3549 nepaes
945 3483 1018 3554 pra..
1067 3487 1153 3544 genua
1164 3487 1272 3529 sursum
1283 3472 1348 3539 siut,
1358 3472 1456 3543 quihus
1466 3471 1537 3529 oculi
1548 3472 1708 3541 formantur,
1721 3482 1752 3527 ut
1761 3473 1818 3528 cari
1831 3488 1864 3528 ac

223 3579 331 3635 cepaea
349 3562 437 3631 dada,
457 3578 539 3635 neque
559 3564 615 3621 dua
638 3566 671 3622 de
693 3569 835 3638 semoribus
851 3571 909 3639 einr
927 3571 1014 3645 (Gen.
1067 3563 1203 3620 reconditi
1216 3561 1292 3618 daut.
1314 3562 1391 3619 Unde
1412 3562 1516 3619 Ennius
1529 3579 1536 3616 τ
1549 3561 1633 3635 Atque
1651 3578 1735 3634 genua
1751 3562 1864 3632 compri-

222 3655 318 3729 xurx).
337 3654 369 3711 iu
389 3656 448 3727 ipso
474 3654 711 3730 etiamnrgsterio
737 3667 765 3713 ct
791 3658 928 3716 libralram
952 3659 1017 3717 lecit
1065 3666 1140 3710 mitti
1165 3665 1225 3710 arta
1245 3672 1322 3727 dena·
1349 3654 1415 3711 lude
1433 3663 1486 3721 0⁵¹,
1508 3653 1580 3726 tli¹⁰d
1603 3653 1727 3710 1101111115
1741 3654 1804 3709 111111
1828 3653 1863 3708 dd

220 3746 314 3817 meare
333 3744 464 3801 famulum
483 3745 782 3823 conculcemus).
806 3750 919 3818 Quantulo
942 3753 1015 3808 enim
1065 3760 1152 3819 genua
1174 3762 1204 3802 se
1225 3754 1413 3816 prostemuut,
1438 3748 1529 3802 statim
1557 3745 1752 3818 lacrymantur.
1769 3742 1863 3799 i'oluit

223 3842 297 3890 tacto
318 3833 422 3891 lemare
439 3831 598 3904 subjunxit,
614 3839 814 3908 patentissime:
833 3839 885 3895 lroc
905 3841 963 3909 ait,
985 3851 1016 3898 ut
1066 3832 1138 3892 euim
1148 3850 1195 3894 eos
1208 3844 1306 3893 natura
1321 3846 1428 3893 atenim
1442 3847 1594 3894 maternum
1610 3850 1802 3899 rememorare,
1815 3834 1861 3890 rrlri

222 3924 401 3981 reverendam
415 3924 629 3983 incarnationem
645 3928 786 3996 crederes,
800 3945 880 4000 quam
894 3932 1015 4003 potentin
1065 3926 1143 3996 quati
1164 3927 1190 3981 iu
1214 3926 1333 3983 tenebris
1353 3927 1494 3991 sedebant.
1519 3933 1663 3995 1119111111
1686 3925 1811 3980 lenirent
1828 3925 1862 3978 td

224 4015 374 4072 divinitatis
399 4018 555 4089 assumpsit.
575 4016 707 4075 similiter
730 4022 946 4093 sapientissimus
970 4024 1015 4081 tue
1065 4016 1163 4073 lucem.
1194 4015 1290 4073 Genua
1322 4017 1437 4090 mystice
1468 4016 1667 4072 contessionem
1700 4014 1862 4070 humilitatis

223 4106 310 4163 dicit:
337 4106 449 4165 Gladius
471 4109 530 4181 eiua
548 4108 576 4163 in
601 4108 700 4177 femore
723 4111 815 4181 ipsias.
841 4111 900 4181 Quo
924 4121 1014 4169 tameu
1066 4106 1220 4176 signttcare
1243 4114 1420 4178 ροιιιιιιιιιιιι
1439 4114 1482 4162 est
1511 4105 1576 4161 iliud
1597 4104 1718 4177 Apostoli
1734 4121 1741 4157 :
1755 4102 1859 4169 Flecte,

223 4194 390 4268 signillcari,
415 4198 580 4254 desiderium
594 4198 704 4255 carnale
719 4200 801 4256 rerhu
815 4198 863 4257 liei
881 4201 1015 4258 constrin·
1064 4200 1162 4272 inquit,
1181 4215 1266 4272 genna
1283 4200 1318 4253 ad
1332 4196 1440 4253 Patrem
1460 4197 1567 4253 Domini
1588 4197 1672 4251 nostri
1683 4193 1750 4251 ictu
1761 4193 1860 4249 Christi

224 4284 361 4358 gendum,
386 4294 476 4357 potest
500 4302 555 4343 non
579 4288 727 4361 incongrue
745 4290 841 4363 accipi.
859 4290 926 4346 liam
943 4293 1014 4363 quod
1065 4292 1173 4363 (Eplter.
1196 4291 1249 4363 ιιι).
1262 4289 1331 4345 ilinc
1342 4301 1370 4345 et
1384 4288 1480 4345 Petrus
1493 4288 1610 4360 procidit
1628 4287 1662 4342 ad
1679 4302 1766 4359 genua
1782 4286 1859 4349 iesu,

224 4376 359 4447 sequitur,
387 4377 471 4447 specie
499 4386 545 4433 tata
575 4388 599 4434 ct
622 4378 818 4451 pulchritudine
846 4394 891 4437 taa
916 4380 1010 4456 (Paul.
1064 4382 1176 4439 dicens:
1191 4381 1334 4448 Eaiatne,
1350 4380 1472 4446 Domine,
1487 4383 1548 4452 guin
1563 4381 1640 4436 homa
1656 4390 1777 4452 peccator
1800 4394 1861 4432 tant

224 4465 328 4537 aur);
357 4466 403 4522 hlc
418 4477 562 4540 utramque
578 4480 704 4527 naturam
729 4474 846 4543 positam
873 4474 1014 4531 evidenter
1028 4449 1142 4546 Ι)(1.ιιε.
1160 4474 1367 4547 aliliquando
1387 4482 1479 4529 autem
1500 4488 1586 4546 genua
1611 4471 1764 4544 siguiilcant
1775 4469 1861 4525 ulrtu·

224 4556 437 4628 cognoscimus:
464 4566 496 4614 ut
521 4560 626 4631 species
646 4561 783 4633 pertineat
807 4563 841 4617 ad
862 4562 1015 4620 humanita·
1066 4573 1121 4621 tem
1137 4566 1209 4621 lldei.
1227 4566 1395 4636 llequorm
1409 4563 1500 4619 dirim
1515 4565 1543 4619 in
1556 4564 1626 4619 libro
1644 4562 1747 4635 ilegum
1774 4562 1808 4617 ad
1824 4558 1862 4617 li-

224 4653 296 4710 tem,
321 4644 495 4718 pulchritudo
521 4649 555 4703 ad
587 4650 724 4707 deitatem.
747 4650 793 4708 llla
814 4650 887 4707 euim
909 4653 1015 4725 species
1065 4655 1129 4712 liam
1143 4657 1302 4728 prophetam
1316 4652 1373 4711 ait:
1388 4653 1493 4727 Reliqui
1506 4656 1570 4709 milri
1583 4665 1679 4726 reptem
1694 4652 1778 4708 millia
1791 4653 1862 4707 eiro-

228 4737 415 4805 lreuedicitur,
441 4739 471 4823 in
498 4753 551 4811 gua
576 4740 677 4798 mando
703 4741 778 4799 salas
801 4745 935 4816 apparuit
962 4746 1015 4803 lsta
1066 4760 1137 4813 ram,
1152 4747 1197 4819 qui
1217 4761 1268 4802 non
1280 4753 1453 4803 comanerent
1472 4761 1556 4817 genua
1571 4734 1702 4799 sanante
1713 4741 1783 4798 Baai
1798 4740 1861 4815 liii

225 4828 397 4902 pulchritudo
421 4829 561 4900 apdtaime
590 4832 799 4901 pronuntiatur,
824 4833 897 4890 uude
923 4836 1014 4891 omnia
1067 4832 1134 4907 ileg.
1149 4833 1219 4910 ιιι).
1232 4834 1299 4893 item
1313 4850 1401 4908 genua
1413 4836 1620 4908 aliquandopro
1636 4832 1860 4892 memhrisllhri·
1907 4855 1922 4878 ·

225 4920 359 4993 michea,
386 4930 555 4994 quaecunque
586 4919 685 4978 &eota
718 4931 791 4977 sunt
815 4920 928 4996 Legitur
947 4939 1015 4996 quo·
1066 4927 1101 4982 sti
1115 4926 1205 4997 posita
1217 4925 1468 4998 intelliguntur:ut
1484 4935 1526 4984 est
1542 4916 1607 4983 illud
1620 4928 1648 4982 in
1667 4922 1859 4999 psalmotde-

225 5022 278 5082 qoe
300 5013 328 5069 la
352 5009 467 5070 Gaatico
491 5011 659 5068 canticomm
686 5026 817 5085 sponsum
843 5024 949 5085 sponsae
973 5017 1015 5073 di·
1065 5034 1190 5074 merea
1215 5016 1351 5089 infirmata
1381 5029 1442 5074 runt
1465 5035 1520 5091 prce
1536 5019 1642 5090 ieiunio
1659 5014 1745 5091 (Pani.
1770 5016 1859 5086 curta),

226 5102 300 5157 risse
314 5101 472 5159 :tendere
494 5099 621 5174 feminam
647 5112 768 5168 tuarum,
794 5103 863 5157 sicut
885 5103 1013 5171 monilia,
1064 5122 1127 5164 eum
1137 5106 1282 5181 Evangelio
1293 5117 1363 5166 teste
1374 5108 1482 5183 (dani.
1496 5107 1545 5182 rr),
1557 5109 1698 5175 doceatur,
1709 5107 1744 5164 to
1764 5105 1861 5163 diebus

225 5212 285 5266 qaae
315 5196 446 5266 felmeum
478 5204 539 5251 tunt
568 5211 651 5251 manu
678 5197 788 5265 artificia
817 5194 918 5269 (Cant.
936 5198 1011 5269 ιιι).
1065 5197 1426 5255 etlllnoetihusilhristum
1438 5199 1583 5255 Dominum
1599 5198 1861 5272 ieiunasseageuua

228 5287 277 5343 ilhi
301 5288 417 5345 ducrum
441 5287 586 5344 concordia
613 5287 770 5357 populorum
796 5287 911 5360 spiritali
937 5289 1013 5359 prole
1065 5286 1379 5355 tamenelusinllrmata
1396 5304 1457 5344 esse
1476 5303 1530 5344 nou
1550 5289 1675 5361 legimus,
1693 5290 1860 5346 sedtantam

227 5376 404 5436 sanandorum
440 5380 469 5435 la
501 5378 630 5449 junctura
670 5376 798 5434 seminum
838 5380 1010 5451 designatur.
1065 5379 1185 5435 esurisse
1198 5379 1360 5436 declaratur.
1380 5380 1456 5435 liade
1471 5381 1495 5435 sl
1513 5381 1584 5436 lrauc
1601 5382 1716 5437 esuriem
1729 5380 1761 5437 ad
1772 5392 1861 5452 genua

226 5467 293 5536 Qua
319 5476 391 5526 stent
419 5472 530 5528 monilia
548 5470 683 5527 iahricata
700 5478 764 5527 snm
782 5486 863 5526 manu
881 5472 1013 5537 artificis,
1068 5472 1182 5539 Menas,
1196 5474 1223 5529 id
1236 5483 1289 5541 est,
1300 5474 1424 5545 corporis
1440 5473 1626 5539 stabilitatem,
1641 5475 1739 5545 quihus
1752 5485 1863 5542 semper

225 5557 316 5624 idem,
330 5559 460 5618 ineliahlli
482 5564 609 5637 largitate
629 5564 778 5621 conditoris
796 5565 881 5620 nostri
896 5564 1013 5619 innata.
1068 5565 1237 5621 insistimus:
1253 5572 1342 5635 potest
1355 5574 1534 5635 congruenter
1549 5564 1636 5634 aptari
1652 5565 1741 5620 minas
1756 5581 1763 5614 :
1776 5578 1820 5627 ue,
1835 5560 1863 5616 si

216 5645 255 5702 itt
281 5648 425 5707 emiliana
455 5667 540 5722 opera
568 5656 639 5709 hotta
668 5655 868 5725 etprinruntur.
904 5652 1015 5726 inguina
1069 5655 1121 5712 ltoe
1141 5654 1296 5726 scrupalum
1314 5654 1406 5719 morli,
1422 5653 1517 5710 melius
1528 5666 1618 5726 genita
1631 5654 1664 5711 ad
1677 5653 1762 5724 ipsias
1773 5664 1862 5707 merrt-
