4042 6200
202 354 238 409 itt
399 424 404 431 ,
700 353 744 408 tth
764 349 937 410 urttvnnso
956 349 1044 406 LlllRl
1063 350 1143 407 xtttt.
1165 382 1200 393 -
1219 351 1284 408 hill.
1301 352 1321 408 l.
1799 358 1835 414 an

203 469 337 539 ,ιιιιιιιιιιι
351 468 465 524 ordines
479 467 635 540 augelorum
646 475 674 524 et
684 467 829 537 dignitates
843 469 995 540 intelligun—
1007 470 1033 527 A
1047 465 1123 537 (Gen.
1138 467 1176 536 ι);
1190 468 1317 523 nimirum
1334 468 1478 525 ostendens
1498 470 1570 541 qaod
1588 478 1649 542 post
1664 472 1768 526 ruinam
1784 490 1835 533 ιιι.

203 572 255 616 tur.
277 561 309 616 Et
328 576 379 632 pro
397 562 451 616 bne
475 562 535 632 ipsa
557 561 744 617 distributione
763 559 929 626 olheiornm,
951 561 996 616 alii

202 650 304 716 throni,
319 650 364 706 alii
383 651 592 715 dominationes,
605 650 650 706 alii
669 651 845 721 principatus,
861 651 906 707 alil
919 659 995 720 pote·

201 751 287 797 states
301 742 445 807 dicuntur,
463 758 513 813 pro
529 743 611 797 certis
628 742 804 813 dignitatibus
816 741 914 811 quihus
927 741 997 796 inri-

200 847 259 886 eem
274 830 488 902 distinguuntur.
513 829 627 887 Virtutes
642 831 762 902 angelica
775 831 897 901 quadarn
917 830 996 885 mini·

199 921 283 975 steria
303 921 498 991 perhibentur,
518 936 566 991 per
584 936 652 991 quas
670 922 746 989 signa
768 932 796 975 et
814 920 943 975 miracula
967 920 994 975 in

200 1011 304 1065 mundo
317 1010 395 1076 liunt,
409 1019 520 1080 propter
534 1012 605 1080 quod
619 1021 646 1066 et
660 1012 774 1066 uirtutes
787 1011 923 1066 dicuntur.
940 1011 994 1065 Pn-

198 1110 307 1156 testates
320 1109 384 1155 suut
397 1103 496 1170 auibus
514 1102 629 1157 virtutes
643 1103 763 1158 adverse
779 1102 905 1173 subjectae
920 1111 992 1166 sunt,

199 1197 226 1244 et
243 1189 310 1244 inde
329 1198 492 1259 potestatam
507 1192 615 1246 nomine
628 1202 824 1262 nuncupantur,
841 1193 903 1262 quia
915 1192 993 1247 mali·

175 1280 244 1349 ‘grui
265 1279 385 1349 Spiritus
396 1296 490 1335 eorum
505 1290 638 1351 potestate
655 1290 824 1347 coercentur,
842 1299 876 1337 nc
889 1291 992 1337 tantum

198 1379 318 1424 noceant
330 1378 461 1439 astantum
475 1372 595 1440 cupiunt.
609 1370 763 1442 Pineipatrtr
775 1381 837 1427 sunt
849 1373 876 1427 hi
887 1374 932 1442 ant
946 1389 994 1426 an-

1046 558 1167 628 gelornm
1186 560 1317 615 malorum
1338 561 1365 615 hi
1381 561 1426 630 qtti
1439 571 1661 632 permanserunt,
1679 562 1833 618 flrtrritatota

1044 657 1153 703 {eternae
1162 650 1367 718 perseverantiae
1377 653 1514 707 consecuti
1525 660 1599 718 suot,
1610 652 1684 708 nullo
1690 653 1745 723 jam
1757 653 1833 723 lapsu

1045 738 1148 804 aversi,
1164 739 1235 793 nulla
1254 740 1377 810 superbia
1390 743 1538 798 cadeates:
1554 745 1601 798 sed
1616 745 1729 799 tirmiter
1743 744 1770 798 in
1785 745 1831 802 liei

1045 842 1138 882 amore
1152 836 1180 883 et
1191 832 1417 900 contemplatione
1431 843 1571 890 manentes
1588 835 1654 890 nibil
1669 836 1741 889 aliud
1756 836 1833 892 derlee

1045 919 1155 984 habent,
1168 922 1218 976 nisi
1233 937 1294 978 eum
1309 939 1323 977 a
1336 940 1390 995 quo
1402 926 1486 980 creati
1501 936 1572 983 sunt.
1585 927 1661 994 Quod
1673 936 1763 982 antem
1780 928 1833 985 duo

1044 1012 1179 1080 seraphim
1190 1012 1216 1067 in
1228 1013 1296 1069 lsaia
1311 1015 1443 1085 leguntur,
1454 1010 1599 1088 figuraliter
1610 1019 1715 1075 Veteris
1725 1028 1753 1074 et
1765 1019 1832 1076 Nori

1044 1103 1208 1161 Testamenti
1229 1106 1451 1178 significationem
1465 1114 1618 1168 ostendunt.
1639 1114 1701 1168 ldeo
1717 1131 1781 1169 rero
1797 1114 1834 1169 lu·

1044 1197 1113 1250 ciem
1135 1206 1163 1251 et
1185 1200 1267 1269 pcdcs
1288 1198 1336 1254 Dei
1359 1203 1502 1271 operiunt,
1526 1204 1588 1273 quia
1612 1205 1748 1274 preterita
1772 1216 1833 1261 ante

1044 1289 1188 1353 mundum,
1204 1298 1231 1342 et
1245 1288 1333 1344 lrtttrra
1353 1303 1415 1362 post
1433 1293 1561 1348 mnndum
1576 1295 1646 1349 scire
1666 1311 1718 1349 nou
1736 1311 1831 1366 possu-

1044 1395 1118 1442 mus,
1137 1382 1184 1435 sed
1204 1381 1291 1436 media
1313 1391 1416 1438 tantum
1435 1400 1528 1439 eornm
1544 1385 1697 1441 testimonio
1710 1397 1833 1442 contem·

196 1460 322 1528 getarum
337 1460 489 1530 agminibus
508 1470 627 1530 presunt
642 1480 648 1515 :
669 1462 715 1531 qni
728 1477 777 1532 pro
790 1477 823 1516 eo
838 1463 909 1532 qrrod
927 1464 991 1517 sub·
1042 1467 1156 1539 plamnr.
1178 1469 1281 1539 Singuli
1301 1486 1380 1527 senas
1397 1475 1454 1527 alas
1468 1474 1582 1539 hahent,
1602 1474 1665 1543 qrria
1679 1474 1711 1528 de
1728 1474 1829 1531 lubrica

196 1549 271 1604 ditos
283 1550 395 1621 angelos
408 1548 443 1604 ad
457 1550 616 1621 explendum
632 1553 789 1622 mysterium
804 1553 925 1607 divinum
939 1554 993 1609 dis·
1044 1566 1146 1613 tantum
1165 1560 1274 1625 mundi,
1295 1577 1355 1631 quae
1375 1562 1401 1616 in
1421 1578 1467 1618 ser
1492 1564 1585 1618 diebus
1610 1562 1680 1619 lacta
1704 1573 1780 1629 snut,
1802 1566 1830 1622 in

195 1649 316 1710 ponant,
328 1642 664 1712 prlncipatusrocabulnm
680 1654 852 1714 aeceperunt
865 1646 932 1700 Nam
945 1646 990 1700 alii
1041 1650 1167 1718 praesentl
1187 1649 1285 1705 saeculo
1303 1651 1436 1706 norimus.
1457 1651 1533 1720 Quod
1552 1654 1669 1708 clamant
1690 1662 1743 1719 ter,
1758 1654 1830 1710 Sas-

196 1742 263 1787 sunt
277 1750 324 1803 gur
317 1735 539 1801 admrutstrant
553 1737 598 1790 altr
609 1752 654 1806 qun
669 1737 805 1792 asststnnt
824 1737 892 1792 stent
904 1745 931 1791 et
943 1752 991 1806 per
1042 1749 1113 1803 etas,
1131 1740 1200 1794 alter
1219 1742 1253 1796 ad
1273 1742 1405 1809 alterum,
1419 1743 1603 1799 Trinitatisin
1621 1746 1831 1801 unadirinitate

196 1823 339 1879 Danielem
354 1823 478 1879 dicitur:
494 1824 581 1879 llillia
597 1825 707 1879 millium
720 1825 938 1881 raiaistrabant
914 1842 953 1891 et,
966 1835 990 1880 et
1005 1804 1029 1863 B
1042 1828 1209 1885 demonstrat
1220 1833 1386 1902 mysterium.
1402 1832 1454 1888 Sed
1468 1834 1532 1904 quid
1549 1835 1657 1905 pmdest
1672 1850 1719 1890 nos
1732 1838 1764 1890 de
1779 1852 1829 1891 an-

195 1913 408 1969 messeanam
428 1914 513 1969 millia
528 1915 682 1970 assistebant
702 1914 742 1968 illi
761 1915 842 1986 (Dan.
858 1915 917 1987 ru).
933 1914 990 1969 Do·
1041 1919 1135 1989 gelieis
1147 1920 1305 1990 spiritibus
1299 1932 1349 1977 rsta
1362 1924 1554 1995 perstringere,
1569 1925 1591 1980 si
1605 1942 1657 1981 non
1674 1927 1830 1983 studeamus

196 2004 357 2058 minaticum
370 2012 433 2060 sunt
446 2006 473 2061 hi
485 2007 530 2076 qui
548 2007 628 2062 etiam
640 2008 785 2063 virtutibus
798 2015 824 2063 et
835 2008 991 2079 principati·
1040 2006 1097 2064 haec
1113 2010 1195 2063 etlam
1210 2010 1243 2063 ad
1261 2019 1369 2066 nostros
1385 2013 1523 2082 proiectus
1537 2030 1654 2086 eongma
1674 2016 1831 2072 considera-

195 2093 249 2151 ltns
261 2094 452 2164 praemiacum
467 2097 512 2166 orti
527 2112 575 2167 pro
587 2098 698 2167 eoquod
713 2098 819 2153 eaeteris
833 2098 990 2168 angelornm
1040 2101 1113 2156 tione
1128 2100 1267 2156 derivare?
1279 2103 1347 2168 Quia
1361 2106 1433 2159 enim
1447 2122 1561 2176 superna
1575 2106 1619 2162 illa
1631 2109 1728 2164 atritas
1738 2125 1772 2164 ex
1782 2125 1830 2164 an-

195 2186 352 2252 agminibus
360 2187 748 2253 dominantur,rlominationes
758 2197 899 2244 vocantur.
909 2187 990 2242 Thro-
1039 2190 1106 2262 gelis
1117 2198 1145 2245 et
1158 2192 1312 2247 hominibus
1325 2202 1433 2249 constat
1452 2214 1458 2250 :
1473 2196 1507 2250 ad
1520 2212 1601 2267 quiam
1620 2206 1723 2253 tautum
1738 2198 1827 2254 credi-

197 2277 226 2329 ar·
240 2287 304 2332 suut
315 2279 423 2349 agmina
441 2279 598 2350 angelorum
615 2279 660 2351 qui
681 2279 777 2335 Latino
792 2279 899 2350 eloquio
917 2278 990 2334 sedes
1039 2300 1100 2340 mus
1114 2286 1261 2340 humanum
1274 2303 1361 2358 genus
1377 2291 1532 2359 ascendere,
1546 2302 1661 2363 utrantos
1675 2294 1729 2351 illie
1742 2295 1829 2351 eonti-

196 2369 340 2436 dieantnr3
356 2377 385 2425 et
398 2371 486 2426 vocati
502 2370 602 2435 throni,
615 2372 678 2441 qnia
693 2371 745 2426 illis
759 2371 884 2441 presidet
897 2369 989 2426 eondi—
1039 2374 1188 2445 gitelectos
1203 2377 1313 2447 angelos
1330 2381 1508 2447 remansisse;
1530 2382 1601 2437 sient
1616 2385 1745 2454 scriptum
1760 2396 1802 2441 est
1818 2404 1826 2441 z

196 2470 251 2525 tor,
264 2471 292 2516 et
304 2477 354 2532 per
367 2478 415 2517 eos
424 2462 525 2533 judicia
540 2478 587 2517 sua
603 2462 730 2533 disponit.
745 2460 884 2517 Cherubim
899 2471 988 2517 autem
1038 2462 1138 2518 Statuit
1149 2465 1273 2521 terminos
1285 2469 1400 2537 gentium
1413 2468 1555 2529 secandum
1569 2489 1706 2529 numeram
1720 2476 1826 2546 angelo·

195 2559 225 2605 et
237 2551 288 2620 ipsi
305 2551 435 2606 sublimes
448 2550 578 2606 eoelorum
592 2558 741 2621 potestates
758 2559 785 2605 et
801 2550 920 2620 angelica
938 2550 989 2605 uti-
1038 2564 1097 2601 runt
1111 2548 1162 2603 Dei
1178 2550 1264 2618 alteru.
1289 2555 1393 2618 xrxrr);
1415 2552 1545 2604 debemus
1559 2562 1588 2606 et
1607 2568 1657 2608 nos
1676 2552 1779 2624 aliquid
1794 2568 1829 2609 ex

196 2642 310 2697 misteria
319 2657 382 2697 esse
392 2642 630 2712 perhibenutr‚qrri
641 2658 675 2697 er
687 2641 820 2697 Hebraico
832 2642 858 2695 in
869 2641 987 2711 lingnam
1037 2643 1091 2699 illis
1107 2642 1327 2697 distinctionibus
1344 2657 1524 2711 supernorum
1535 2643 1635 2698 eitiunt
1648 2643 1681 2699 ad
1691 2660 1768 2700 usam
1778 2660 1830 2699 no·

195 2740 320 2787 suestram
348 2732 581 2803 interpretantur,
604 2732 719 2788 seientia
741 2731 892 2786 aruititado.
918 2730 988 2787 Sunt
1037 2742 1101 2790 stra
1112 2735 1327 2789 eottrersationis
1341 2736 1470 2799 trahere,
1487 2750 1591 2806 nosque
1606 2737 1679 2806 ipsos
1693 2737 1728 2791 ad
1741 2737 1832 2793 irrere-

196 2823 270 2879 enim
281 2822 440 2881 sublimiora
451 2822 559 2892 agmina
568 2822 739 2892 angelornm
750 2823 795 2892 qui
806 2836 854 2891 pro
863 2837 896 2877 eo
905 2822 985 2893 quod,
1038 2834 1128 2880 nirenta
1139 2825 1268 2880 uirtutum
1281 2828 1359 2882 bonis
1368 2829 1430 2882 stud
1442 2827 1465 2882 ir
1478 2827 1659 2883 inharnmure.
1671 2828 1740 2895 Quia
1756 2830 1830 2885 enim

197 2913 315 2968 vicinius
326 2913 419 2983 positi,
434 2913 525 2967 diriaa
538 2913 649 2967 seientia
662 2912 767 2967 caeteris
781 2912 895 2983 amplius
908 2913 986 2983 plena
1038 2916 1103 2972 illue
1121 2932 1270 2973 ascensura
1285 2920 1407 2974 ereditur
1423 2930 1497 2975 tattta
1514 2922 1660 2976 multitudo
1677 2923 1829 2993 harnidum,

197 3012 278 3066 satit,
292 3001 448 3063 Cherubim,
463 3002 491 3057 id
506 3011 546 3057 est
560 3001 693 3072 plenitudo
705 3003 834 3064 scientia,
850 3002 985 3073 appellan-
1036 3018 1137 3076 quatita
1147 3009 1829 3082 multitudoremansitangelorum,superestutipsi

197 3103 252 3148 tur.
264 3093 322 3163 lpsa
335 3103 398 3149 sunt
412 3092 455 3149 illa
475 3094 529 3149 duo
539 3092 664 3151 animalia
677 3108 758 3164 super
771 3093 985 3165 propitiatorium
1035 3103 1327 3173 qrtoqnehominesqni
1336 3105 1369 3160 ad
1383 3107 1521 3161 coelestenr
1534 3108 1648 3175 partam
1657 3109 1827 3175 redeuntum

195 3183 400 3240 armacenos
419 3184 548 3250 metallo,
562 3193 671 3255 propter
686 3184 889 3255 significandam
903 3200 985 3257 ange·
1034 3196 1077 3252 eis
1095 3196 1253 3268 agminibus
1275 3199 1390 3268 aliquid,
1413 3201 1477 3254 illnd
1493 3212 1671 3269 revertentes,
1689 3208 1828 3271 innitentes

197 3277 636 3348 taranprzcsenttam,tnqnornm
647 3275 984 3333 neutoostenuttaruens.
1040 3277 1133 3351 [Forte
1146 3278 1308 3353 imitentur].
1326 3280 1457 3339 Distincte
1474 3295 1590 3350 namque
1607 3280 1826 3336 conrorsationes

197 3364 337 3436 Seraphim
352 3381 459 3437 quoqne
470 3365 595 3422 similiter
608 3365 751 3423 multitudo
763 3374 805 3422 est
817 3366 985 3437 angelorum,
1038 3369 1178 3425 bominum
1192 3370 1359 3441 singulorum
1370 3371 1506 3441 agminum
1516 3370 1654 3426 ordinibus
1665 3378 1824 3439 congmunt,

195 3455 243 3525 qui
255 3470 291 3511 ex
304 3455 418 3510 Hebraeo
437 3456 464 3510 itt
483 3454 609 3511 bellunm
628 3455 749 3510 ardentes
765 3454 809 3509 tel
823 3454 986 3510 incendentes
1038 3469 1066 3516 et
1078 3461 1105 3515 in
1118 3475 1210 3515 eorum
1227 3469 1326 3515 sortem
1338 3476 1385 3531 per
1399 3460 1612 3516 conversationis
1624 3461 1824 3515 similitudinem

194 3549 418 3618 interpretantur.
434 3546 486 3615 Qut
501 3547 602 3603 ideireo
616 3545 742 3602 ardentes
756 3552 896 3609 uocantur,
914 3544 987 3615 qttod
1037 3551 1211 3623 deputantur.
1232 3550 1299 3605 Nam
1318 3558 1381 3606 sunt
1397 3550 1517 3621 plerique
1537 3551 1581 3620 qui
1601 3566 1682 3621 parra
1703 3551 1824 3621 capiunt,

195 3640 267 3695 inter
280 3646 366 3694 eoset
378 3639 463 3694 heum
477 3636 542 3693 nulli
554 3637 599 3693 alii
611 3637 697 3708 angeli
709 3636 876 3703 consistunt;
888 3645 916 3691 et
926 3634 986 3692 ideo
1038 3643 1084 3699 sed
1099 3650 1188 3696 tamen
1207 3642 1265 3697 hren
1281 3642 1373 3697 eadem
1392 3657 1475 3712 parra
1494 3642 1537 3711 pie
1555 3642 1715 3697 annuntiare
1734 3642 1826 3697 iratri-

194 3739 328 3800 qnaatnm
340 3728 456 3785 vicinias
473 3743 564 3784 eoram
577 3742 610 3784 eo
623 3728 791 3793 consistunt,
811 3735 886 3783 tanto
900 3727 987 3800 magis
1036 3731 1087 3787 bus
1101 3746 1154 3785 noa
1167 3731 1320 3786 desistunt:
1339 3730 1383 3785 isti
1399 3731 1489 3800 itamre
1509 3730 1536 3785 in
1559 3731 1712 3800 angelornm
1731 3745 1826 3784 nutste-

194 3821 320 3876 claritate
331 3821 415 3877 diuini
430 3820 539 3875 luminis
551 3818 761 3875 inflammantur.
773 3818 837 3873 llaec
851 3818 932 3889 igitur
941 3832 987 3873 ro·
1037 3836 1098 3877 rum
1112 3829 1234 3877 currunt.
1251 3821 1284 3875 Et
1296 3829 1359 3876 suut
1374 3820 1493 3875 notanulli
1506 3821 1566 3890 qui,
1582 3820 1680 3875 divinae
1693 3819 1825 3890 largitatis

181 3913 291 3969 ·eabula
304 3913 443 3984 agminum
455 3912 611 3983 angelorum
630 3911 667 3966 ita
681 3919 746 3967 sunt
758 3910 884 3981 specialia
896 3908 984 3966 ordini
1036 3925 1147 3966 munere
1158 3910 1263 3976 relecti,
1278 3918 1444 3966 secretorum
1459 3909 1608 3967 celestium
1621 3924 1725 3965 summa
1738 3918 1765 3965 et
1776 3925 1825 3964 ea·

194 4003 378 4073 singolorum,
399 4011 428 4056 ut
442 4011 532 4057 tamen
550 4001 604 4056 sint
619 4009 744 4071 exparte
757 4000 908 4056 communia
924 4014 984 4054 om·
1036 4015 1101 4070 pere
1117 3999 1262 4071 prevaleat
1278 4008 1305 4055 et
1324 4001 1449 4055 nuntiare
1469 4019 1476 4053 :
1498 4015 1551 4070 qno
1572 3998 1671 4070 [horte
1690 3998 1825 4068 qrtomodo

195 4093 279 4148 nium.
298 4092 365 4147 nna
381 4091 468 4165 [tinet]
486 4093 592 4156 throni,
607 4092 655 4149 liei
666 4092 753 4156 sedes,
769 4091 795 4146 in
807 4089 985 4163 qrtorurndam
1035 4092 1077 4150 hie
1092 4102 1116 4151 et
1129 4090 1211 4168 inira]
1225 4105 1290 4165 ergo
1310 4091 1354 4148 isti
1373 4106 1426 4146 nnn
1445 4090 1516 4148 inter
1533 4087 1755 4160 areliangelomrn
1772 4103 1822 4143 nu·

194 4183 349 4255 angelomum
365 4184 460 4239 ordine
473 4183 624 4254 specialiter
640 4183 824 4258 destgneutur,
842 4195 931 4244 tamen
944 4185 985 4241 dl·
1036 4201 1140 4242 memm
1153 4185 1333 4255 deputantur?
1347 4184 1382 4238 Et
1394 4192 1457 4238 sunt
1473 4183 1517 4252 qui
1533 4182 1602 4236 mira
1615 4180 1732 4244 iaciunt,
1746 4179 1823 4251 signa

193 4278 264 4332 eitnr
284 4293 334 4348 per
356 4278 558 4334 Psalmistams
584 4277 635 4345 Qnt
654 4279 727 4334 sedes
752 4295 830 4350 saper
851 4279 984 4333 cherubim
1036 4275 1158 4331 valenter
1168 4282 1337 4344 operantur
1352 4288 1406 4342 qno
1420 4272 1501 4340 igitur
1515 4269 1569 4335 isti,
1584 4269 1679 4325 nisiad
1695 4283 1825 4338 superna-

194 4364 281 4436 (Psat.
299 4366 402 4438 exsta)
419 4367 473 4423 Sed
492 4368 552 4424 ideo
570 4368 613 4423 isti
631 4368 740 4424 ordines
762 4367 995 4458 angetorngnprt-
1036 4380 1096 4426 unu
1107 4365 1531 4466 girtategttsortemetmtmerum
1543 4360 1824 4432 congruuntth‘tsnnt

195 4458 263 4512 ratis
275 4457 430 4514 nominibus
441 4456 618 4527 appellantur,
630 4458 692 4526 quia
703 4457 773 4514 hoe
766 4472 854 4529 tpsnm
861 4438 1026 4560 ιιιιῑιίιιιιὍ
1036 4442 1189 4525 seinata·
1164 4470 1254 4530 qut
1211 4437 1323 4533 etiam
1327 4455 1374 4508 dd
1387 4451 1506 4508 ebbessis
1517 4450 1675 4522 corporibus
1692 4450 1824 4519 malignos

194 4547 221 4602 ia
237 4548 347 4618 proprio
362 4547 459 4602 ordine
475 4546 580 4616 plenius
598 4554 780 4617 acceperunt:
799 4553 826 4599 et
846 4561 908 4600 eum
926 4545 981 4601 sint

193 4638 321 4693 omnibus
333 4637 421 4692 ollicia
436 4638 601 4703 eommunia,
615 4636 723 4707 proprie
737 4644 834 4712 mmen
837 4643 864 4690 et
873 4635 981 4692 nonina

193 4730 252 4785 suis
267 4729 407 4784 ordinibus
430 4727 602 4800 deputantur.
624 4726 777 4796 Unicuique
789 4697 890 4791 enim,
897 4702 986 4783 ‘'iseut

194 4821 352 4891 praedictam
369 4827 426 4885 est,
443 4820 551 4890 propria
572 4817 660 4876 officia
680 4817 983 4889 marinorumque

194 4911 375 4982 promeruisse
389 4924 437 4966 eos
452 4909 478 4964 in
489 4908 581 4964 mundi
591 4915 697 4965 onustat
707 4908 827 4964 exordio.
840 4907 907 4962 Nam
919 4907 982 4977 quia

194 4999 283 5071 angeli
295 5008 324 5056 et
343 4999 410 5055 loeis
425 5007 454 5054 et
470 4998 624 5054 homiuibus
636 5007 770 5069 praesnut.
784 4999 923 5069 propheta
941 5005 982 5054 te·

194 5100 282 5145 natur
297 5088 409 5160 angelus
427 5089 542 5144 dicens:
558 5085 683 5159 Princeps
697 5090 769 5158 regni
782 5084 925 5143 Persarum
940 5104 982 5144 re·

192 5181 259 5236 stitit
271 5180 336 5234 mihi
346 5178 428 5250 (Dan.
441 5177 480 5244 xi.
494 5178 569 5234 Unde
580 5185 692 5248 apparet
704 5176 806 5232 nullom
819 5191 880 5234 esse
893 5177 981 5233 locum

194 5269 237 5323 eui
255 5269 342 5340 angeli
360 5283 414 5323 non
434 5279 562 5337 praesunt.
578 5268 628 5324 llie
645 5275 687 5323 est
706 5269 772 5322 ordo
785 5266 829 5322 rel
845 5266 983 5322 distinctio

192 5357 366 5428 angelorum,
380 5356 427 5425 qrri
443 5364 506 5426 post
523 5354 626 5424 lapsum
640 5354 771 5414 malornm
786 5354 812 5414 in
825 5353 926 5409 caelesti
938 5351 983 5421 ju-

191 5465 258 5521 gore
270 5446 306 5522 [F
307 5457 364 5502 orte
377 5444 677 5517 rigore1perstiternnt.
691 5443 758 5499 Nam
769 5451 910 5516 postquam
918 5458 983 5512 apo-

191 5549 269 5600 stata
290 5537 382 5610 angeli
404 5535 581 5600 ceciderunt,
604 5534 631 5589 hi
655 5533 855 5604 perseverantia
875 5542 983 5588 aeternae

191 5632 368 5689 beatitudiuis
383 5628 493 5685 solidati
515 5637 587 5683 sunt.
607 5626 683 5683 llnde
700 5635 728 5683 et
747 5633 808 5697 post
826 5625 887 5681 caeli
906 5640 983 5680 crea*

192 5729 290 5786 nonem
315 5727 344 5782 in
366 5722 502 5794 principio
522 5721 651 5794 repetitur
676 5719 764 5776 :Fiat
787 5721 981 5788 hrntatnrntaut

1034 4546 1145 4616 spiritns
1158 4544 1270 4613 lugent,
1283 4519 1394 4613 eosrsue
1404 4543 1504 4597 uirtute
1521 4542 1651 4597 orationis
1662 4550 1690 4597 et
1706 4542 1732 4596 ri
1746 4557 1825 4597 acee-

1016 4646 1102 4734 pta
1107 4634 1259 4719 potestatis
1265 4631 1416 4723 egimusne:
1416 4647 1494 4729 sqtta
1517 4632 1608 4701 itaque
1631 4630 1675 4686 isti
1696 4631 1821 4686 meritum

1034 4737 1130 4792 snum,
1149 4716 1296 4798 nisiinter
1287 4703 1422 4798 passini
1421 4705 1652 4807 ecs‘lpotestatum]
1673 4720 1821 4775 caelestium

1034 4830 1176 4873 numerum
1197 4814 1365 4870 sortiuntur?
1382 4812 1416 4867 lit
1434 4820 1496 4867 snut
1513 4809 1632 4865 nonnulli
1644 4809 1689 4878 qni
1704 4808 1820 4878 acceptis

1034 4908 1179 4963 virtutibus
1196 4905 1279 4960 etiarn
1298 4903 1444 4960 electorum
1462 4901 1601 4958 hominurn
1618 4899 1713 4955 merita
1733 4907 1821 4954 trans·

1035 4999 1167 5062 cendunt3
1179 5010 1295 5066 eumque
1306 5003 1334 5049 et
1346 4993 1425 5050 bouis
1435 4992 1560 5048 meliores
1572 4998 1644 5054 sunt,
1656 4988 1747 5044 electis
1757 5003 1824 5057 qno-

1035 5103 1088 5157 que
1109 5084 1238 5142 lratrihus
1258 5082 1446 5155 principantur
1466 5100 1474 5137 ε
1494 5095 1548 5150 quo
1569 5094 1633 5150 ergo
1653 5076 1698 5132 isti
1721 5086 1820 5132 sortem

1035 5193 1128 5241 suam,
1150 5176 1199 5231 nisi
1218 5175 1289 5229 inter
1307 5173 1508 5244 principatuum
1529 5183 1692 5234 numerum,
1710 5181 1822 5237 accepe-

1035 5268 1115 5323 runtl
1129 5266 1164 5321 Et
1178 5272 1239 5320 sunt
1258 5262 1379 5320 nonnulli
1391 5262 1438 5332 qui
1453 5260 1493 5316 sie
1511 5260 1538 5315 in
1551 5256 1702 5327 semetipsis
1718 5257 1823 5311 eunetis

1035 5358 1108 5414 uitiis
1120 5356 1298 5424 omnibusque
1309 5352 1450 5409 desideriis
1459 5352 1642 5414 dominantur,
1653 5359 1684 5403 nt
1692 5347 1752 5418 ipso
1759 5346 1823 5416 jure

1036 5448 1175 5504 munditiae
1194 5446 1231 5502 dli
1253 5446 1325 5502 iuter
1345 5444 1468 5500 homines
1488 5451 1636 5507 recentum
1657 5441 1771 5497 undeet
1789 5440 1821 5496 ad

1036 5540 1144 5610 llayscn
1156 5537 1256 5592 dieitur
1273 5535 1363 5590 :Erae
1381 5533 1505 5588 constitui
1523 5543 1548 5588 te
1570 5532 1653 5587 Deam
1673 5531 1821 5588 Pharaonis

1037 5627 1135 5699 (linari.
1150 5626 1199 5695 ru)
1217 5642 1223 5679 :
1242 5640 1296 5695 quo
1313 5638 1378 5695 ergo
1393 5622 1453 5687 isti,
1474 5622 1525 5679 nisi
1545 5622 1616 5678 inter
1633 5636 1760 5677 numeros
1773 5620 1821 5676 do·

1037 5720 1196 5786 trtittatuum,
1210 5715 1340 5774 currunt?
1354 5716 1388 5773 Et
1401 5724 1465 5772 sunt
1478 5713 1597 5772 nonnulli
1609 5714 1664 5783 arti,
1676 5716 1739 5767 dunt
1754 5711 1820 5768 sttn·
