4042 6200
22 308 23 329 ,
108 265 143 321 ii
615 255 661 312 lili
680 249 854 312 UNll’EhSO
873 245 962 304 Lillili
981 244 1064 300 xxti.
1084 276 1116 284 —
1137 246 1200 302 tib.
1222 248 1266 305 tlt.
1716 259 1752 315 53

111 386 277 437 moerent.
292 374 451 431 dlirnelccb
465 390 530 430 reru
541 372 613 429 bitus
624 370 729 427 ancille
744 379 837 441 typum
850 365 907 425 An·
922 365 946 425 A
960 364 1056 422 edecta
1073 374 1124 431 est,
1140 366 1268 423 Ecclesia
1282 369 1384 427 Christi
1401 380 1491 443 typum
1509 380 1591 437 tenet,
1605 334 1666 446 guae
1677 377 1753 447 prius

22 502 23 511 ι
114 471 227 528 acmen
242 477 362 540 portasse
380 468 555 536 intelligitur,
571 466 617 536 qui
635 462 808 534 congregatis
821 458 912 530 percli-
962 458 990 515 in
1009 459 1134 527 gentibus
1148 468 1204 514 erat
1222 460 1339 526 sterilis,
1366 479 1439 517 nunc
1465 463 1576 534 largiter
1598 466 1680 535 pollet
1704 484 1755 538 per

114 564 151 618 tis
161 557 315 616 mamutius
332 573 447 630 rognum
467 556 520 612 sibi
539 555 662 624 improbe
685 549 838 622 usurpabit,
853 561 912 601 om·
962 547 1119 603 unircrsom
1132 558 1233 604 terrem
1247 551 1323 622 prole
1336 551 1516 609 innumerose
1535 554 1716 613 fecunditatis.

115 667 214 723 umque
227 658 334 706 sanctos
347 649 374 703 ri
387 657 414 704 et
435 646 642 718 persecutione,
666 642 795 711 omnique
816 638 913 695 crude·
997 640 1057 698 Heli
1072 641 1266 710 interpretatur
1285 642 1356 698 Drus
1367 660 1450 699 meos.
1463 644 1513 700 llic
1523 644 1650 701 sacerdus
1661 662 1754 717 repro·

118 745 192 799 litate
201 741 355 798 trucidabit.
374 738 512 794 iuuatbau
530 754 596 793 reru
604 736 698 807 junior
708 734 793 806 ligura
805 740 915 787 sancto·
963 729 1042 785 butus
1055 729 1234 801 abjectionem
1248 733 1391 790 sacerdotii
1403 737 1503 790 veteris
1518 736 1670 792 testamenti
1687 752 1754 807 pae-

119 849 178 888 ram
202 831 260 886 luit.
285 829 361 885 Sicut
384 828 459 884 enim
477 827 617 884 ionuthnn
626 841 675 896 per
684 823 775 896 lugam
789 820 911 884 recessit,
964 821 1104 892 tigrinum
1120 825 1184 894 quia
1198 824 1261 879 licet
1275 824 1339 879 illud
1356 827 1442 881 abeo
1456 840 1505 897 per
1525 826 1635 899 hioyseu
1659 844 1757 884 secuu-

120 935 145 980 et
160 923 254 992 rebrpui
278 920 414 976 interlecti
432 929 497 974 sunt
511 918 620 981 iratres,
643 917 682 971 sic
701 929 781 969 nemo
797 910 912 966 eradere
963 914 1025 967 dum
1049 923 1155 984 tempus
1168 918 1321 972 ordinatum
1335 917 1440 984 luisset,
1457 928 1545 975 amen
1563 935 1616 974 uon
1630 935 1757 991 peruran-

120 1015 214 1084 paterit
223 1010 438 1085 persecutionem
451 1007 624 1072 Antichristi,
633 1006 685 1062 nisi
698 1005 744 1075 qui
758 1018 805 1075 per
819 1000 910 1072 lugam
962 1005 998 1058 sit
1010 1047 1018 1071 ,
1032 1006 1097 1075 quia
1110 1005 1181 1060 aliud
1195 1007 1293 1062 melius
1316 1007 1437 1063 lntnrum
1456 1021 1517 1065 erat
1531 1017 1561 1064 nt
1574 1009 1602 1065 iu
1623 1018 1756 1067 retemum

22 1114 23 1153 l
120 1104 271 1168 reoesserit,
287 1109 315 1158 ct
333 1102 361 1155 iu
384 1109 505 1156 montem
528 1095 724 1155 benedictionis
747 1089 909 1148 ascenderit.
960 1098 1272 1168 permanerettilomiui
1287 1098 1582 1156 videlicetuostrilcsu
1597 1100 1756 1167 ebrietate

22 1194 23 1197 ’
119 1197 331 1261 Bicestmons,
347 1211 426 1267 quem
450 1195 540 1250 sancti
556 1191 773 1255 circumdabant,
789 1202 869 1258 quem
884 1193 913 1241 ct
962 1203 1016 1258 quo
1031 1188 1161 1258 scriptum
1176 1196 1238 1243 est:
1255 1188 1331 1244 Tres
1344 1191 1504 1245 sacerdocio
1524 1200 1756 1249 aternantreeoa·

120 1296 226 1344 muetos
248 1286 354 1357 ttoyses
369 1287 396 1341 iu
410 1284 655 1353 benedictionibus,
679 1280 750 1337 sicut
759 1278 816 1349 jam
829 1291 909 1346 supe-
961 1277 1025 1331 duni
1040 1278 1158 1332 ordinem
1169 1278 1359 1334 Melchisedech
1372 1278 1459 1351 (Psoi.
1473 1281 1541 1354 err).

120 1381 176 1434 rius
186 1379 350 1442 dictumest,
365 1377 394 1432 in
407 1375 617 1432 Deuteronomio
629 1372 729 1444 posuit.
969 1389 971 1393 ·
995 1367 1094 1438 Opbui,
1112 1369 1292 1436 discalciatus,
1311 1369 1382 1425 lrlius
1402 1370 1474 1425 euim
1489 1370 1546 1425 lleli
1566 1370 1629 1438 luit,
1651 1371 1756 1429 clectus

153 1460 907 1539 Thola,quiinterpretatureenaieaium,relcoccinum,
960 1459 988 1514 in
1017 1459 1198 1514 ministerium
1217 1460 1379 1525 sacerdotii,
1402 1458 1478 1528 errius
1503 1460 1676 1518 autimionem
1705 1477 1756 1519 suo

119 1559 370 1632 fignificatcosqui
391 1558 506 1628 geminae
528 1554 670 1612 charitatis
687 1553 786 1608 ardore
800 1548 907 1605 accensi
960 1552 1095 1623 expressit
1112 1552 1251 1607 vocabulo.
1280 1551 1425 1622 Apostolus
1448 1553 1521 1607 enim
1547 1553 1586 1609 ait
1609 1571 1615 1608 :
1641 1553 1754 1609 Culeiati

118 1654 185 1708 bene
196 1652 325 1706 ducatum
343 1649 435 1721 populi
449 1647 595 1705 Christiani
607 1651 713 1719 gerunt.
959 1643 1036 1712 pedes
1051 1643 1080 1697 ia
1099 1642 1291 1713 preparatione
1306 1641 1443 1712 Evangelii
1458 1644 1531 1712 pacis
1566 1643 1699 1715 (Epllmt).
1722 1644 1756 1699 Et

153 1743 277 1814 trimani
292 1743 489 1813 interpretatur
507 1739 682 1805 illuminans,
707 1736 753 1793 hic
774 1724 1098 1806 significatBPropheta
1119 1746 1127 1784 :
1151 1730 1238 1797 Quam
1264 1733 1375 1802 speciosi
1404 1732 1499 1803 pedes,
1526 1735 1571 1805 qui
1595 1735 1755 1789 annuntiant

121 1836 322 1905 netenprosen
337 1841 471 1899 nostrum,
486 1832 532 1902 gui
555 1832 609 1888 dux
624 1838 652 1887 et
675 1845 723 1885 rex
750 1835 789 1885 est
818 1825 909 1897 populi
960 1822 1072 1891 paceni!
1085 1818 1162 1893 (lsai.
1183 1820 1242 1892 ιιι.)
1263 1820 1316 1875 lste
1341 1837 1405 1892 erga
1430 1822 1608 1878 discalceatus
1622 1824 1755 1894 interpre-

123 1924 273 1981 Clnistiaui.
301 1923 379 1993 Quod
399 1924 470 1980 hcue
494 1924 551 1993 ipsa
575 1923 762 1978 demonstrant
787 1918 908 1974 normae.
961 1919 1045 1977 tatur,
1066 1921 1097 1966 ut
1110 1911 1169 1981 ejus
1193 1911 1302 1969 nomine
1326 1913 1426 1968 ceteris
1447 1915 1602 1969 testamenti
1626 1913 1753 1970 sacerdo·

124 2015 256 2071 laireaim
271 2015 466 2085 interpretatur
479 2015 641 2077 illuminans,
653 2011 788 2069 etGaiaad
802 1990 909 2065 arerent
960 2003 1028 2057 tium
1041 2018 1055 2055 t
1069 2001 1154 2056 veleri
1170 2002 1268 2072 populo
1279 2001 1478 2073 significaretur
1489 2004 1618 2060 ablatum·

125 2108 266 2160 mimoni.
281 2106 441 2161 illuminans
458 2105 636 2162 benedicitur
654 2102 907 2165 beniaminae,
995 2092 1111 2149 Phineos
1139 2108 1221 2162 super
1242 2092 1331 2163 bpbui
1356 2112 1384 2148 as
1413 2105 1515 2148 mutum
1539 2097 1752 2166 interpretatum
1774 2128 1779 2132 ·

125 2198 156 2251 de
166 2213 215 2266 quo
230 2198 362 2267 scriptum
384 2205 427 2251 est
447 2196 476 2251 in
500 2194 664 2261 Evangelio:
680 2192 747 2248 Erat
761 2192 808 2247 ira
825 2207 907 2257 uera,
959 2203 1013 2259 quc
1031 2188 1201 2259 significatur
1213 2189 1357 2245 sacerdotii
1374 2189 1474 2245 veteris
1487 2199 1515 2245 et
1527 2191 1656 2246 doctrine
1669 2192 1753 2247 silen-

123 2309 177 2362 μ
199 2291 330 2346 {irminae
351 2308 453 2346 omnm
471 2291 602 2346 immanem
622 2289 764 2345 walemeis
787 2289 817 2343 tn
839 2288 909 2343 tune
955 2266 1038 2335 lium.
1050 2279 1082 2335 lli
1094 2295 1158 2352 ergo
1169 2279 1339 2345 sacerdotes,
1352 2280 1399 2351 qui
1411 2290 1489 2350 capta
1503 2295 1536 2335 ex
1549 2282 1675 2352 gentihus
1688 2298 1752 2338 arca

124 2381 242 2434 undem
253 2378 345 2450 (ioan.
361 2379 398 2451 r);
410 2386 437 2433 et
453 2379 487 2433 ad
508 2394 588 2448 quem
600 2378 634 2432 iu
649 2375 761 2447 psalmis
772 2375 908 2445 Propheta
958 2378 1090 2451 perempti
1106 2385 1178 2442 sunt,
1194 2377 1303 2448 signant
1321 2377 1508 2448 posteritatem
1522 2377 1666 2432 sacerdotii
1678 2378 1751 2449 prio-

125 2470 177 2522 ait:
196 2468 354 2523 illuminaus
382 2479 409 2522 tu
434 2467 589 2522 mirabiliter
613 2484 630 2521 a
653 2466 784 2521 mantibus
803 2465 909 2537 ceteruia
959 2470 998 2526 ris
1021 2467 1104 2524 luisse
1128 2468 1302 2530 exstinetam,
1327 2477 1355 2523 ct
1373 2467 1442 2539 legis
1469 2474 1661 2524 testamentum
1688 2484 1751 2524 esse

125 2557 206 2629 (Paul.
220 2559 311 2631 uxr).
327 2559 379 2614 llic
396 2574 462 2629 crgo
481 2573 515 2613 ex
530 2557 632 2614 Galaad
645 2565 697 2621 est,
711 2556 774 2627 quia
789 2571 823 2611 ex
835 2554 909 2611 Seri·
960 2560 1120 2616 translatum
1134 2561 1168 2616 ad
1183 2559 1285 2618 cultum
1300 2561 1433 2632 gentium.

123 2649 205 2717 pruris
224 2651 311 2705 sacris
324 2649 384 2719 ejus
407 2648 502 2705 notitia
521 2648 689 2719 percipitur:
707 2661 787 2716 utrem
802 2645 848 2717 qui
872 2645 909 2700 ihi
995 2649 1104 2706 Samuel
1126 2651 1321 2720 interpretatur
1337 2666 1432 2705 nemea
1448 2649 1505 2720 ejas
1532 2650 1611 2705 Deus.
1635 2650 1685 2707 llic
1708 2667 1752 2708 rc·

124 2742 202 2797 eorm
212 2739 601 2812 creduloqurerit,sinedubio
615 2738 729 2793 invertit.
959 2743 1072 2812 probato
1096 2742 1155 2798 IIeli
1178 2743 1205 2798 in
1237 2742 1389 2797 ministerio
1425 2744 1584 2798 sacerdotali
1611 2747 1751 2801 successit.

157 2830 248 2901 lepbte
259 2832 305 2901 qui
318 2831 512 2901 interpretatur
524 2829 651 2900 aperiens,
666 2828 708 2883 rel
722 2838 840 2899 opertaen
859 2836 907 2881 est
959 2831 1027 2886 Nori
1043 2832 1187 2887 sacerdotii
1206 2832 1404 2888 successionem
1422 2832 1528 2901 abiecto
1551 2835 1636 2890 reteri
1662 2851 1753 2893 sacm-

125 2918 171 2974 llic
189 2930 248 2990 past
263 2922 404 2976 victoriam
425 2920 508 2976 tiliam
527 2920 696 2984 immolarit,
720 2918 909 2990 Redemptcris
958 2923 1033 2978 dotia
1047 2921 1248 2993 praenuntiatit.

22 3046 23 3049 ,
125 3013 262 3067 estradens
274 3012 403 3083 liguram
423 3010 578 3082 quralacre
591 3010 705 3065 lralrnm
724 3025 854 3077 suorum,
880 3011 908 3068 id
993 3016 1057 3081 lsai,
1070 3017 1116 3086 qui
1135 3016 1328 3086 interpretatur
1344 3018 1438 3072 insola
1460 3019 1636 3089 sacrificium,
1653 3020 1720 3075 rel
1710 3038 1752 3077 ra-

126 3115 179 3171 est,
189 3106 340 3163 iudeorum
353 3108 525 3173 abscedens
541 3108 568 3163 iu
586 3108 714 3180 gentihus
725 3108 906 3178 principatum
920 3080 943 3144 C
959 3123 1076 3173 eausam,
1102 3105 1229 3177 papulum
1253 3106 1388 3180 significat
1406 3110 1540 3179 priorem,
1554 3110 1599 3180 qui
1614 3124 1663 3180 per
1674 3124 1750 3166 mare

127 3195 237 3265 aoeepit3
251 3197 295 3266 uui
308 3197 400 3252 omnia
413 3196 538 3252 humente
552 3196 647 3252 salutis
666 3204 835 3252 sacramenta
851 3206 910 3252 tau·
952 3196 1080 3263 ¹Rubrum
1101 3212 1151 3268 per
1165 3197 1275 3269 lioysen
1290 3196 1453 3265 translatus,
1476 3200 1639 3258 sacrificium
1654 3216 1751 3257 scetrm

128 3300 201 3354 marn
213 3287 319 3354 juratus
331 3287 464 3358 explerit,
489 3296 516 3343 et
530 3287 606 3357 quasi
622 3286 724 3349 liliam,
749 3288 787 3341 ita
799 3303 909 3362 caruem
959 3285 1023 3341 dum
1037 3286 1124 3359 legem
1140 3287 1197 3343 bec
1207 3288 1330 3343 exhibuit
1351 3288 1378 3344 iu
1401 3288 1518 3346 demeto.
1535 3291 1573 3345 De
1586 3306 1639 3360 quo
1651 3305 1749 3347 secun·

127 3375 256 3445 propriam
268 3391 320 3446 pro
333 3376 421 3431 salute
432 3375 515 3432 lsrael
530 3375 644 3431 Domino
666 3374 775 3431 obtulit.
799 3373 909 3431 iurasse
959 3378 1022 3433 dnm
1038 3392 1147 3433 carnem
1167 3386 1299 3434 natusest
1313 3379 1397 3434 David
1410 3387 1518 3445 noster,
1532 3380 1663 3455 Domitius
1674 3379 1749 3435 ride·

129 3462 194 3518 Patri
206 3465 371 3536 unigenitum
383 3466 497 3538 legimus
506 3465 611 3537 psalmo
625 3466 731 3521 dicente
752 3482 758 3518 :
779 3463 853 3519 Sient
864 3465 910 3534 ju·
958 3471 1021 3527 ticet
1033 3469 1111 3527 iesus
1134 3471 1268 3537 christus,
1286 3471 1333 3542 qui
1350 3478 1393 3526 est
1405 3471 1462 3526 ilex
1477 3487 1570 3544 regum
1582 3479 1609 3527 et
1621 3471 1752 3527 Dorninns

132 3558 418 3624 cinabarensium
438 3561 504 3614 acuit
520 3559 574 3613 lieo
593 3558 676 3613 iacal
692 3554 779 3630 (Pral.
793 3555 907 3628 exrxr);
959 3560 1166 3616 dominantium.

132 3649 260 3704 redicetut
271 3658 471 3704 sacramentum
486 3649 622 3722 religionis
636 3649 663 3705 in
676 3648 766 3705 camis
781 3664 835 3705 suae
848 3663 910 3719 pas·
995 3648 1060 3706 Saul
1083 3651 1172 3720 petitia
1190 3650 1393 3720 interpretatur.
1417 3648 1517 3705 Notum
1533 3658 1575 3706 est
1585 3650 1656 3706 enim
1674 3653 1746 3720 quod

27 3733 31 3742 '
134 3739 256 3812 sieueprc
269 3742 357 3797 salute
371 3742 477 3814 generis
490 3741 601 3796 humani
613 3741 742 3825 expleret.
917 3799 920 3804 ,
959 3739 1133 3796 Hebraeorum
1145 3738 1259 3809 populus
1272 3755 1335 3794 eum
1347 3739 1399 3793 sibi
1416 3754 1505 3810 regem
1519 3747 1624 3809 peteret
1634 3748 1661 3794 et
1674 3754 1751 3795 accc-

162 3830 268 3888 Samson
279 3834 474 3903 iuterpretatur
483 3829 523 3887 sol
531 3832 681 3897 caramuel
691 3831 755 3887 solis
769 3832 907 3902 lenitudo.
959 3834 1007 3904 pit,
1024 3848 1076 3889 non
1088 3833 1236 3890 secuudum
1256 3831 1352 3896 licum
1375 3832 1421 3887 sel
1436 3831 1584 3887 secundum
1608 3846 1685 3887 suam
1703 3845 1752 3886 ro-

135 3920 186 3976 iait
196 3925 264 3979 euim
278 3925 380 3979 rirtote
393 3924 494 3991 clarus,
510 3932 538 3980 ct
551 3923 673 3978 liberarit
683 3923 766 3979 lsrael
778 3924 812 3979 de
822 3924 907 3980 hosti·
959 3924 1100 3980 luntatem.
1121 3922 1172 3980 llic
1193 3938 1240 3977 rex
1255 3920 1359 3979 ludoici
1375 3922 1466 3994 populi
1483 3923 1603 3978 insinuat
1619 3924 1750 3992 reproba-

31 4071 36 4084 ,
134 4013 195 4066 bas:
211 4012 357 4070 silvatoris
371 4014 456 4069 nostri
472 4022 586 4069 mortem
605 4021 632 4068 et
653 4013 795 4068 victoriam
810 4013 908 4083 ligura·
960 4013 1083 4079 tionem,
1104 4012 1162 4068 sire
1190 4013 1309 4083 ejusdem
1332 4012 1422 4082 populi
1455 4011 1676 4080 aemulationem,
1702 4011 1749 4081 qui

30 4091 35 4110 '
133 4102 174 4168 rit,
185 4103 312 4175 sirequiu
325 4104 360 4160 de
373 4103 497 4160 lancibus
510 4103 608 4159 diaboli
622 4103 802 4176 gentesquasi
818 4102 908 4160 larum
961 4105 1061 4171 David,
1083 4105 1109 4160 id
1125 4112 1177 4170 est,
1191 4104 1328 4160 Christum
1350 4102 1451 4172 injusto
1467 4101 1750 4172 judiciocouatusest

30 4203 35 4220 ·
132 4191 161 4245 ab
170 4208 214 4247 ore
226 4196 351 4265 precepti
362 4194 448 4250 leonis
459 4195 601 4259 abstraxit,
617 4196 674 4252 sire
686 4193 749 4267 quia
761 4203 823 4265 post
836 4211 909 4252 mor·
958 4193 1082 4265 perdere.

132 4284 283 4355 templares
306 4285 449 4352 lucratur,
472 4286 657 4358 plurimosque
684 4286 803 4342 moriens
826 4302 907 4358 quam
995 4282 1099 4338 barid
1092 4289 1285 4350 interpretatur
1298 4281 1375 4351 [artis
1390 4297 1471 4334 mana
1479 4282 1594 4351 u,tiguc
1613 4280 1676 4352 quia
1697 4280 1750 4336 lor·

30 4395 35 4418 ι
130 4373 345 4431 risuserstiuxit
959 4374 1079 4431 tissimus
1091 4373 1118 4428 in
1134 4373 1233 4444 praeliis
1248 4371 1330 4439 luit,
1323 4389 1380 4443 ipse
1390 4373 1631 4431 etdasideraiilir'
1624 4391 1651 4430 m
1666 4376 1750 4446 stirpe

159 4463 247 4531 batia,
261 4474 323 4536 quai
337 4466 530 4535 interpretatur
540 4465 708 4537 paupercuia,
725 4465 766 4523 rel
779 4467 869 4532 situla,
881 4474 909 4523 et
958 4465 1063 4522 scilicet
1081 4480 1152 4531 sua,
1174 4465 1207 4521 dc
1224 4479 1276 4534 qna
1303 4464 1465 4535 predixerat
1483 4464 1616 4535 propheta
1632 4483 1639 4520 ι
1658 4463 1749 4520 Veniet

130 4549 232 4608 Samson
256 4554 389 4608 verticem
404 4553 562 4618 decalvavit,
578 4554 749 4626 synagogam
763 4556 906 4628 siguificat,
958 4556 1121 4612 desideratus
1137 4554 1367 4626 concrepantibus
1385 4554 1462 4625 (App.
1478 4553 1520 4627 ιι).
1534 4554 1584 4611 llic
1599 4553 1750 4611 salvatoris

128 4658 179 4712 gre
191 4641 326 4699 Christum
340 4644 366 4697 iu
381 4642 441 4699 loeo
455 4642 586 4699 Calranae
604 4643 749 4700 crucifixit.
957 4646 1043 4700 nostri
1066 4643 1200 4713 expressit
1222 4641 1376 4713 imaginem,
1393 4642 1450 4697 sire
1463 4643 1535 4714 qrrod
1554 4644 1581 4699 in
1600 4644 1748 4699 sectatione

156 4733 300 4804 hasnoni
313 4734 508 4804 interpretatur
521 4735 547 4789 in
560 4735 731 4805 fortitudine,
745 4736 844 4812 sivein
855 4753 907 4808 prta
957 4732 1110 4788 iudaeorum
1136 4730 1261 4800 injustam
1287 4732 1501 4802 persecutionem
1523 4734 1669 4799 sustinuit,
1692 4733 1749 4789 sire

129 4824 208 4889 roirr,
220 4822 357 4878 Christum
372 4838 467 4878 rerum
481 4822 609 4879 Ecclesia
621 4841 749 4895 sponsum
761 4825 906 4895 expressit.
958 4824 1030 4895 quud
1052 4840 1132 4879 manu
1158 4821 1236 4878 sortis
1253 4821 1351 4878 sortem
1367 4822 1433 4878 ricit
1446 4823 1582 4880 diabolum
1595 4832 1677 4894 atque
1689 4821 1749 4877 attt-

155 4913 222 4968 lloth
239 4915 434 4985 iuterpretatur
444 4915 581 4984 lecticam.
597 4915 752 4986 Alienigena
765 4917 838 4972 cuim
848 4925 907 4973 erat
959 4915 1044 4987 gavit,
1061 4912 1172 4984 ejusque
1185 4913 1269 4985 spolia
1283 4913 1310 4969 in
1326 4922 1382 4969 toto
1394 4914 1459 4969 orbe
1470 4915 1615 4970 distribuit.

128 5018 154 5059 cx
170 5002 259 5074 gentili
280 5004 396 5074 populo;
413 5021 495 5074 guae,
518 5004 610 5060 relicta
636 5005 742 5076 patria,
770 5005 907 5061 festinarit
993 5003 1100 5063 Goliath
1112 5006 1234 5082 designat
1247 5005 1398 5072 diabolum;
1409 5005 1487 5076 cujus
1499 5005 1655 5076 superbiam
1666 5002 1746 5059 Chri·

127 5096 250 5150 transilire
264 5098 291 5150 iu
308 5104 410 5151 terram
423 5095 522 5162 lsrael,
534 5097 626 5152 dicens
637 5091 797 5151 socrui'suac
811 5112 819 5150 ι
834 5094 906 5164 Qua·
957 5098 992 5153 sti
1005 5100 1152 5168 prostravit
1167 5096 1315 5152 humilitas.

127 5187 371 5257 ermenmarus
384 5183 593 5256 perpomlliatb.
610 5183 641 5256 ι).
654 5182 717 5239 llaec
732 5184 904 5257 alienigena,
992 5185 1585 5258 lonathaniuterpretaturroiurtioedcaunt.
1606 5185 1747 5258 Significat

127 5287 177 5342 mc
194 5274 417 5331 lsraelrtrconro
430 5273 534 5345 nupsit
550 5272 698 5329 Ecclesium
719 5275 753 5329 ad
766 5273 904 5331 Christum
957 5294 1024 5342 eos,
1046 5277 1280 5350 quipcrgratiam
1295 5277 1411 5348 Spiritus
1432 5275 1685 5332 sanctireraelidei
1695 5276 1746 5331 dc-

125 5364 264 5420 reuieutcm
278 5363 410 5420 ostendit.
532 5347 562 5376 ¹¹⁶⁸
956 5383 1022 5424 num
1041 5374 1068 5421 et
1085 5364 1255 5423 devotionem
1267 5380 1331 5437 erga
1350 5364 1432 5420 liarid
1447 5373 1570 5419 nostrum
1582 5363 1744 5434 percipiunt.

151 5457 224 5512 tuna
247 5456 337 5528 gratia
357 5455 417 5527 ejas
442 5455 647 5526 iuterpretatur.
674 5454 738 5524 Qua
752 5453 815 5512 dum
830 5458 906 5527 prius
992 5455 1073 5513 Urius
1093 5455 1284 5527 iuterpretatur
1308 5454 1354 5507 lua
1380 5470 1436 5508 inea
1460 5453 1511 5507 bet
1531 5462 1579 5509 eat.
1607 5453 1746 5525 Significat

126 5557 185 5603 essct
194 5548 297 5606 sterilis
309 5555 426 5614 natura,
441 5555 578 5617 postremo
594 5548 641 5604 liei
659 5548 745 5621 gratia
763 5547 905 5605 imunduta
957 5546 1112 5612 diabolum,
1136 5546 1181 5617 qui
1204 5561 1233 5601 sc
1257 5560 1306 5614 per
1324 5543 1460 5600 fictionem
1488 5544 1516 5600 in
1533 5545 1657 5618 angelum
1678 5545 1745 5603 lueis

125 5643 165 5692 nt
185 5636 246 5695 liae
267 5653 331 5710 quse
345 5632 534 5702 interieritis,
557 5644 584 5692 ot
599 5637 769 5708 postmodum
791 5636 903 5694 secunda
959 5634 1106 5691 transtulit.
1121 5634 1202 5705 Cujus
1214 5632 1339 5703 conjugio
1352 5634 1428 5703 prius
1441 5643 1501 5691 crat
1511 5636 1633 5704 copulata
1651 5635 1730 5690 lette
