4042 6200
293 293 362 349 teta
610 290 641 349 tt.
664 292 788 350 lidDle
808 292 916 349 bttdut
935 286 1093 347 bttctttet‘.
1115 289 1267 347 necubi.
1289 288 1430 347 desudat
1449 288 1538 347 PARS
1555 286 1596 343 lll.
1856 284 1920 339 tatu

287 406 394 460 ‹irrietrta
406 443 415 469 ,
429 420 490 476 qtae
510 419 582 460 nune
602 420 651 475 per
672 405 814 459 haereticos
836 413 863 458 et
884 402 966 459 laisos
989 403 1077 475 agitur
1090 406 1116 465 A
1129 402 1245 459 Domini.
1263 401 1302 457 Dc.
1323 416 1378 473 quo
1390 403 1423 457 ad
1437 402 1519 457 corda
1537 400 1679 456 bominum
1701 400 1775 455 sieut
1797 402 1922 455 umentes

287 496 455 551 Christianos
473 514 480 548 t
499 495 643 551 novissima
657 507 795 567 superest,
807 513 867 567 qaam
879 512 927 568 per
938 496 1077 551 Antichri·
1127 493 1243 566 agtus,
1257 494 1298 550 sic
1312 502 1446 549 terrentes
1459 492 1600 549 sententiaa
1614 490 1738 547 reatum
1757 490 1835 549 Dede
1849 499 1923 548 recle

213 610 219 618 ’
287 597 358 642 sturn
372 587 526 658 predicitur
537 596 729 651 esserontnra,
744 601 797 656 qna
809 586 876 642 nibil
887 586 1075 656 periculosius,
1126 596 1234 655 quoipue
1254 598 1304 655 per
1326 581 1498 638 Psalmistant
1525 580 1653 636 dicitur:
1679 597 1689 634 s
1717 580 1821 635 ercam
1842 595 1922 636 uam
1996 612 1997 615 =

287 680 414 748 qtrorriam
434 677 486 733 erit
500 674 617 733 uiolenta
635 678 715 733 nimis
730 694 762 735 cx
782 687 913 748 potestate
932 678 1006 749 regui
1022 678 1076 733 siu·
1127 673 1240 729 tetendit
1253 683 1281 730 et
1293 672 1398 744 parauit
1411 672 1496 737 iiluna,
1509 671 1922 741 etinipsoparauitrasamcs-
1996 738 1997 747 ἵ

288 768 400 838 gadaris,
413 775 440 821 et
451 766 603 837 deceptiosa
618 765 771 833 mirocrrlisr
785 776 816 821 nt
826 767 896 822 sieut
906 765 1037 822 Dominus
1049 767 1076 821 in
1127 761 1362 833 tis,sagittassnas
1371 756 1716 829 ardeanibnsedeeitil'sol.
1728 760 1792 830 ur).
1804 758 1921 815 adram

288 856 433 926 Evangelio
449 856 513 911 dicit
531 875 537 909 :
554 855 671 913 Seducat
687 858 780 919 etiarn,
796 857 892 913 sideri
907 866 1006 935 potest,
1022 858 1077 913 ele·
1127 868 1243 924 uariaque
1257 868 1336 909 suurn
1354 851 1483 907 Dominus
1498 852 1620 914 utensis,
1634 853 1682 921 itui
1700 851 1813 906 eunctis
1827 866 1921 922 pecca-

287 957 355 1003 ctos.
370 946 486 1003 Proinde
500 948 535 1002 ad
544 948 598 1002 uim
612 949 738 1017 pertinet,
747 949 818 1018 quod
832 948 950 1018 positum
965 957 1007 1007 cst
1021 944 1075 1014 leo,
1126 942 1230 998 teribus
1243 956 1294 1011 per
1312 940 1481 1012 Scriptorum
1493 949 1623 997 sanctorm
1639 939 1921 996 miriascxbttmitta
1996 956 1997 963 ¹

287 1040 321 1094 ud
337 1038 411 1095 dolos
425 1039 495 1108 urtod
507 1038 556 1103 ait,
570 1038 596 1092 in
611 1038 754 1093 cubilisco
767 1038 826 1093 :sie
842 1047 961 1108 utraeque
974 1039 1075 1109 iniqui·
1126 1050 1180 1106 quo
1191 1051 1255 1092 areu
1274 1036 1381 1092 scilicet
1399 1050 1462 1090 rasa
1474 1036 1570 1090 mortis
1590 1034 1755 1105 praepararit
1775 1053 1783 1088 :
1800 1036 1865 1104 quia
1879 1050 1920 1091 se·

288 1137 357 1182 tates
377 1126 434 1194 ejus
453 1127 566 1197 singulis
588 1128 759 1183 sermonibus
781 1127 950 1182 intimantur.
969 1126 1076 1198 liapere
1125 1126 1242 1182 condunt
1255 1126 1356 1197 eloquii
1369 1127 1410 1183 sui
1425 1127 1587 1182 senteutiam
1602 1140 1650 1181 eos
1664 1125 1713 1195 qui
1727 1142 1805 1181 nune
1821 1127 1919 1197 corrui

287 1233 351 1272 uero
363 1231 518 1287 pauperem,
532 1216 667 1288 signideat
678 1218 796 1273 subitum
806 1218 954 1288 periculum
967 1220 1074 1281 animae,
1125 1215 1277 1289 negligunt,
1292 1217 1421 1287 reprobos
1436 1217 1556 1272 (lamnae
1571 1216 1600 1271 iu
1620 1232 1675 1286 quo
1696 1219 1783 1273 etiam
1809 1219 1920 1291 sagittas

287 1310 320 1365 ad
330 1309 400 1379 qttod
409 1307 454 1363 ille
466 1308 675 1369 nefandissimus
687 1309 1073 1366 traberenititurinnocentes
1125 1321 1189 1361 suas
1202 1307 1330 1362 ardentes
1343 1305 1448 1371 effecit,
1462 1307 1526 1376 utile
1536 1307 1569 1365 ad
1582 1321 1630 1363 eos
1644 1323 1712 1377 ques
1723 1324 1776 1378 per
1788 1317 1919 1365 mrum

286 1398 643 1465 Drrrnnttrabiteum,idest,
655 1399 800 1456 dumillurn
813 1400 949 1458 averitatc
963 1400 1075 1457 culturae
1124 1397 1252 1469 corrigit,
1268 1412 1398 1453 accensas
1412 1399 1555 1453 verborum
1570 1399 1719 1455 sententias
1732 1401 1849 1455 emittit.
1865 1422 1873 1451 ι
1890 1402 1920 1456 D

286 1494 319 1547 orl
334 1493 450 1547 rtatntiuis
475 1492 518 1547 sui
537 1492 738 1548 venerationem
755 1494 866 1548 molitur
887 1494 1030 1549 adducere.
1045 1492 1075 1548 lu
1124 1487 1223 1557 posuit,
1231 1486 1327 1557 inquil,
1337 1502 1380 1543 ¹¹¹0
1390 1488 1462 1543 ⁸50¹st
1475 1489 1582 1559 signum
1593 1490 1627 1544 ud
1636 1491 1776 1562 nullum·
1788 1510 1800 1544 t
1811 1490 1920 1547 sembi

287 1583 383 1655 laqueo
398 1598 448 1639 sno
465 1583 618 1639 humiliarit
639 1598 711 1639 eum.
726 1584 851 1654 Laqueus
866 1586 1002 1657 signifieat
1024 1586 1073 1642 do·
1125 1581 1265 1646 nimbum,
1277 1582 1348 1650 ettad
1359 1582 1460 1639 ideireo
1472 1582 1577 1653 siguum
1588 1583 1709 1654 ponitur,
1717 1592 1751 1638 nt
1758 1585 1918 1655 sagittam

286 1674 353 1741 lrrm,
368 1691 422 1746 qrro
438 1674 598 1745 simplicium
614 1675 697 1730 corda
710 1676 864 1744 capiuntur,
878 1685 906 1731 et
920 1674 992 1731 velut
1003 1675 1074 1732 notlo
1124 1671 1269 1728 emissione
1279 1671 1401 1728 leriatnr.
1414 1672 1514 1729 Fidelis
1532 1673 1623 1745 itaque
1641 1674 1758 1745 populus
1771 1676 1799 1730 in
1813 1677 1918 1746 signata

285 1763 471 1834 perversitatis
500 1762 711 1836 lacrymabiliter
740 1765 896 1839 alligantur.
919 1753 1198 1823 lluntlliabitssbosti
1217 1764 1438 1835 suoestpositns
1458 1765 1505 1834 qui
1524 1778 1585 1820 utut
1604 1766 1661 1821 suis
1680 1767 1782 1823 ictibus
1805 1767 1917 1838 impetit,
1996 1770 1997 1775 ’

286 1868 375 1913 atatem
396 1858 578 1914 benedictum
591 1868 632 1914 est
647 1876 653 1913 :
669 1859 795 1929 qrroaiam
810 1859 843 1917 de
860 1874 925 1916 uera
946 1859 1075 1932 religione
1124 1866 1187 1908 cum
1200 1854 1258 1909 suls
1279 1855 1514 1925 persecutionibus
1524 1854 1627 1927 aflltgit
1649 1856 1701 1925 Dei
1717 1859 1794 1913 enim
1818 1860 1847 1913 ia
1870 1861 1917 1915 bar

285 1949 343 2004 siue
355 1947 436 2003 dnbio
447 1948 557 2011 cudunt,
572 1949 616 2017 qni
631 1950 666 2004 ad
679 1949 772 2005 insana
788 1949 913 2022 dogmata
924 1950 1075 2022 perducun-
1125 1945 1180 2001 rita
1192 1947 1301 2005 assidue
1312 1947 1381 2002 mala
1393 1947 1507 2011 tolerat,
1518 1948 1590 2003 reiut
1603 1950 1630 2004 iu
1641 1950 1720 2021 signo
1732 1952 1919 2021 positusictus

286 2050 338 2097 tur.
359 2040 408 2097 ilie
427 2040 484 2111 jam
506 2040 539 2095 de
561 2040 749 2115 ipsotpranuo
764 2041 881 2108 dicitur,
903 2043 951 2112 qui
974 2042 1001 2098 iu
1026 2041 1074 2099 Dei
1124 2037 1238 2108 suscipit
1251 2035 1383 2093 ferientis.
1400 2038 1516 2095 Unaleot
1532 2040 1692 2109 praedicatur
1705 2042 1839 2113 egregius
1859 2056 1916 2096 curu

254 2120 258 2123 ⁷
284 2150 377 2191 seruos
391 2137 521 2206 permissa
534 2144 667 2207 potestate
682 2138 859 2215 grassabitur.
882 2122 1072 2205 inclinabitse,
1122 2129 1340 2199 Dsslfflfflllffllum
1356 2129 1426 2184 Μ
1450 2130 1598 2193 “lemma
1622 2139 1704 2202 ”lille
1718 2136 1774 2187 ⁸¹¹¹)
1788 2148 1915 2203 Dffi‘ffl·
1996 2148 1997 2179 ³

182 2278 186 2283 .
284 2226 377 2292 idest,
394 2242 455 2282 curm
472 2227 956 2299 animumsuurunimiaperditorum
977 2230 1072 2298 aeoni-
1124 2217 1196 2274 ¹5⁰¹&
1208 2218 1569 2290 ‘dleffilt'fflfflffldssfflsslsslt
1584 2224 1916 2296 lessefflffldlfflwlwlfl

283 2316 383 2371 sitione
395 2316 538 2380 remiserit,
554 2325 582 2373 et
592 2318 669 2387 epitasi
683 2318 815 2375 malorum
827 2319 905 2388 eopia
918 2318 1074 2390 crapulatus
1122 2318 1241 2366 mentem
1254 2312 1287 2366 de
1298 2310 1355 2367 suis
1368 2309 1556 2369 afflictionibus
1570 2314 1728 2371 consolatus
1742 2318 1783 2372 ait
1810 2337 1818 2371 :
1843 2338 1852 2368 ι
1868 2318 1914 2389 ips·

284 2405 311 2461 in
325 2405 527 2476 aliquandotium
541 2414 604 2477 post
621 2414 776 2462 sanctorum
789 2421 885 2477 penas
902 2406 1073 2463 adiietienes-
1122 2402 1194 2457 ettitn
1215 2402 1366 2473 tcitlsdula
1389 2403 1416 2459 in
1435 2403 1487 2459 laet:
1508 2405 1588 2475 positi
1612 2421 1716 2461 sumus.
1738 2408 1807 2464 »Ae
1828 2409 1856 2464 si
1879 2410 1915 2463 eis

283 2513 337 2568 que
361 2497 524 2569 pervenerit.
551 2497 627 2552 Tunc
649 2512 714 2570 ergo
736 2480 770 2553 de
791 2513 840 2555 sua
864 2498 1073 2573 praesumptione
1123 2500 1217 2562 aperte
1229 2491 1303 2551 dicat
1319 2511 1327 2550 τ
1345 2512 1355 2545 r
1374 2493 1443 2563 Quid
1457 2497 1484 2551 in
1498 2496 1550 2555 boe
1560 2504 1681 2569 ternpore
1695 2497 1811 2555 vulnera
1828 2511 1912 2556 uestra

282 2590 463 2663 neqrrissimus
478 2588 574 2654 cadet,
588 2590 696 2659 qrtandu
711 2588 747 2644 illi
761 2604 821 2646 euru
841 2589 898 2645 auis
908 2589 1072 2659 sequacibus
1122 2582 1276 2638 utiramiuil
1289 2582 1340 2651 bot
1365 2585 1387 2640 si
1405 2594 1504 2641 aeterna
1518 2587 1614 2658 gaudia
1634 2589 1801 2658 minumus,
1818 2590 1871 2644 last
1883 2592 1912 2643 ai

282 2680 467 2750 supervenerit
491 2679 647 2750 repentinus
673 2678 800 2734 interitus
828 2693 836 2733 t
865 2678 945 2735 duem
974 2679 1072 2750 quiippe
1123 2671 1313 2729 lroeuentmus
1327 2683 1358 2729 ut
1372 2674 1501 2730 feriantur
1515 2675 1541 2748 (1
1557 2676 1647 2732 ideas.
1661 2677 1746 2747 stul.»

282 2768 371 2824 saeculi
387 2769 489 2845 nescit,
512 2770 639 2839 quoniam
655 2783 717 2824 etrru
733 2766 861 2824 Dominus
882 2767 909 2823 in
933 2783 981 2823 sua
996 2776 1072 2837 pote·
1157 2765 1208 2839 ile.
1223 2787 1234 2818 a
1253 2766 1325 2823 tttstt
1339 2769 1365 2823 in
1378 2770 1488 2827 renibus
1501 2771 1569 2827 meis
1580 2770 1649 2839 illas
1662 2772 1801 2842 pharetrae
1814 2788 1879 2829 suar.
1900 2792 1910 2822 2

281 2859 512 2915 stateeonstituit.
524 2874 536 2889 ·
1123 2861 1257 2933 (uteros.)
1282 2858 1365 2918 Filias
1391 2862 1524 2934 pharetrae
1545 2865 1657 2935 sagittas
1670 2864 1748 2921 dicit.
1764 2864 1840 2921 llisit
1851 2882 1912 2936 erpa
1996 2910 1997 2915 .

318 2955 421 3012 Dnletlt.
449 2976 458 3009 ι
485 2955 611 3015 Teteudit
634 2970 729 3015 areum
747 2969 843 3027 suurn,
866 2964 895 3012 et
915 2956 1006 3027 posuit
1027 2971 1071 3011 ute
1122 2956 1149 3009 iu
1168 2955 1276 3009 renibus
1294 2952 1363 3008 [ilias
1376 2953 1526 3024 pharetue,
1553 2969 1615 3011 cnut
1635 2956 1758 3010 earnalia
1779 2958 1913 3014 scudem

284 3048 388 3119 ‹qarasi
412 3046 517 3119 signum
542 3044 577 3102 ad
605 3046 740 3118 sagittam.
770 3065 780 3100 t
804 3042 906 3119 (drag.)
932 3045 988 3103 lios
1011 3055 1069 3109 est.
1122 3048 1149 3104 in
1166 3044 1408 3117 bominibusinxta
1423 3049 1532 3104 munt
1548 3049 1758 3119 dispensationis
1774 3066 1911 3107 sumena

281 3137 444 3194 sententiam
466 3138 561 3207 judieii
577 3140 617 3196 sui
640 3118 666 3195 in
680 3154 725 3197 me
740 3137 854 3205 detexit,
872 3148 900 3195 et
914 3149 991 3195 certe
1015 3140 1069 3196 icto
1083 3106 1106 3168 C
1120 3154 1187 3210 grua
1201 3136 1381 3210 castigatione
1393 3138 1533 3210 corripuit.
1554 3138 1592 3194 De
1605 3139 1657 3194 bac
1666 3139 1768 3211 quippe
1786 3140 1912 3210 pharetra

281 3228 467 3299 castigationis
480 3229 619 3299 corripuit.
631 3229 718 3284 Areus
730 3237 820 3284 autent
833 3229 942 3285 nomine
952 3229 979 3284 in
992 3244 1070 3286 sacro
1122 3230 1211 3290 inlab
1230 3233 1266 3286 lta
1287 3231 1418 3302 scriptum
1440 3239 1533 3287 estat
1556 3232 1714 3287 Pbaretrarn
1736 3234 1813 3288 eoiru
1838 3248 1912 3289 susm

280 3316 388 3387 cloquio
404 3317 512 3388 aliquan
524 3320 549 3375 lo
566 3318 697 3375 malorum
715 3317 834 3382 insidiae,
853 3317 1070 3390 aliqttaudodies
1120 3320 1235 3390 aperuit,
1255 3329 1284 3375 et
1304 3319 1400 3376 adlisit
1415 3333 1459 3375 ute
1473 3319 1535 3392 (del
1562 3321 1614 3393 arr).
1634 3341 1643 3374 r
1663 3321 1799 3392 Qnidper
1813 3325 1899 3393 pirate
1996 3319 1997 3328 ’

278 3398 375 3471 judicii
389 3445 397 3470 ,
424 3405 569 3476 aliqnando
595 3421 659 3462 uero
683 3407 740 3478 ipsa
764 3408 857 3463 eadem
868 3423 948 3464 sacra
962 3408 1069 3481 abquia
1121 3424 1189 3470 tram
1204 3413 1263 3481 Dei,
1277 3412 1329 3470 nisi
1340 3412 1475 3470 oecultum
1486 3413 1628 3472 masiliam
1642 3413 1810 3486 designentur.
1827 3415 1913 3488 Sagit-

282 3494 469 3566 dcsiguantus.
495 3495 547 3552 Per
569 3511 661 3551 arcura
685 3512 751 3552 uero
773 3497 877 3554 insidiae
899 3497 1067 3571 ligurantur,
1107 3509 1175 3560 tana
1199 3521 1263 3563 teto
1280 3507 1314 3562 de
1334 3507 1463 3576 pltaretra
1486 3507 1617 3563 Dominus
1632 3506 1727 3575 ejicit,
1741 3510 1858 3578 quando
1882 3513 1912 3562 ee

281 3587 352 3641 sieut
376 3585 519 3643 Psalmista
542 3588 608 3644 dicit
627 3606 634 3644 ε
659 3606 670 3641 r
696 3589 986 3656 lntenderuntarcum,
1012 3607 1069 3648 rem
1119 3597 1331 3667 oecultojudieii
1344 3599 1459 3655 consiliu
1480 3609 1601 3668 apertam
1611 3601 1780 3657 senteutiam
1801 3604 1910 3658 eutittit.

281 3691 401 3732 araturam
426 3677 517 3749 (Ptol.
535 3678 629 3753 uarat).
655 3679 708 3737 Per
731 3695 823 3737 areum
845 3696 953 3752 ortoque
974 3682 1068 3754 judieii
1119 3684 1195 3752 Qrtsd
1207 3688 1280 3743 enim
1294 3686 1445 3760 flagellatur
1460 3689 1584 3760 quisque,
1598 3690 1799 3758 cognoscimus,
1814 3695 1868 3746 sed
1880 3707 1912 3745 eu

282 3763 340 3820 dics
353 3765 520 3838 designatur,
542 3767 612 3823 sicut
631 3782 680 3839 per
691 3769 814 3825 eamdent
829 3786 937 3828 numum
955 3770 1069 3832 Psalmi·
1118 3790 1172 3846 gua
1194 3792 1277 3833 eausa
1299 3777 1434 3851 flagellum
1454 3780 1545 3834 veniat
1566 3780 1739 3851 ignoramus?
1753 3779 1825 3836 Cum
1848 3796 1912 3836 reru

282 3865 352 3911 stam
373 3857 472 3913 dieitur
487 3876 493 3912 ι
512 3877 522 3910 r
539 3857 684 3916 ostendisti
697 3861 796 3932 populo
805 3855 859 3920 ‘tuo
873 3863 957 3930 littra,
969 3866 1067 3946 potasti
1119 3877 1181 3939 post
1192 3867 1295 3942 flagella
1306 3870 1369 3926 uitae
1385 3872 1518 3926 eorrectio
1528 3872 1660 3941 seqnitur,
1674 3871 1757 3925 ahur
1773 3871 1834 3942 ipsa
1847 3886 1912 3927 cerr-

280 3962 330 4001 nos
341 3947 402 4002 utrm
416 3949 639 4020 compunctionis.
659 3950 760 4006 Dedisti
784 3952 966 4009 metuentibus
982 3964 1008 4009 te
1033 3957 1070 4011 si·
1119 3958 1172 4013 silii
1186 3957 1273 4016 virtus
1287 3959 1416 4029 aperitur.
1428 3960 1558 4016 Phamtra
1571 3960 1654 4032 igitur
1663 3958 1754 4016 clausa
1766 3968 1811 4015 est
1821 3960 1913 4018 mad·

280 4038 490 4109 guilieatiouern‚
503 4049 532 4096 ut
542 4041 673 4114 lugiunta
690 4043 759 4101 lacie
775 4061 855 4101 arcus
866 4043 952 4119 (Psoi.
968 4050 1036 4118 trs).
1056 4068 1066 4101 a
1119 4047 1390 4113 ttumooeuttomsed
1400 4059 1493 4119 aperta
1502 4049 1628 4119 pharetra
1636 4048 1791 4121 affligimur,
1801 4054 1911 4122 quanm
1996 4065 1997 4074 ¹

281 4123 308 4184 ln
323 4147 386 4185 arcu
401 4132 588 4202 enimqunnto
604 4135 709 4208 longina
725 4138 843 4192 trahitur
858 4139 977 4206 chorda,
993 4149 1069 4195 tanto
1118 4155 1167 4211 per
1187 4141 1214 4197 id
1228 4140 1299 4212 quod
1320 4151 1382 4211 post
1401 4139 1537 4212 flagellum
1564 4142 1694 4213 sequitur,
1718 4155 1775 4213 quo
1797 4145 1910 4201 winih

279 4218 312 4277 de
323 4237 354 4278 eo
365 4222 512 4279 districtior
523 4224 579 4280 etit
591 4226 699 4296 sagitta.
712 4226 759 4283 Sic
769 4229 897 4285 nimirum
907 4230 1068 4288 sicestrcmi
1118 4233 1286 4306 flagellamur
1300 4235 1440 4298 ridentes,
1460 4235 1523 4290 cum
1540 4243 1651 4305 peecata
1675 4235 1808 4291 Dominus
1822 4237 1909 4302 sidet,

276 4309 371 4380 judieii
385 4313 458 4380 dies,
480 4324 582 4385 guatino
597 4315 676 4388 louge
693 4316 816 4375 differtur
830 4328 861 4376 ut
874 4321 979 4388 teniat,
994 4329 1069 4376 tanto
1118 4334 1147 4380 et
1158 4333 1246 4380 umen
1256 4339 1367 4380 manum
1377 4325 1410 4380 ad
1420 4325 1567 4381 uindictam
1578 4341 1632 4381 non
1642 4335 1797 4382 murmuret
1811 4329 1909 4397 :quasi

280 4419 341 4460 eitra
357 4404 461 4459 venerit
484 4407 517 4461 dc
543 4406 588 4461 illo
611 4407 759 4466 districtior
777 4411 915 4470 sententia,
932 4415 1065 4484 precedit.
1080 4414 1236 4509 Dclausurn
1247 4416 1404 4486 pharetram
1420 4423 1504 4481 tenet,
1517 4416 1564 4470 sed
1577 4414 1698 4471 ferienda
1709 4414 1909 4485 indicatus:-

279 4489 382 4545 ideirco
395 4503 485 4547 antem
501 4510 571 4550 nune
585 4494 701 4554 dirersis
714 4495 834 4554 cladibus
847 4502 1023 4571 perctuimnr,
1037 4489 1067 4557 n't
1118 4516 1175 4562 turn
1195 4507 1222 4563 ei
1246 4506 1374 4562 innubis
1401 4506 1537 4578 displicuit
1558 4508 1609 4563 bue
1627 4507 1765 4577 gnuddiu
1792 4510 1908 4566 rbhatdn

282 4581 324 4634 bis
336 4585 448 4640 correcti
461 4585 610 4653 paratiores
626 4596 689 4643 utne
700 4587 814 4644 irtreuiri
828 4590 975 4646 caleamus.
989 4590 1067 4649 Unde
1117 4595 1251 4651 tolerarit.
1266 4594 1402 4667 (ilierou.)
1413 4595 1487 4650 Alias
1501 4610 1617 4666 numque
1631 4598 1665 4652 de
1679 4598 1780 4670 sagitta
1796 4607 1825 4654 et
1838 4601 1907 4669 pba-

281 4669 335 4724 illie
347 4674 512 4739 praemissum
527 4685 588 4732 est:
606 4693 615 4727 r
630 4676 776 4734 Ostendisti
788 4680 888 4750 populo
901 4689 946 4737 tuo
959 4683 1036 4748 dura,
1051 4702 1061 4735 a
1117 4695 1189 4742 retra
1204 4687 1229 4742 iu
1244 4685 1313 4741 isaia
1327 4686 1431 4757 legitur,
1445 4687 1492 4742 ubi
1505 4688 1541 4742 ita
1554 4686 1685 4758 scripturn
1695 4698 1739 4744 est
1753 4707 1761 4743 ε
1786 4707 1797 4740 a
1812 4688 1906 4745 Posuit

280 4760 384 4834 flagella
398 4762 522 4818 uidelicet
534 4766 641 4832 meoli,
660 4782 720 4837 quae
733 4778 889 4825 secuturum
904 4772 1066 4841 grauiusjn·
1117 4793 1160 4834 me
1176 4778 1246 4833 sicut
1259 4780 1385 4850 sagittant
1401 4778 1534 4846 electam,
1549 4781 1618 4835 etin
1638 4777 1766 4850 pharetra
1782 4797 1831 4836 aua
1845 4784 1907 4838 abs

281 4851 343 4905 dicii
357 4851 427 4906 diem
443 4863 621 4922 praecurrunt.
641 4873 650 4907 r
669 4855 771 4913 Potasti
790 4874 841 4916 uos
859 4860 1066 4933 rinocoropun·
1116 4869 1275 4935 conditurae,
1300 4887 1309 4920 a
1324 4868 1684 4943 ete.(iau.1uu).0uaudo
1701 4871 1767 4928 dicit
1780 4874 1905 4945 sagittam

279 4940 388 5006 edonis,
401 4960 411 4993 a
426 4951 456 4996 ut
468 4950 574 4998 terrena
588 4945 685 5015 gaudia
698 4946 725 5001 in
737 4946 870 5020 lacrymas
883 4958 1065 5007 uertaoentur.
1116 4961 1240 5026 mecum
1251 4961 1369 5017 cambit
1380 4962 1480 5019 babone
1493 4964 1575 5019 mum
1590 4962 1703 5035 sagittas
1718 4963 1867 5035 plurim,
1879 4975 1906 5020 ct

283 5052 293 5085 a
308 5033 409 5090 Dedisti
421 5036 602 5092 metuentibus
612 5037 884 5109 tesiguidcatiouem,
892 5048 925 5106 ut
934 5041 1066 5114 lugiunta
1117 5067 1172 5108 nan
1184 5052 1294 5109 electas.
1309 5051 1375 5119 Quia
1385 5053 1635 5125 sagitaupropbetae
1649 5063 1729 5117 suut,
1738 5063 1767 5109 et
1777 5056 1903 5125 apostoli,

280 5123 348 5179 iacie
359 5139 448 5179 arens.
459 5144 469 5177 r
479 5124 518 5181 Ae
528 5125 551 5180 si
563 5126 680 5182 diecret:
690 5125 747 5184 lloe
759 5137 864 5199 tempus
873 5131 1067 5187 misericordiae
1117 5143 1163 5214 qui
1177 5142 1203 5198 tn
1215 5150 1272 5198 tato
1282 5142 1349 5200 orbe
1361 5143 1570 5208 discurrebam
1585 5143 1682 5213 ptribm
1692 5152 1721 5199 et
1733 5146 1762 5199 in
1775 5145 1832 5201 alio
1843 5145 1904 5201 loco

278 5223 330 5280 est,
353 5216 418 5272 iliud
434 5225 539 5288 mmpus
557 5216 651 5286 judieii
675 5219 738 5275 erit.
762 5220 813 5276 Per
830 5221 882 5276 ista
904 5236 968 5293 ergo
987 5220 1068 5290 bajus
1117 5230 1224 5285 canitur
1238 5245 1246 5284 t
1267 5228 1399 5302 «Sagittae
1415 5241 1466 5286 tuae
1482 5239 1571 5285 aeutae
1587 5232 1792 5300 mestissime,
1812 5237 1902 5304 populi

280 5303 408 5377 temporis
423 5305 526 5378 llagella
540 5309 685 5378 significas,
697 5311 832 5381 quomedo
844 5320 909 5366 turre
922 5325 1065 5383 percussu·
1116 5319 1168 5375 solt
1183 5327 1209 5375 te
1218 5319 1326 5376 cadent.
1341 5338 1350 5373 t
1366 5320 1521 5376 Etiteruru:
1536 5338 1547 5370 ι
1560 5321 1671 5391 Sagitta
1680 5323 1799 5392 pomus
1805 5333 1900 5383 aare,

281 5411 327 5450 rus
344 5396 616 5472 [persecuturus1es,
631 5403 739 5470 quatrdo
754 5417 806 5457 nau
819 5401 1064 5474 parcensjudieas,
1116 5423 1178 5462 cum
1193 5407 1357 5463 carbonibus
1368 5408 1535 5467 desolatoriis
1547 5403 1633 5480 (Psoi.
1651 5411 1736 5480 tur).
1754 5412 1902 5468 »memus

278 5486 325 5553 (μή
344 5488 382 5542 sic
401 5488 523 5544 districte
542 5493 622 5546 modo
638 5492 756 5560 pereatis
771 5494 878 5564 quaudo
894 5493 993 5564 parcis.
1006 5494 1065 5551 dli·
1116 5499 1251 5553 autemde
1264 5497 1356 5554 multis
1366 5499 1479 5570 sagittis,
1491 5508 1520 5554 et
1532 5500 1595 5556 dliis
1605 5500 1728 5572 plurima
1741 5517 1794 5557 aaa
1805 5503 1900 5574 sagitu

280 5574 387 5636 aptando
401 5576 472 5630 euim
490 5592 539 5647 per
551 5592 643 5633 arctim
656 5581 737 5636 etiam
749 5597 826 5638 sacru
841 5582 980 5655 Scriptura
994 5588 1065 5645 desi·
1116 5590 1213 5655 electa,
1223 5599 1251 5646 et
1266 5590 1337 5646 silius
1349 5591 1501 5661 unigenitus
1513 5602 1567 5658 ost,
1579 5607 1660 5662 quam
1674 5594 1701 5648 iu
1713 5594 1840 5665 pbarcua
1851 5609 1898 5647 sua

281 5667 388 5724 guntur.
406 5663 464 5736 ipsa
477 5681 583 5735 quamne
606 5684 684 5725 urens
698 5672 835 5740 Ecclesia,
851 5675 907 5745 ipsa
923 5693 1002 5738 arcus
1025 5689 1066 5735 est
1117 5680 1267 5746 abscondit,
1282 5679 1363 5736 idest
1381 5682 1409 5736 in
1423 5682 1541 5739 bttutauo
1560 5695 1683 5752 corpere,
1700 5697 1728 5740 ut
1751 5685 1851 5742 babtm
1871 5686 1899 5739 iu
